1963 3243
386 195 463 234 198
1066 193 1187 227 Plauti
1525 194 1584 229 IV.
1611 197 1643 238 6,
1666 197 1767 237 8-5,
1795 199 1833 232 11
1877 226 1881 231 .
1946 207 1952 211 “

382 318 489 359 Nam
523 332 630 359 uxor
660 324 921 369 contentast,
955 332 1067 371 quae
1098 319 1268 369 bonast,
1300 334 1385 361 uno
1417 321 1534 372 uir03

382 390 463 440 Qui
497 391 639 431 minus
672 392 740 431 uir
771 405 858 431 una
890 405 1020 430 uxore
1054 396 1285 432 contentus
1317 392 1429 433 siet?

382 462 568 504 Ecastor
599 461 744 513 faxim,
776 463 811 502 si
842 461 992 503 itidem
1024 462 1274 515 plectantur
1305 464 1401 515 uiri,

383 534 438 576 Ut
469 534 568 575 illae
599 535 845 586 exiguntur,
879 548 989 587 quae
1022 536 1064 575 in
1098 548 1142 576 se
1176 535 1349 588 culpam
1383 543 1644 589 conmerent‚

380 606 531 647 Plures
564 606 647 647 uiri
679 607 765 646 sint
797 605 919 647 uidui
952 620 1080 659 quam
1113 621 1227 648 nune
1258 605 1494 660 mulieres]
1768 623 1834 656 805

973 719 1249 773 Eutychus

382 791 585 833 Defessus
617 806 711 833 sum
743 791 895 833 urbem
927 797 1064 833 totam
1098 793 1387 846 peruenarieri

380 863 499 904 Nihil
531 864 749 916 inuestigo
781 864 1018 917 quidquam
1051 865 1103 906 de
1134 865 1210 906 illa
1240 866 1434 907 muliere.

382 936 466 977 Sed
498 941 636 977 mater
667 949 766 976 rure
797 936 949 987 rediit3
981 950 1079 977 nam
1111 937 1238 979 uideo
1272 937 1421 992 Syram

382 1008 568 1049 Adstare
600 1012 702 1048 ante
733 1008 868 1050 aedis.
931 1008 1051 1062 Syra.

1049 1122 1179 1176 Syra
1925 1005 1933 1214 Ξ

1093 1195 1198 1246 Quis
1230 1201 1311 1249 est,
1341 1198 1416 1251 qui
1449 1212 1514 1239 me
1545 1198 1708 1239 uocat?
1928 1215 1930 1219 ’

972 1309 1246 1363 Eutychus
1923 1221 1931 1416 l

383 1381 492 1422 Erus
524 1386 656 1435 atque
688 1381 887 1422 alumnus
920 1386 1020 1423 tuus
1054 1396 1160 1423 sum.

1048 1496 1177 1549 Syra

1196 1569 1336 1619 Same,
1369 1569 1542 1612 alumne
1571 1571 1640 1612 mi.
1766 1583 1832 1617 810

974 1682 1245 1736 Eutychus

380 1754 472 1795 Iam
504 1762 642 1796 mater
672 1770 772 1797 rure
804 1755 962 1797 rediit?
994 1755 1210 1809 responde
1244 1755 1358 1796 mihi.

1049 1880 1177 1935 Syra

382 1950 488 1993 Cum
520 1953 693 2006 quidem
729 1953 869 1994 salute
902 1953 1085 1994 familiai
1116 1968 1329 1995 maxuma.

381 2151 492 2200 Quid
526 2154 640 2191 istuc
671 2152 886 2202 negotist?

1046 2231 1175 2285 Syra

923 2303 1042 2344 Tuus
1074 2309 1200 2357 pater
1230 2303 1506 2345 bellissumus

380 2377 573 2417 Amicam
605 2375 791 2417 adduxit
822 2377 936 2418 intro
967 2377 1011 2417 in
1042 2376 1178 2418 aedis.

1919 1805 1923 1844 Ι

972 2078 1243 2132 Eutychus
1911 1845 1923 2372 ἰ

968 2502 1242 2556 Eutychus

1194 2572 1287 2623 Quo
1322 2573 1476 2616 modo?

468 2715 533 2747 &03
560 2713 724 2756 sequitur
749 2711 787 2746 Si
813 2710 894 2754 quis
920 2710 1013 2745 clam
1041 2723 1193 2745 uxorem
1220 2711 1367 2745 duxerit
1386 2714 1547 2744 scortum
1570 2722 1674 2745 suam
1765 2711 1830 2744 804

377 2770 441 2803 illa
535 2770 741 2813 insculpam
769 2768 1016 2803 conuenirent
1040 2767 1076 2802 B
1169 2770 1236 2803 805
1262 2773 1351 2802 sunt
1376 2767 1405 2802 0
1495 2769 1561 2801 807
1586 2768 1784 2811 inuestigio
1805 2764 1834 2802 G

467 2828 533 2861 810
559 2828 709 2861 Ι(ῑΙιιῐηυίῑ
737 2826 765 2861 C
856 2827 904 2861 mi
930 2838 995 2861 om.
1090 2827 1156 2859 812
1181 2837 1202 2859 a
1226 2824 1369 2860 familia
