1963 3243
324 192 402 231 172
1000 173 1142 222 Plauti'
1515 187 1580 230 m,
1607 188 1637 230 1,
1661 186 1774 221 6—-16
1839 191 1842 193 ·

875 314 1224 368 Pasicompsa

319 385 406 429 Cur
437 388 592 430 emeris
625 402 706 430 me.

870 505 1221 559 Lysimachus

727 577 844 618 Tene
875 577 983 629 ego?
1014 576 1085 628 Ut,
1118 577 1233 630 quod
1265 578 1502 631 inperetur,
1536 577 1683 620 facias.

318 649 428 691 Item
461 655 594 704 atque
626 654 684 700 ut,
715 655 764 691 tu
795 648 899 690 mihi
932 649 968 690 si
999 650 1184 702 inperes,
1217 663 1296 703 ego
1327 649 1498 692 faciam.

874 785 1227 840 Pasicompsa

1375 857 1538 900 Facere
1568 864 1780 903 certumst

322 930 405 972 Pro
438 932 564 985 copia
595 936 639 973 et
669 931 898 985 sapientia,
931 944 1043 983 quae
1074 935 1116 971 te
1150 929 1264 971 uelle
1295 929 1560 972 arbitrabor.

872 1067 905 1108 L
915 1081 941 1120 y
953 1081 972 1108 s
986 1067 1054 1107 im
1063 1079 1089 1107 a
1099 1079 1122 1106 c
1130 1065 1159 1107 h
1168 1080 1196 1107 u
1207 1080 1226 1107 s

318 1140 544 1183 Laboriosi
574 1140 683 1182 nihil
715 1140 794 1182 tibi
827 1139 1067 1194 quidquam
1099 1139 1242 1192 operis
1273 1138 1497 1192 inperabo.

871 1280 1229 1333 Pasicompsa

317 1353 517 1407 Namque
543 1353 699 1407 edepol
724 1353 938 1407 equidem,
972 1353 1029 1393 mi
1055 1366 1198 1402 senex,
1231 1365 1316 1392 non
1345 1352 1476 1393 didici
1500 1352 1697 1394 baiolare
1713 1364 1780 1397 500

319 1424 408 1466 Nec
439 1439 579 1479 pecua
610 1426 699 1467 ruri
730 1438 906 1479 pascere
938 1439 1020 1466 nec
1051 1439 1210 1478 pueros
1243 1424 1479 1472 nutricare.

870 1552 1228 1607 Lysimachus

320 1626 443 1667 Bona
474 1627 510 1668 si
542 1641 636 1669 esse
667 1628 748 1678 uis,
779 1626 890 1668 bene
923 1626 1006 1667 erit
1036 1625 1130 1667 tibi.

871 1756 1231 1809 Pasicompsa

1111 1827 1221 1869 Tum
1252 1827 1324 1882 pol
1357 1841 1434 1882 ego
1467 1827 1578 1882 perii
1609 1827 1780 1886 misera.

873 1956 1228 2012 Lysimachus

879 2133 1228 2186 Pasicompsa

474 2205 584 2255 Quia
614 2206 724 2247 illim
755 2205 870 2247 unde
901 2206 987 2247 huc
1018 2205 1208 2248 aduecta
1239 2219 1345 2256 sum,
1387 2205 1512 2247 malis
1544 2205 1654 2246 bene
1686 2217 1781 2246 esse

1410 2277 1643 2320 solitumst.

872 2397 1230 2451 Lysimachus

321 2466 454 2517 Quasi
487 2469 608 2511 dicas
639 2468 802 2511 nullam
836 2469 1059 2511 mulierem
1090 2470 1250 2512 bonam
1281 2482 1387 2511 esse.

411 2642 478 2675 496
504 2640 635 2675 Curem
661 2641 764 2685 prius
785 2639 830 2683 B,
858 2638 933 2673 Cur
958 2640 1095 2683 emptis
1111 2638 1140 2674 G
1229 2638 1397 2674 factasB
1489 2639 1557 2672 497
1569 2637 1665 2672 Item
1681 2635 1782 2682 quod

321 2703 361 2733 tu
455 2703 623 2733 certunst
649 2698 694 2741 A,
721 2701 862 2733 certust
888 2695 917 2731 C
994 2698 1061 2731 498
1086 2696 1301 2731 Laboriossi
1327 2697 1371 2737 A,
1397 2695 1601 2730 Laboriose
1626 2693 1695 2729 BG

416 2756 482 2789 5οΟ
507 2754 600 2789 Nam
628 2754 657 2789 0
760 2756 821 2789 501
851 2754 998 2798 peculia
1022 2753 1068 2795 B,
1094 2753 1226 2798 pocula
1253 2751 1283 2788 0
1383 2753 1450 2787 502
1475 2752 1552 2786 ueis
1578 2751 1611 2786 A
1715 2751 1782 2785 503

322 2812 408 2847 mali
435 2811 463 2847 Ο
501 2818 507 2823 '
554 2814 622 2847 504
644 2817 729 2856 post
752 2813 818 2847 506
841 2817 984 2856 ponunt
1007 2811 1075 2846 BC
1167 2810 1283 2846 deicis
1307 2809 1342 2844 Α

1856 460 1893 574 ⁸⁶5&-
1867 316 1882 388 ·»-
1873 270 1880 278 .

1858 610 1890 772 ‘astsst-y'
1868 584 1881 595 ς

1864 797 1888 844 τίκ
