1963 3243
134 243 184 280 ΙΙ,
211 244 242 283 2,
267 243 397 277 30—41
771 242 973 276 Pseudolus
1570 245 1621 285 53

772 367 809 408 H
821 382 846 409 a
856 382 876 409 r
888 382 913 421 p
925 382 984 409 ax

895 439 1088 493 Egomet.

728 534 1026 576 Pseudolus

1142 603 1252 654 Quid
1285 605 1458 647 dubitas
1492 605 1626 647 dare?

772 691 985 746 Harpax

134 766 230 808 Tibi
262 779 339 820 ego
373 765 498 807 clem?

728 835 1025 879 Pseudolus

585 909 690 951 Mihi
722 908 868 951 hercle
900 922 1017 959 uero,
1049 909 1122 962 qui
1154 921 1223 950 res
1253 909 1532 961 rationesque
1565 908 1625 948 eri

135 981 341 1024 Ballionis
374 995 490 1034 curo,
523 988 749 1036 argentum
782 986 961 1035 accepto
993 986 1036 1022 et
1067 980 1170 1034 quoi
1202 979 1330 1021 debet
1362 979 1476 1021 dato.
1561 990 1628 1024 630

772 1075 877 1117 Har
925 1090 985 1117 ax

136 1147 178 1189 Si
211 1148 384 1202 quidem
416 1148 561 1191 hercle
586 1150 719 1190 etiam
744 1091 935 1203 supreliii
961 1152 1183 1202 promptes
1208 1147 1470 1188 thensauros
1496 1145 1626 1195 Iouis,

134 1219 229 1261 Tibi
260 1220 453 1262 libellam
485 1222 653 1275 argenti
686 1234 920 1274 numquam
953 1220 1138 1262 credam.

725 1315 757 1357 P
770 1330 860 1358 seu
874 1315 1001 1358 dolu
1015 1331 1034 1357 s

1188 1387 1297 1429 Dum
1331 1391 1379 1428 tu
1412 1391 1624 1435 sternuas,

135 1460 219 1501 Res
252 1461 333 1502 erit
364 1460 520 1503 soluta.

773 1529 1004 1588 Harpax'

598 1605 800 1647 Uinctam
833 1606 978 1659 potius
1010 1605 1072 1647 sic
1104 1617 1351 1646 seruauero.

726 1707 1034 1750 Pseudolus

137 1778 227 1821 Uae
258 1779 357 1821 tibi!
419 1780 482 1822 Tu
512 1781 728 1822 inuentu's
759 1794 876 1832 uero,
910 1794 1050 1822 meam
1083 1779 1156 1834 qui
1187 1777 1382 1820 furcilles
1414 1777 1555 1819 fidem.

137 1850 266 1901 Quasi
298 1851 403 1893 mihi
433 1867 518 1895 non
552 1858 750 1895 sescenta
780 1857 906 1894 tanta
936 1852 1016 1911 soli
1048 1851 1217 1894 soleant
1248 1849 1430 1893 credier.
1561 1859 1628 1893 635

775 1955 880 1997 Har
930 1969 992 1997 ax

137 2025 287 2069 Potest
318 2033 366 2069 ut
397 2028 470 2069 alii
501 2029 564 2070 ita
595 2027 864 2070 arbitrentur
893 1969 938 2069 {t
971 2040 1048 2079 ego
1080 2031 1129 2068 ut
1158 2039 1212 2067 ne
1245 2025 1419 2067 credam
1449 2024 1541 2066 tibi.

731 2129 1034 2172 Pseudolus

138 2199 269 2250 Quasi
300 2205 348 2243 tu
381 2201 500 2244 dicas
532 2216 598 2244 me
630 2208 673 2244 te
704 2202 818 2244 uelle
849 2206 1029 2255 argento
1063 2199 1398 2243 circumducere.

776 2304 883 2346 Har
931 2318 991 2345 ax

135 2374 270 2417 Immo
302 2389 407 2418 uero
439 2377 568 2430 quasi
598 2381 647 2418 tu
680 2376 798 2418 dicas
830 2319 1040 2430 qugsique
1073 2389 1150 2429 ego
1178 2379 1323 2416 autem
1350 2373 1394 2415 id
1422 2373 1627 2427 suspicer.

139 2445 220 2489 Sed
253 2447 356 2501 quid
389 2453 454 2490 est
484 2449 565 2491 tibi
596 2449 782 2490 nomen?

225 2598 292 2631 629
316 2595 399 2632 Tibi
425 2597 548 2632 hercle
572 2597 608 2630 A
710 2596 807 2630 diem
834 2595 862 2629 C
959 2596 1028 2630 630
1053 2599 1206 2639 accepto
1232 2604 1394 2637 expenso
1422 2597 1459 2628 et
1562 2592 1626 2626 631

137 2654 322 2698 suppremi
348 2653 377 2688 C
466 2657 657 2698 promptas
682 2652 763 2694 AB,
791 2657 966 2698 prompta
993 2652 1022 2688 C
1116 2651 1311 2686 thesauros
1335 2651 1411 2685 ioui
1438 2650 1466 2685 C
1563 2650 1630 2684 632

138 2709 202 2744 PS.
229 2720 294 2745 om.
385 2715 552 2746 strenuas
576 2709 647 2746 BC
718 2712 784 2745 633
811 2709 847 2743 P.
874 2709 945 2744 Res
1025 2710 1184 2744 uinciam
1209 2707 1257 2751 Β,
1285 2708 1427 2742 untiam
1456 2706 1484 2741 C
1562 2707 1630 2741 634

137 2767 308 2803 iuuentus
336 2768 366 2804 0
442 2767 601 2802 forcilles
627 2767 673 2810 B,
700 2766 864 2802 forcillas
891 2766 920 2801 C
999 2767 1065 2802 635
1091 2766 1159 2800 soli
1185 2775 1249 2800 om.
1279 2764 1308 2799 Ο
1388 2763 1455 2798 636
1480 2763 1540 2798 aui
1563 2761 1631 2797 BG

228 2825 438 2860 arbitentur
464 2824 492 2860 C
