1963 3243
141 233 204 275 IV,
229 237 259 277 ⁷,
285 236 420 270 87—95
784 233 994 268 Pseudolus.
1580 239 1632 278 95

792 359 978 400 Ballio

1492 415 1628 458 Mane.

782 488 883 529 Har
931 502 990 528 ax

141 545 253 596 Quid
288 545 514 587 maneam‘.>
895 502 920 542 p

799 615 974 657 Ballio

310 687 589 742 chlamydem
620 688 1038 730 hancconmemora
1069 689 1220 742 quanti
1253 687 1466 730 conducta
1497 692 1572 730 est.

776 775 996 829 Harpax

1392 829 1503 880 Quid
1536 831 1633 873 est?

796 888 973 930 Ballio

138 961 247 1012 Quid
284 969 420 1003 meret
450 960 711 1002 machaera?

776 1041 992 1095 Harpax

613 1113 864 1156 Elleborum
898 1113 1015 1154 hisce
1047 1111 1295 1155 hominibus
1329 1127 1436 1167 opus
1469 1118 1547 1156 est.

795 1207 971 1249 Ballio

1524 1264 1628 1307 Eho.

776 1338 990 1391 Harpax

136 1393 273 1436 Mitte.

792 1450 966 1492 Ballio

341 1522 454 1573 Quid
486 1523 696 1565 mercedis
730 1529 905 1577 petasus
938 1522 1065 1565 hodie
1099 1523 1272 1565 domino
1305 1523 1527 1565 demeret?

770 1610 988 1663 Harpax

135 1681 246 1732 Quoi
279 1682 485 1724 domino?
547 1682 657 1733 Quid
699 1683 954 1724 somniatis?
994 1697 1088 1724 mea
1128 1683 1303 1737 quidem
1342 1682 1449 1725 haec
1489 1682 1630 1725 habeo

1156 1756 1312 1806 omnia,
1546 1767 1632 1800 1190

135 1811 250 1865 [Meo
284 1811 454 1866 peculio
488 1817 646 1866 empta.
1130 1811 1133 1814 ’

787 1898 970 1940 Ballio

638 1971 804 2025 Nempe
837 1971 951 2025 quod
984 1970 1145 2013 femina
1179 1985 1348 2012 summa
1381 1971 1628 2013 sustinent?

771 2081 990 2133 Harpax*

135 2153 262 2196 L'ncti
294 2152 337 2194 hi
368 2157 468 2194 sunt
501 2167 646 2204 senes;
680 2152 824 2195 fricari
859 2168 953 2195 sese
985 2167 1037 2195 ex
1068 2154 1248 2207 antiquo
1280 2152 1464 2207 uolunt]

787 2255 970 2297 Ballio

133 2327 360 2382 Responde
394 2327 574 2369 obsecro
606 2326 751 2369 hercle
783 2341 886 2369 uero
920 2328 1030 2369 serio
1062 2327 1144 2369 hoc
1176 2327 1292 2381 quod
1325 2332 1367 2368 te
1398 2341 1520 2381 rogo:

132 2400 244 2451 Quid
276 2400 447 2441 meres?
480 2399 695 2453 quant-illo
728 2404 907 2451 argento
940 2405 981 2440 te
1013 2399 1221 2441 conduxit
1252 2399 1518 2441 Pseudolus?

223 2539 309 2573 1186
335 2538 409 2572 BA.
437 2548 504 2573 om.
613 2540 699 2573 1187
732 2549 999 2573 commemores
1031 2537 1098 2572 BC
1205 2538 1290 2572 1188
1323 2537 1550 2573 etlebrorum
1575 2537 1624 2581 B,

130 2595 351 2630 ellebrorum
379 2594 407 2629 C
547 2597 632 2630 1190
658 2595 735 2629 HA.
761 2606 827 2629 om.
973 2594 1068 2638 Quid
1094 2594 1272 2629 domino?
1305 2595 1393 2638 quid
1420 2595 1511 2630 socii
1536 2594 1626 2639 quid

130 2653 351 2686 somniatis?
463 2652 632 2697 equidem
659 2652 688 2687 C
790 2653 868 2686 1191
901 2652 1046 2696 paculio
1072 2650 1107 2685 B
1211 2651 1282 2685 BA.
1309 2662 1375 2685 om.
1476 2651 1565 2697 quid
1589 2650 1627 2686 B

220 2709 378 2744 sustinet
506 2711 592 2744 1192
620 2709 693 2743 ΗΑ.
722 2720 787 2743 om.
916 2708 1021 2743 Hunc
1048 2709 1115 2742 tibi
1143 2714 1227 2742 sunt
1254 2719 1365 2743 senex
1394 2708 1423 2743 C
1538 2709 1624 2743 1193

130 2765 204 2800 BA.
233 2776 299 2800 om.
394 2765 464 2800 hoc
491 2777 578 2800 uero
605 2767 699 2800 serio
726 2765 794 2800 BC
889 2765 974 2799 1194
1000 2776 1072 2809 qua
1097 2765 1199 2799 nullo
1229 2765 1258 2800 Ο
1355 2766 1503 2809 argenti
1528 2777 1549 2801 o
1578 2765 1625 2809 B,

129 2823 272 2867 argenti
300 2821 329 2857 O
