1963 3243
700 193 740 227 V.
771 194 957 229 151—187.
1482 200 1562 237 237

107 336 219 374 quem
261 323 345 361 alea
384 323 509 361 lusum
556 324 625 363 sit,
675 337 742 360 nec
791 337 811 359 a
851 322 1081 360 verberibus
1121 337 1188 360 nec
1229 338 1249 361 a
1289 324 1428 362 damno
1468 325 1561 362 ‹lnto

106 393 343 437 vindicasse;
387 405 472 428 nam
517 393 673 429 omnino
709 393 875 428 vetitum
916 391 1047 434 fuisse.
1090 404 1136 428 ne
1169 393 1255 441 quis
1290 394 1325 429 in
1359 395 1561 442 pecuniam

105 461 271 499 luderet.
362 459 525 510 Excepit
582 459 638 497 SC
701 461 912 497 certamina
973 461 1132 497 virtutis
1185 473 1302 498 causa
1348 462 1469 507 facta,
1526 467 1564 499 et

104 529 365 568 familiaribus
408 529 601 567 conviviis
641 529 835 565 communi
877 542 984 565 more
1016 528 1306 577 indulgebatur.
1369 529 1426 566 Ihi
1461 532 1561 567 enim

103 599 421 648 frequentissime
455 598 619 635 talorum
652 597 739 634 lusu
771 596 997 644 utebantur,
1033 611 1066 633 v.
1100 596 1147 634 ad
1180 598 1289 634 Asin.
1327 599 1419 635 772.
1483 599 1564 636 Hoc

104 666 189 704 loco
229 680 277 703 ex
316 665 500 715 ambiguo
541 665 711 711 luditur3
753 678 838 702 nam
873 664 976 715 quod
1009 667 1092 702 sine
1125 666 1211 702 talis
1242 679 1309 703 eos
1341 668 1562 704 convivium

105 740 261 773 acturos
300 734 408 780 dicit,
449 734 553 772 talos
584 734 726 784 pedum
760 735 906 771 fractos
940 730 992 782 (v.
1032 730 1123 783 156)
1156 734 1354 782 intelligit.
1416 735 1562 773 Similis

103 804 209 842 lusus
241 808 300 840 est
338 804 443 853 apud
476 803 682 840 Phaedrum
716 802 760 843 V.
795 804 830 849 7,
865 803 886 839 8
919 802 967 839 de
1000 801 1179 852 Principe
1210 803 1393 842 tibicine:
1448 806 1562 850 „sini-

103 877 223 910 stram
261 873 380 921 fregit
418 871 569 916 tibiam,
618 871 724 908 Duas
764 884 883 921 quum
921 870 1082 908 dextras
1124 871 1325 909 maluisset
1356 872 1560 922 perdere“.

106 960 154 966 —
199 942 289 978 165.
330 940 416 978 talis
455 939 549 977 dolis
587 938 731 986 aqitent
773 940 818 977 A.
863 958 908 965 -—-
956 940 1046 977 166.
1078 951 1103 977 a
1143 944 1177 976 et
1211 939 1272 977 hic
1302 941 1348 976 A.
1386 960 1433 965 —
1473 942 1561 979 167.

102 1009 161 1048 hic
191 1014 429 1059 correptum,
463 1022 498 1046 v.
532 1007 686 1054 Proleg.
715 1023 750 1058 p.
778 1009 870 1046 204.
890 1009 1156 1046 —·conserm's
1178 1009 1270 1046 ‘meis
1302 1010 1347 1045 A.
1381 1029 1434 1034 —
1472 1011 1561 1047 169.

103 1079 313 1117 aduersum
351 1078 412 1115 hic
455 1079 546 1125 quia
578 1078 685 1114 uenit
715 1077 1005 1122 Pulcestrio'A;
1042 1078 1133 1126 „qui
1166 1076 1350 1115 aduenit“
1387 1078 1562 1116 Studem.

102 1147 262 1194 Goetz.;
306 1148 373 1195 qui
418 1147 522 1184 uenit
567 1159 634 1183 nos
681 1159 767 1184 cum
816 1145 1005 1184 Fleckeis.
1054 1145 1178 1196 Epist.
1226 1148 1311 1184 crit.
1344 1160 1382 1197 p.
1414 1147 1560 1184 XXIII.

102 1236 156 1242 —
200 1216 289 1254 170.
335 1215 436 1261 foret
480 1215 524 1252 A.
566 1232 619 1238 --
665 1215 754 1252 171.
796 1213 932 1252 Omnia
973 1218 1078 1251 recte
1116 1215 1162 1251 A.
1209 1234 1264 1239 —
1314 1217 1389 1252 172
1437 1222 1565 1254 exstat

101 1285 140 1322 in
182 1286 226 1322 A.
270 1283 487 1322 tumultuas
533 1283 659 1320 activa
704 1284 829 1321 forma
870 1288 914 1321 ut
954 1283 1052 1320 Rud.
1085 1283 1165 1321 618
1205 1287 1244 1320 et
1284 1284 1386 1332 627;
1435 1284 1481 1322 cf.
1515 1285 1562 1321 ad

101 1353 241 1403 Amph.
275 1354 368 1390 817.
413 1371 460 1377 —
510 1351 635 1390 Occisi
664 1362 814 1393 sumus.
847 1366 882 1389 v.
918 1352 964 1388 ad
998 1351 1138 1388 Bacch.
1177 1353 1267 1389 159.
1302 1372 1352 1376 —
1397 1354 1486 1391 173.
1520 1353 1563 1390 In

101 1424 133 1460 A
173 1435 246 1472 pro
285 1423 414 1472 spatio
453 1433 633 1471 personae
673 1426 777 1458 notae
809 1421 948 1458 relicto
981 1433 1112 1458 errore
1145 1421 1280 1458 littera
1310 1423 1457 1470 scripta
1491 1428 1563 1459 est.

101 1511 154 1516 —
189 1492 280 1529 174.
314 1493 488 1528 uestrum
504 1490 549 1536 A,
583 1490 608 1526 i.
642 1503 673 1527 e.
708 1494 949 1536 vestrorum3
980 1489 1254 1537 familiarium,
1287 1502 1322 1527 v.
1349 1490 1397 1527 ad
1422 1491 1563 1540 Amph.

108 1561 196 1597 127.
228 1578 282 1584 —
318 1558 394 1596 176
427 1562 533 1595 recte
564 1559 610 1595 A.
644 1578 697 1583 —
735 1559 825 1596 178.
859 1559 896 1595 in
931 1558 1066 1605 teyule's
1091 1561 1221 1595 exstas
1247 1558 1285 1594 in
1303 1559 1349 1595 A.
1383 1578 1436 1583 ——
1472 1560 1560 1596 180,

102 1630 236 1666 misero
269 1629 312 1665 A.
350 1646 397 1652 -
430 1626 541 1664 nihili
571 1626 738 1670 bestiam,
773 1628 820 1664 cf.
855 1627 948 1664 287.
982 1646 1035 1651 —
1072 1628 1162 1665 181.
1196 1630 1279 1664 erat
1302 1627 1347 1664 A.
1382 1647 1435 1653 —
1472 1628 1562 1665 182.

104 1697 130 1734 I
161 1699 214 1735 sis
254 1696 444 1747 Geppert.
486 1695 597 1733 stud.
631 1695 668 1733 ΙΙ
700 1709 737 1746 p.
772 1696 844 1743 233
891 1695 1029 1733 Goetz.
1062 1709 1146 1733 cum
1180 1696 1296 1733 Lor.:
1335 1691 1398 1742 „Si
1431 1693 1561 1733 istist“

104 1771 147 1803 ut
181 1766 298 1804 1084.
335 1784 383 1790 —
418 1768 609 1812 quantum.
634 1766 766 1812 possit,
801 1778 836 1802 v,
871 1765 919 1802 ad
953 1765 1094 1815 Amph.
1130 1766 1221 1803 964.
1258 1784 1306 1790 -
1341 1765 1502 1802 uideant
1518 1767 1562 1803 A.

103 1853 158 1859 -—
192 1835 282 1872 184.
317 1833 497 1872 crucibus
529 1833 828 1872 contubernales.
862 1835 926 1883 qui
959 1847 1043 1871 cum
1072 1848 1186 1871 cruce
1211 1833 1391 1871 habitent
1415 1838 1453 1870 et
1476 1846 1564 1883 per-

103 1907 271 1949 noctent,
311 1903 358 1940 cf.
391 1902 480 1940 Aul.
515 1903 586 1940 59:
633 1906 695 1949 „te
734 1901 873 1939 dedam
906 1902 1140 1952 discipulam
1173 1899 1318 1940 cruci“.
1368 1921 1419 1927 ——
1472 1903 1562 1940 185.

103 1970 172 2009 hoc
209 1974 242 2009 ei
278 1972 323 2008 A.
356 1991 411 1997 —
447 1972 522 2009 186
564 1972 602 2008 in
636 1971 717 2008 solo
751 1971 782 2007 A
815 1977 1025 2021 comparet.
1088 1971 1281 2017 Profecto,
1315 1971 1384 2008 cfr.
1421 1970 1562 2008 Pseud.

106 2041 198 2079 906.
231 2039 342 2078 Cure.
383 2042 486 2088 4263
526 2039 698 2078 secunda
737 2044 919 2090 correpta
958 2041 997 2077 in
1028 2041 1156 2090 primo
1188 2040 1290 2090 pede
1321 2040 1416 2076 ferri
1448 2053 1564 2090 posse

105 2109 273 2156 videtur,
318 2123 354 2147 v.
402 2109 558 2158 Proleg.
605 2121 643 2158 p.
694 2110 786 2147 205.
857 2108 1098 2146 Ritschelius
1144 2108 1243 2146 hunc
1289 2121 1446 2146 versum
1492 2121 1564 2159 pro

106 2179 237 2228 spurio
277 2178 393 2215 eiecit
439 2181 479 2215 et
516 2178 785 2228 proximorum
826 2190 952 2227 usque
995 2177 1043 2214 ad
1088 2178 1163 2215 196
1206 2177 1384 2215 ordinem
1418 2180 1565 2214 temere

106 2247 290 2293 mutavit3
332 2245 489 2284 Brixius
522 2251 560 2283 et
592 2245 780 2285 Goetzius
813 2246 862 2283 ad
894 2246 1052 2284 codices
1083 2250 1349 2284 reverterunt.
1385 2265 1433 2271 —
1472 2247 1562 2284 187.

106 2314 270 2364 Earum,
304 2317 327 2352 i.
361 2329 393 2352 e.
427 2315 648 2363 mulierum,
682 2315 787 2365 quod
819 2328 867 2352 ex
897 2315 1074 2354 muliebre·
1105 2316 1276 2362 auditur,
1311 2315 1355 2352 cf.
1392 2315 1471 2353 752
1505 2328 1563 2365 sq.

112 2382 353 2430 „Proletario
391 2396 570 2421 sermone
602 2414 610 2421 .
631 2413 665 2421 ..
700 2383 798 2421 Nam
831 2382 898 2421 ii“.
932 2384 1032 2422 Rud.
1068 2386 1145 2422 587
1181 2397 1237 2434 sq.
1281 2383 1356 2431 „ad
1387 2384 1566 2421 hirundi-

107 2454 242 2490 ninum
275 2452 409 2490 nidum
429 2484 435 2490 .
456 2483 463 2490 .
484 2481 490 2488 .
510 2452 646 2502 Neque
678 2466 742 2489 eas
776 2450 818 2500 (i.
851 2466 882 2490 e.
915 2452 1165 2498 hirundines)
1198 2455 1350 2502 eripere
1383 2451 1563 2503 quibat‘ffi

108 2519 228 2559 Stich.
268 2522 348 2560 742
387 2535 443 2572 sq.
483 2523 564 2569 „ita
603 2525 661 2558 est
692 2521 892 2568 ingenium
925 2521 1135 2559 muliebre:
1172 2521 1276 2558 Bene
1310 2533 1426 2571 quom
1457 2521 1566 2558 lauta

108 2592 215 2627 tersa
266 2594 405 2628 ornata
463 2588 553 2628 ficta
600 2594 668 2638 est,
729 2590 876 2628 infecta
921 2594 981 2627 est
1026 2587 1197 2627 tamen“.
1260 2588 1344 2627 Cas.
1398 2593 1458 2627 12.
1507 2603 1563 2639 sq.

113 2656 338 2705 „Plautinas
468 2656 592 2697 eius“.
634 2659 752 2696 Poen.
797 2659 889 2696 583.
929 2671 985 2708 sq.
1032 2658 1275 2705 „comitiales
1316 2663 1408 2696 sunt
1446 2661 1564 2703 meri;

109 2722 169 2762 Ibi
206 2723 248 2774 (i.
288 2740 320 2764 e.
361 2727 534 2773 comitio)
575 2721 795 2765 habitant“.
834 2727 976 2777 Amph.
1021 2727 1140 2765 1085.
1181 2739 1215 2763 v.
1250 2726 1374 2776 Bugg.
1408 2726 1565 2764 Tidskr.

111 2791 136 2831 f.
167 2792 307 2833 Philol.
340 2795 411 2833 VII
448 2809 486 2846 p.
523 2798 557 2833 5.
619 2795 754 2834 Madv.
794 2796 842 2833 ad
881 2795 960 2834 Cic.
1000 2795 1112 2833 Finn.
1156 2794 1201 2842 V,
1236 2796 1271 2842 6,
1306 2795 1368 2832 16.
1414 2813 1459 2820 —·
1503 2807 1565 2842 op-
