1963 3243
351 238 430 277 144
1025 235 1144 269 Plauti
1568 234 1634 278 ΠΙ,
1662 237 1690 278 1,
1719 237 1827 270 1-22

481 381 920 424 AGORASTOCLES
955 380 1333 423 ADULESCENS.
1394 380 1692 449 ADUOCATL
1797 381 1828 423 C

894 487 1283 539 Agorastocles

346 558 413 599 Ita
443 572 509 599 me
541 558 584 599 di
615 563 776 609 ament,
808 558 931 599 tardo
964 559 1101 599 amico
1134 558 1241 600 nihil
1272 563 1338 600 est
1368 558 1606 612 quidquam
1637 559 1827 612 iniquius

345 630 606 672 Praesertim
623 630 784 670 homini
802 630 975 679 amanti,
1002 630 1076 683 qui
1094 629 1302 683 quidquid
1320 630 1422 682 agit,
1447 634 1653 683 properat
1669 631 1827 672 omnia.

345 699 466 742 Sicut
496 714 572 753 ego
605 700 684 742 hos
717 701 825 743 duco
858 701 1106 751 aduocatos,
1138 701 1330 743 homines
1364 701 1801 754 spissigradissumos‚

345 771 574 813 Tardiores
606 785 732 824 quam
766 772 959 814 corbitae
991 776 1090 814 sunt
1119 773 1162 813 in
1193 772 1429 826 tranquillo
1462 773 1581 813 mari.
1763 783 1829 817 506

346 844 486 896 Atque
518 843 714 895 equidem
754 843 897 885 hercle
930 843 1077 886 dedita
1109 858 1240 897 opera
1271 844 1432 885 amicos
1463 843 1647 895 fugitaui
1679 857 1828 895 senes;

347 913 520 955 Scibam
551 918 695 956 aetate
726 915 962 967 tardiores3
994 916 1126 956 metui
1158 929 1251 957 meo
1283 916 1418 956 amori
1449 929 1624 956 moram.

346 984 619 1039 Nequiquam
650 986 727 1027 hos
759 1000 910 1040 procos
942 987 1045 1027 mihi
1077 987 1185 1039 elegi
1216 986 1442 1040 loripedes,
1474 986 1772 1027 tardissumos.

347 1056 459 1106 Quin
492 1059 527 1098 si
553 1058 657 1098 ituri
681 1057 809 1098 hodie
835 1058 954 1110 estis,
987 1059 1059 1109 ite,
1092 1063 1168 1099 aut
1191 1059 1249 1099 ite
1273 1058 1373 1099 hinc
1395 1059 1439 1099 in
1464 1057 1620 1099 malam
1645 1071 1828 1099 crucem.

349 1128 490 1169 Sicine
517 1133 691 1182 oportet
715 1130 776 1170 ire
801 1131 960 1171 amicos
986 1130 1148 1170 homini
1174 1131 1338 1171 amanti
1363 1143 1537 1183 operam
1561 1129 1737 1170 datum?
1763 1141 1827 1173 511

346 1199 457 1240 Nam
488 1201 570 1241 iste
604 1201 776 1253 quidem
810 1201 970 1254 gradus
1003 1206 1247 1242 succretust
1278 1201 1418 1242 cribro
1453 1201 1693 1255 pollinario‚

346 1271 440 1315 Nisi
471 1286 566 1314 cum
598 1272 764 1325 pedicis
797 1272 1095 1314 condidicistis
1127 1274 1237 1314 istoc
1267 1273 1454 1324 grassari
1487 1272 1635 1326 gradu.

959 1345 1222 1386 Aduocati

346 1416 463 1457 Heus
494 1420 561 1464 tu,
594 1429 857 1470 quamquam
887 1430 965 1457 nos
997 1416 1196 1457 uidemur
1226 1416 1306 1457 tibi
1336 1415 1492 1470 plebeii
1532 1421 1574 1457 et
1603 1429 1828 1469 pauperes,

347 1487 391 1528 Si
422 1501 500 1528 nec
530 1492 647 1528 recte
680 1488 786 1528 dicis
819 1488 955 1539 nobis,
989 1488 1107 1529 diues
1139 1488 1190 1529 de
1223 1502 1387 1529 summo
1419 1487 1526 1538 1000,
1765 1497 1830 1530 515

346 1559 534 1600 Diuitem
566 1559 774 1600 audacter
807 1559 990 1601 solemus
1023 1564 1213 1601 mactare
1245 1559 1490 1610 infortunio,

346 1631 435 1672 Nec
466 1630 542 1672 tibi
576 1644 652 1671 nos
685 1631 857 1672 obnoxii
889 1645 1047 1681 sumus,
1082 1631 1186 1684 quid
1216 1636 1263 1671 tu
1296 1645 1414 1672 ames
1446 1635 1522 1671 aut
1554 1629 1708 1672 oderis.

347 1701 486 1750 Quom
517 1707 742 1754 argentum
769 1716 846 1756 pro
874 1704 1015 1756 capite
1041 1702 1249 1754 dedimus,
1280 1707 1477 1744 nostrum
1504 1701 1713 1751 dedimus,
1745 1715 1830 1742 non

1360 1778 1493 1815 tuum.

350 1845 526 1886 Liberos
558 1858 635 1886 nos
667 1859 759 1887 esse
791 1850 982 1898 oportet3
1014 1860 1088 1887 nos
1119 1850 1163 1886 te
1194 1846 1318 1886 nihili
1349 1845 1588 1899 pendimus,

347 1916 410 1957 Ne
442 1922 515 1958 tuo
547 1931 625 1958 nos
659 1918 794 1958 amori
827 1930 974 1958 seruos
1007 1931 1099 1958 esse
1131 1917 1327 1958 addictos
1360 1930 1552 1958 censeas.
1766 1925 1833 1960 520

348 1989 526 2030 Liberos
558 1988 751 2029 homines
783 2002 859 2042 per
889 1988 1039 2029 urbem
1071 1989 1239 2030 modico
1271 1989 1408 2041 magis
1441 2002 1520 2042 par
1553 1992 1619 2029 est
1650 1987 1786 2041 gradu

347 2060 434 2111 Ire3
467 2060 623 2101 seruile
656 2073 746 2101 esse
781 2059 888 2102 (luco
921 2059 1197 2102 festinantem
1229 2074 1414 2102 currere.

346 2131 605 2173 Praesertim
637 2132 679 2172 in
709 2146 754 2172 re
789 2132 936 2185 populi
969 2133 1138 2185 placida
1170 2137 1301 2184 atque
1332 2130 1574 2176 interfectis
1606 2129 1803 2172 hostibus

347 2203 443 2244 Non
475 2203 599 2245 decet
628 2203 897 2244 tumultuari.
960 2203 1042 2245 Sed
1075 2204 1110 2245 si
1141 2203 1407 2257 properabas
1440 2202 1591 2255 magis.

438 2339 814 2375 AGORASTOCLES
841 2351 905 2376 om.
934 2340 964 2376 Ο
1052 2342 1117 2376 503
1142 2341 1373 2376 mediantent
1398 2340 1433 2375 Β
1527 2340 1631 2374 nihili
1659 2338 1695 2373 B
1790 2339 1834 2373 In

347 2398 475 2441 equius
501 2397 545 2441 Β,
572 2397 763 2441 inaequius
790 2396 818 2431 Ο
909 2399 975 2432 504
1000 2398 1060 2442 qui
1085 2398 1122 2431 in
1154 2398 1332 2442 quidquid
1357 2397 1412 2439 B,
1447 2396 1624 2441 quicquid
1651 2395 1679 2430 C'
1768 2395 1834 2429 505
1889 2404 1899 2412 ‘

348 2454 443 2488 duco
477 2454 651 2489 duccatos
677 2453 712 2488 Β
832 2454 940 2498 spissi
965 2455 1231 2497 grandissimus
1259 2454 1288 2489 O
1396 2456 1461 2489 506
1487 2453 1653 2489 eorditae
1769 2453 1834 2486 507

349 2510 518 2554 equidem
543 2511 632 2545 haec
659 2510 757 2544 edita
781 2509 816 2544 B
1000 2511 1066 2545 508
1092 2511 1256 2546 Sciebam
1285 2511 1415 2554 aetati,
1459 2515 1535 2545 tum
1555 2513 1642 2553 post
1664 2509 1832 2544 lacunam

347 2567 463 2601 metui
489 2567 524 2601 Β
602 2568 667 2601 509
693 2567 778 2611 eligi
806 2567 834 2601 Ο
909 2568 975 2601 510
1000 2568 1086 2602 estis
1112 2567 1222 2602 hodie
1249 2567 1276 2602 C
1368 2567 1419 2601 ite
1447 2566 1574 2601 audite
1666 2566 1732 2599 512
1757 2575 1835 2600 suc·

349 2627 509 2659 cretuest
536 2623 564 2659 C
631 2626 696 2658 513
721 2623 838 2658 conde
865 2623 1030 2657 didicisti
1049 2623 1095 2668 B,
1123 2623 1360 2658 condidicisti
1388 2622 1417 2658 C'
1491 2623 1538 2656 sis
1565 2621 1766 2656 oeci-assari

348 2681 413 2712 515
440 2679 542 2714 Sinet
566 2681 666 2715 recte
692 2680 739 2722 B,
768 2680 845 2714 sine
871 2683 969 2714 crete
998 2680 1027 2715 C'
1116 2692 1220 2715 suum
1247 2691 1306 2714 mo
1332 2680 1366 2714 B
1453 2681 1518 2713 517
1545 2678 1682 2712 obnixii
1709 2688 1833 2712 sumus

348 2736 442 2769 istuc
470 2736 555 2779 quid
672 2738 738 2770 520
763 2747 890 2771 seruos
916 2740 998 2771 tuos
1026 2747 1104 2770 esse
1133 2736 1162 2772 Ο
1287 2737 1349 2770 521
1378 2735 1593 2780 perturbem
1619 2733 1653 2768 Β
1770 2733 1835 2768 522

349 2792 485 2825 sexuuli
514 2792 543 2826 C
639 2794 703 2826 524
730 2792 940 2827 tumulturis
967 2796 1003 2827 et
1027 2793 1058 2827 si
1083 2793 1117 2827 B
