1963 3243
283 267 363 306 310
919 263 1116 299 Poenulus.

281 392 410 430 herus.
444 412 496 417 -—
530 393 622 430 322.
668 389 826 438 avulsa,
867 393 913 430 cf.
944 393 1044 430 Rud.
1081 394 1180 431 364:
1230 397 1298 441 „ut
1330 394 1452 430 mulsa
1484 393 1585 430 dicta
1616 391 1757 431 dicis!“

282 479 335 485 —
379 455 469 498 nisi
497 472 546 497 ne
575 460 754 498 ultimam
784 461 993 509 producat,
1035 460 1146 499 Mun.
1178 460 1340 498 Nachtr.
1371 473 1409 510 p.
1445 462 1485 498 6:
1537 461 1627 508 „Nil
1657 462 1761 498 enim

283 524 397 564 nisi“.
439 547 487 553 —
528 526 671 565 Servus
708 528 845 565 herum
885 528 1053 566 irridens
1092 528 1237 566 ironice
1276 529 1310 565 ei
1351 531 1574 566 assentatur
1604 528 1768 565 bellaria

283 595 447 633 afferens
478 595 658 633 secundis
691 596 829 633 mensis
861 595 1162 633 accommodata.
1223 592 1433 634 Laterculi
1459 596 1652 646 placentae
1677 598 1768 633 sunt

283 665 323 701 in
352 663 516 700 laterum
542 663 703 701 formam
729 664 835 711 facti,
870 663 975 714 apud
998 663 1181 701 Catonem
1206 663 1249 701 R.
1278 663 1324 701 R.
1356 665 1432 701 109
1460 677 1506 701 ex
1528 664 1656 700 farina
1685 664 1767 701 ervi

284 744 369 769 cum
409 731 499 768 vino
538 734 576 768 et
606 744 721 781 sapa,
767 732 814 768 cf.
847 732 965 782 Apul.
997 731 1091 769 Met.
1123 731 1172 778 X,
1208 732 1276 769 13:
1327 732 1448 779 „Nam
1488 744 1650 780 vespera
1679 735 1769 781 post

284 799 467 849 opiparas
506 812 618 836 cenas
660 812 869 849 earumque
907 799 1244 849 splendidissimos
1283 803 1494 849 apparatus
1525 801 1668 837 multas
1697 812 1768 837 nu-

284 879 391 904 mero
429 870 562 916 partes
603 868 642 904 in
679 868 858 904 cellulam
897 880 1006 905 suam
1045 868 1119 904 mei
1157 867 1336 904 solebant
1366 870 1571 917 reportare
1603 866 1766 904 domini:

282 935 447 984 piscium
480 938 519 971 et
543 935 731 985 cuiusque
757 934 863 972 modi
892 935 1182 985 pulmentorum
1212 934 1448 984 largissimas
1478 935 1674 984 reliquias,
1707 934 1769 972 hic

282 1016 415 1053 panes,
449 1003 640 1049 crustula,
672 1003 915 1050 lucunculos,
949 1003 1102 1050 hamos,
1132 1003 1342 1040 laterculos
1373 999 1438 1050 (al.
1471 1015 1609 1052 parum
1641 1005 1767 1040 recte:

282 1066 510 1120 lacertulos)
558 1074 598 1109 et
641 1072 756 1121 plura
800 1072 1031 1108 scitamenta
1067 1068 1257 1108 mellita“.
1306 1091 1360 1096 —
1415 1072 1506 1109 323.
1555 1066 1770 1109 Sesamum

285 1134 348 1188 (ut
386 1138 478 1176 olim
517 1142 622 1176 recte
664 1152 757 1185 em.,
805 1140 982 1188 quamvis
1024 1140 1138 1177 etiam
1170 1139 1202 1175 A
1240 1137 1476 1185 „sesumam“
1511 1137 1700 1188 praebeat)
1730 1142 1771 1177 et

275 1215 466 1255 papauer
503 1220 581 1245 non
619 1207 744 1245 solum
783 1207 888 1257 apud
919 1206 1089 1244 Plinium
1120 1207 1168 1245 H.
1199 1206 1245 1244 N.
1277 1206 1419 1255 XVIII,
1458 1208 1507 1244 53
1540 1207 1768 1257 iunguntur,

284 1273 352 1312 sed
383 1275 500 1312 etiam
540 1275 642 1324 apud
672 1274 900 1313 Petronium
935 1275 953 1312 1
986 1275 1061 1312 sic:
1112 1275 1307 1322 „mellitos
1346 1274 1554 1313 verborum
1591 1275 1770 1325 globulos

285 1345 323 1379 et
367 1343 497 1380 omnia
542 1343 648 1381 dicta
691 1344 872 1393 factaque
918 1344 1029 1392 quasi
1074 1356 1270 1392 papavere
1315 1347 1353 1380 ct
1399 1356 1548 1381 sesamo
1591 1341 1768 1400 sparsa‘st

283 1410 343 1448 De
374 1411 588 1448 masculina
618 1413 724 1450 vocis
761 1412 887 1448 forma
922 1424 956 1448 v.
990 1410 1138 1448 Charis.
1171 1410 1199 1458 I,
1238 1413 1285 1449 15
1317 1423 1354 1460 p.
1388 1412 1453 1448 64.
1500 1411 1627 1449 Plaut.
1661 1412 1767 1450 Trin.

285 1480 380 1517 410.
442 1475 596 1517 Tritico
619 1479 767 1516 nullum
792 1479 976 1516 frumenti
1003 1490 1124 1526 genus
1150 1480 1350 1516 venustius
1375 1483 1452 1526 est3
1482 1474 1632 1527 frictae
1646 1489 1771 1518 nuce-s·

285 1551 474 1585 castaneae
515 1550 622 1593 sunt,
663 1547 710 1585 cf.
742 1546 839 1584 Plin.
873 1547 922 1585 H.
954 1546 1000 1584 N.
1032 1546 1115 1594 XV,
1156 1548 1218 1584 92.
1266 1567 1320 1572 —
1367 1548 1460 1585 324.
1506 1543 1671 1597 Ecquid
1698 1561 1770 1598 pro

288 1612 428 1663 „num“
448 1615 566 1653 herus
589 1615 735 1665 posuit,
767 1627 902 1652 servus
927 1628 1000 1665 pro
1026 1615 1176 1652 obiecto
1208 1615 1338 1662 sumit,
1371 1627 1536 1664 eumque
1566 1616 1770 1665 respondit
1813 1639 1816 1643 -

286 1682 468 1720 damnum
494 1696 625 1720 amare
651 1697 672 1720 a
689 1682 886 1720 Mercurio
918 1682 1206 1729 abhorrentem,
1240 1685 1306 1732 qui
1329 1684 1428 1721 lucri
1455 1683 1549 1720 deus
1575 1687 1646 1721 est.
1694 1683 1768 1721 Sed

284 1754 365 1788 tam
405 1751 531 1801 inepti
574 1751 669 1788 mihi
707 1750 892 1788 videntur
930 1750 993 1788 hic
1024 1754 1064 1787 et
1093 1752 1296 1800 proximus
1327 1764 1482 1797 versus,
1528 1754 1572 1788 ut
1602 1764 1668 1788 eos
1698 1763 1770 1801 pro

285 1820 428 1870 spuriis
452 1819 626 1866 habeam,
659 1820 877 1868 praesertim
903 1832 1021 1868 quum
1044 1819 1207 1857 alterius
1231 1821 1380 1856 numeri
1405 1820 1506 1857 male
1529 1818 1767 1865 claudicent3

267 1887 399 1925 Both.
423 1887 543 1933 „Nam
572 1887 731 1937 quidem
755 1884 923 1937 edepol“
953 1888 1121 1937 scripsit,
1155 1886 1278 1936 Gepp.
1302 1886 1425 1935 „Nam
1452 1888 1591 1938 edepol
1617 1889 1766 1925 lucrum

284 1954 480 2005 quidem“.
542 1955 695 1993 Miiller.
735 1970 771 2006 p.
817 1956 894 1992 709
935 1958 1014 1992 not.
1058 1951 1305 2001 „lucellum“.
1370 1951 1561 2006 Namque
1600 1955 1765 2006 probum

283 2026 354 2070 est,
385 2037 421 2061 v.
454 2024 503 2061 ad
533 2022 646 2073 Capt.
681 2024 772 2060 599.

399 2091 618 2130 326—407
662 2090 824 2129 Gotzius
864 2091 950 2128 Act.
983 2091 1088 2140 Lips.
1129 2090 1178 2127 VI
1217 2105 1255 2141 p.
1297 2092 1374 2128 286
1414 2092 1568 2141 spurios
1609 2091 1767 2134 habuit;

284 2159 379 2197 mihi
409 2173 486 2198 non
516 2159 700 2198 videntur
732 2158 867 2196 abesse
898 2171 1023 2208 posse.
1051 2179 1106 2183 —
1139 2160 1230 2196 326.
1264 2159 1359 2197 Post
1387 2169 1585 2208 gyermana
1615 2159 1768 2205 hiatur3

285 2227 393 2265 Miill.
423 2226 531 2275 „uti“
560 2228 698 2266 voluit.
723 2247 777 2252 —
805 2228 897 2265 327.
930 2227 1057 2275 Vulgo
1090 2227 1176 2264 edd.
1204 2239 1392 2276 personas
1424 2229 1477 2265 sic
1509 2226 1765 2264 distribuunt:

289 2295 395 2343 „AG.
441 2294 548 2334 Eunt
577 2296 663 2333 hae.
709 2295 810 2342 Quid
841 2296 872 2332 si
904 2293 1114 2332 adeamus?
1159 2294 1231 2331 MI.
1264 2295 1405 2332 Adeas.
1453 2293 1583 2342 AG.“;
1622 2295 1690 2333 sed
1720 2294 1768 2332 ad

290 2360 521 2411 „adeamus“
555 2377 694 2414 parum
726 2367 830 2401 recte
861 2363 1119 2413 respondetur
1147 2359 1346 2410 „Adeas“;
1380 2376 1498 2412 quare
1530 2363 1698 2401 Ritterh.
1731 2365 1769 2400 et

286 2431 411 2482 Gepp.
473 2429 670 2470 adeamus
702 2429 757 2469 acl
786 2441 874 2479 eas,
915 2433 1042 2468 totum
1075 2443 1228 2468 versum
1259 2432 1509 2480 Agorastocli
1540 2430 1767 2468 tribuentes.

287 2499 363 2538 Sed
409 2500 448 2536 in
494 2499 606 2538 codd.
649 2503 753 2537 recte
793 2512 1048 2549 personarum
1090 2499 1220 2548 spatia
1265 2502 1353 2536 anto
1399 2496 1548 2546 ‚‚Quid“
1598 2502 1636 2535 et
1681 2502 1769 2535 ante

291 2565 510 2615 ,‚Primum“
546 2567 778 2606 indicantur.
803 2587 857 2592 -—
889 2566 1164 2615 Agorastocles
1187 2566 1337 2616 puellas
1361 2567 1512 2604 salvere
1539 2566 1659 2613 iubet,
1689 2566 1768 2615 pri·

287 2648 390 2673 mum
408 2635 707 2687 Adelphasium3
740 2636 864 2673 sorori
895 2635 1104 2673 secundum
1131 2635 1258 2671 locum
1284 2634 1573 2683 secundumque
1600 2634 1769 2684 pretium

288 2704 423 2749 habet3
458 2704 626 2751 tertiam,
653 2704 846 2751 ancillam,
871 2706 928 2741 ita
950 2703 1110 2749 salutat,
1135 2706 1180 2740 ut
1202 2702 1349 2740 nullum
1376 2702 1531 2740 omnino
1549 2702 1581 2738 ei
1600 2702 1768 2751 pretium

288 2771 449 2808 tribuat.
502 2769 548 2808 in
562 2768 716 2820 pretio,
744 2785 778 2809 v.
805 2772 855 2809 ad
878 2773 988 2809 Asin.
1016 2773 1079 2808 60.
1098 2790 1153 2796 -
1172 2771 1263 2808 329.
1297 2766 1336 2807 T
1336 2779 1402 2807 mn
1416 2765 1494 2819 pol
1518 2772 1589 2807 cet.
1608 2769 1767 2806 Ancillae

289 2839 369 2877 haec
397 2840 515 2878 verba
545 2852 628 2877 esse
656 2839 820 2877 Pistoris
846 2843 884 2876 et
913 2838 1113 2876 Acidalius
1147 2837 1435 2875 intellexerunt.
1499 2837 1538 2875 et
1569 2833 1703 2875 Oleum
1731 2835 1770 2874 et
