1963 3243
294 203 375 242 324
920 193 1116 229 Mercator.

294 329 467 375 eliceret,
494 341 545 365 sc.
573 340 682 375 rem„
709 326 757 363 cf.
783 328 891 363 Asin.
919 326 1019 362 293:
1056 323 1150 372 „Ibo
1175 323 1390 361 aduorsum
1415 328 1534 373 atque
1557 325 1744 372 electabo,

293 396 487 447 quidquid
519 391 616 432 est“.

407 531 606 581 Demipho
637 529 797 567 Charini
835 532 951 578 pater
987 530 1177 566 somnium
1215 532 1351 566 narrat
1389 532 1505 565 noctu
1536 529 1610 565 sibi
1641 526 1748 566 obla-

292 605 394 647 tum,
437 611 594 648 capram
624 611 665 634 se
696 599 834 634 emisse
863 597 1095 644 formosam,
1135 597 1202 634 sed
1233 597 1311 633 frui
1342 609 1386 633 ea
1415 608 1494 633 non
1525 609 1748 635 concessum

295 681 400 716 esse3
439 667 558 717 idque
588 666 666 702 iam
696 665 921 714 suspicatur
952 665 1001 702 ad
1031 665 1234 702 mulierem
1265 664 1371 701 illam
1404 670 1592 715 spectare,
1633 677 1749 714 quam

294 750 419 786 nuper
456 737 496 772 in
535 731 626 772 navi
665 733 779 771 vidit.
840 731 992 770 Similia
1022 733 1171 770 somnia
1201 736 1412 770 occurrunt
1442 732 1526 769 Mil.
1561 733 1638 770 383
1663 746 1747 782 sqq.

293 805 393 843 Rud.
430 804 508 841 582
547 815 646 851 sqq.‚
690 802 756 838 ubi
797 805 880 838 tres
920 802 1037 852 primi
1075 801 1190 838 huius
1229 813 1353 839 scenae
1390 814 1526 838 versus
1564 801 1743 847 redeunt,

295 874 341 910 de
373 885 451 922 qua
482 884 524 908 re
555 883 591 907 v.
625 871 674 907 ad
698 871 802 907 Asin.
841 868 929 907 185.
963 889 1017 894 —-
1050 870 1129 907 222
1161 882 1218 918 sq.
1252 868 1366 905 affert
1398 867 1576 905 Donatus
1605 871 1645 905 in
1661 869 1748 905 Ter.

294 940 417 978 Andr.
463 941 499 988 2,
543 941 578 986 5,
619 939 684 975 29.
745 938 855 975 ludos
893 937 1054 982 faciunt
1086 937 1316 983 hominibus,
1357 951 1391 973 v.
1425 936 1472 973 ad
1505 936 1621 973 Most.
1654 937 1748 974 418.

293 1028 349 1034 -—
383 1009 477 1045 225.
509 1008 566 1054 eye]
594 1008 703 1055 satis,
744 1018 781 1042 v.
814 1006 862 1042 ad
893 1007 1002 1042 Asin.
1034 1006 1129 1043 437.
1161 1025 1214 1030 -
1248 1006 1341 1042 227.
1368 1016 1538 1052 capram,
1563 1006 1750 1042 attractio

293 1081 338 1115 ut
369 1076 482 1114 Curc.
517 1076 620 1113 433:
656 1080 725 1122 „ut
756 1075 790 1111 ei
822 1074 948 1121 detur,
983 1087 1096 1123 quam
1129 1075 1218 1111 istic
1249 1075 1321 1110 emi
1352 1070 1589 1120 uirginem“.
1629 1072 1750 1110 Stich.

297 1147 394 1184 321:
448 1145 571 1191 „Quid
610 1144 700 1180 istic
737 1141 866 1179 inest?
926 1142 989 1179 ΡΙ.
1037 1141 1140 1187 Quas
1179 1146 1222 1179 tu
1261 1142 1352 1179 edes
1383 1138 1605 1178 colubras“.
1665 1140 1749 1178 Cas.

296 1215 390 1252 897.
432 1213 538 1250 Trin.
575 1213 696 1250 1075.
742 1210 853 1261 Capt.
892 1211 982 1248 180.
1014 1210 1117 1247 infra
1149 1212 1242 1248 736.
1289 1209 1346 1247 Cf.
1380 1209 1428 1246 ad
1459 1209 1600 1259 Amph.
1632 1211 1750 1247 1002.

297 1301 344 1307 ——
390 1282 483 1319 228.
520 1282 555 1319 si
591 1281 650 1318 ed.
690 1294 750 1330 pr.
792 1299 848 1304 —
888 1280 983 1316 229.
1022 1281 1216 1316 mercatus
1253 1278 1421 1326 fueram,
1453 1291 1488 1315 v.
1521 1277 1653 1316 Madv.
1687 1277 1751 1315 Gr.

295 1350 381 1387 Lat.
423 1351 503 1387 344
545 1354 626 1387 not.
679 1369 717 1374 —-
775 1349 868 1385 230.
903 1347 1135 1386 custodelam
1172 1345 1284 1384 Grut.
1335 1366 1382 1372 -
1435 1347 1527 1384 231.
1566 1347 1669 1393 adeo,
1713 1359 1750 1383 v.

294 1418 343 1455 ad
381 1418 524 1468 Amph.
563 1418 657 1455 464.
689 1436 742 1441 —-
785 1417 878 1453 235.
918 1415 975 1452 De
1013 1415 1228 1452 indicativo
1266 1415 1442 1452 dederam
1481 1428 1518 1452 v.
1558 1414 1606 1452 ad
1644 1415 1752 1452 Asin.

296 1486 360 1533 37,
401 1486 468 1522 ubi
511 1483 602 1532 „fit“
638 1489 700 1523 est
729 1486 769 1522 in
801 1483 937 1531 codd.;
969 1483 1138 1521 Mueller
1172 1481 1398 1531 „dederim“
1432 1496 1539 1532 susp.
1571 1502 1625 1508 —-
1657 1483 1750 1520 236.

295 1555 441 1592 Hiatur
472 1567 548 1591 non
580 1553 707 1590 solum
738 1554 778 1589 in
809 1565 970 1600 caesura,
1010 1551 1078 1589 sed
1112 1553 1234 1588 etiam
1265 1554 1357 1588 ante
1389 1556 1608 1588 extremum
1639 1551 1753 1588 creti-

296 1637 382 1660 cum
422 1619 604 1670 (oppido),
645 1636 680 1658 v.
715 1620 894 1670 Spengel.
930 1620 1058 1657 Plaut.
1091 1633 1128 1669 p.
1164 1621 1258 1657 235.
1320 1619 1433 1665 Quod
1473 1618 1577 1656 Cam.
1617 1620 1756 1668 posuit

301 1687 620 1738 „ambadedisse“
656 1694 695 1726 et
728 1690 807 1727 238
843 1685 1178 1736 ‚‚ambadede1·it“,
1210 1689 1277 1725 vix
1306 1701 1492 1737 umquam
1516 1687 1657 1725 Latina
1679 1700 1756 1725 vox

295 1760 381 1796 fuit.
442 1759 624 1796 Mueller.
661 1758 787 1804 „Suae
817 1754 915 1794 sibi“
951 1758 1048 1794 coni.
1082 1777 1136 1782 —-
1168 1758 1261 1794 238.
1288 1758 1416 1794 simiai
1438 1755 1573 1793 Muell.
1592 1755 1754 1793 Prosod.
1790 1742 1796 1745 “

297 1842 335 1878 p.
369 1829 469 1875 3793
508 1828 634 1877 possis
673 1827 791 1863 etiam
835 1822 966 1872 „eius“
1001 1825 1158 1863 addere.
1191 1844 1243 1850 —
1277 1826 1371 1862 239.
1403 1825 1557 1861 Instare
1593 1823 1753 1869 factum,

297 1900 523 1934 constanter
553 1894 786 1932 contendere
818 1894 963 1930 factum
994 1907 1089 1939 esse,
1123 1893 1168 1930 cf.
1201 1892 1290 1930 Ter.
1325 1892 1445 1930 Andr.
1483 1893 1516 1939 1,
1538 1893 1570 1940 l,
1595 1892 1672 1929 120
1689 1891 1757 1928 ubi

300 1963 439 2002 Donat.
480 1963 584 2000 hunc
620 1963 748 2000 locum
788 1961 917 1999 affert.
958 1962 1099 2011 Amph.
1142 1962 1236 1998 877.
1269 1980 1324 1985 —
1357 1962 1450 1998 241.
1483 1972 1567 1997 eam
1596 1960 1756 2010 scripsi;

298 2033 416 2070 ceteri
456 2031 543 2068 edd.
586 2032 667 2068 fere
709 2031 830 2068 verba
869 2032 1145 2079 transponunt,
1177 2033 1222 2066 ut
1253 2028 1407 2067 Guiet.:
1444 2028 1530 2078 „Ad
1561 2041 1622 2065 me
1652 2028 1757 2065 intro

297 2096 496 2138 domum“.
532 2120 581 2125 —
616 2100 711 2137 242.
744 2098 810 2136 illi.
859 2098 904 2135 R.
938 2111 1025 2135 cum
1056 2097 1170 2135 Both.
1207 2095 1371 2144 „illud“‚
1405 2097 1525 2143 male3
1556 2097 1655 2133 bene
1687 2107 1756 2133 vo-

297 2169 426 2206 lumus
468 2180 544 2204 non
583 2181 666 2205 rem
705 2168 893 2217 aliquam,
935 2167 1003 2203 sed
1034 2178 1224 2215 personae,
1267 2167 1328 2202 cui
1359 2165 1545 2202 favemus.
1577 2182 1633 2189 ·—
1664 2163 1756 2201 243.

299 2237 412 2274 Hunc
449 2249 603 2273 versum
643 2234 891 2272 antecedenti
927 2234 1244 2284 postponendum
1283 2246 1366 2270 esse
1396 2233 1497 2270 vidit
1527 2231 1758 2269 Gulielmus.

298 2307 369 2352 ast,
394 2318 429 2342 v.
457 2304 506 2341 ad
532 2303 643 2352 capt.
671 2305 763 2341 677.
810 2302 973 2340 Jordan.
999 2303 1101 2339 Krit.
1126 2302 1249 2339 Beitr.
1277 2316 1315 2352 p.
1336 2301 1428 2339 293.
1461 2319 1511 2326 ·—
1537 2299 1760 2337 244-262

299 2372 497 2422 quomodo
526 2373 566 2409 in
598 2372 631 2408 A
663 2371 804 2420 scripti
828 2372 919 2417 sint,
946 2372 1127 2420 exposuit
1152 2369 1411 2408 Studemund.
1439 2368 1486 2404 de
1513 2371 1610 2404 actae
1637 2366 1760 2405 Stichi

297 2444 474 2490 tempore
512 2454 550 2490 p.
595 2440 657 2476 19.
690 2458 744 2463 —
782 2437 864 2486 Quo
903 2440 1025 2485 rmaye's
1065 2437 1170 2475 Cam.
1203 2458 1257 2463 —-
1298 2438 1391 2475 245.
1432 2437 1483 2474 ad
1520 2448 1576 2473 me
1615 2435 1761 2473 haedus

299 2510 427 2546 uisust
456 2510 502 2545 A.
535 2527 589 2532 —
621 2506 713 2544 248.
745 2507 854 2551 enlm,
887 2509 911 2544 i.
944 2520 975 2544 e.
1009 2506 1170 2554 scilicet,
1204 2520 1240 2544 v.
1274 2505 1323 2542 ad
1356 2504 1495 2554 Amph.
1531 2506 1630 2551 6513
1670 2502 1759 2541 add.

300 2576 412 2625 Capt.
447 2578 539 2614 563.
588 2575 707 2612 Poen.
743 2576 834 2613 384.
870 2575 963 2611 853.
1001 2593 1052 2598 —
1083 2574 1289 2611 abductam
1328 2573 1434 2610 illam
1465 2584 1575 2619 aeyre
1599 2572 1687 2619 pati
1713 2570 1760 2608 A.

299 2665 355 2669 —
387 2645 480 2681 250.
512 2645 600 2688 nisi,
633 2657 668 2680 v.
703 2643 752 2680 ad
783 2642 873 2679 Aul.
903 2643 995 2679 357.
1041 2661 1083 2667 —
1117 2643 1208 2679 252.
1236 2640 1317 2678 luci
1340 2640 1460 2686 Cam„
1489 2653 1523 2676 v.
1551 2640 1601 2676 ad
1617 2638 1761 2689 Amph.

303 2713 402 2758 1633
435 2725 479 2747 ac
512 2710 598 2763 fieri*
627 2715 792 2760 postest,
825 2715 869 2747 ut
899 2709 1000 2747 idem
1033 2711 1071 2746 in
1091 2711 1123 2746 A
1155 2710 1287 2746 fuerit.
1323 2728 1370 2733 —
1406 2709 1499 2745 253.
1533 2709 1571 2744 id
1600 2707 1701 2755 quod
1715 2708 1762 2757 A,

300 2780 351 2816 ibe?
395 2779 518 2827 idem,
567 2779 673 2828 quod
722 2778 1009 2828 praeferendum
1057 2778 1217 2815 videtur
1262 2778 1310 2823 ei,
1358 2775 1461 2826 quod
1510 2780 1600 2813 cett.
1649 2773 1762 2812 codd.
