1963 3243
145 220 210 265 IV,
234 222 267 264 2,
294 221 403 255 1-17
798 223 993 258 Poenulus.
1562 229 1638 268 167

418 448 815 492 SYNCERASTUS
847 449 1099 499 MILPHIO,
1135 449 1301 493 SERUI
1333 451 1384 493 II.
1608 452 1638 494 C

709 597 1071 652 Syncerastus

146 669 260 712 Satis
307 674 550 724 spectatum
597 673 673 720 est,
723 669 825 711 deos
871 673 1003 723 atque
1041 669 1237 712 homines
1277 672 1367 712 eius
1409 671 1636 726 neglegere

1162 742 1361 795 gratiam,

146 812 254 864 Quoi
292 811 454 855 homiui
496 826 594 854 erus
633 816 696 854 est
742 812 998 864 consimilis,
1046 813 1167 855 uelut
1213 828 1290 867 ego
1337 814 1477 857 habeo
1523 814 1637 858 hunc

1163 885 1423 929 huiusmodi.

143 955 292 1010 Neque
324 956 540 1010 periurior
570 969 709 1010 neque
742 957 864 1010 peior
896 957 1005 999 alter
1037 971 1219 1011 usquam
1253 962 1320 1000 est
1350 959 1554 1012 gentium,

144 1025 279 1077 Quam
318 1041 417 1069 erus
454 1042 574 1070 meus
613 1032 697 1080 est,
739 1042 879 1082 neque
911 1034 999 1070 tam
1032 1028 1176 1071 luteus
1207 1043 1346 1084 neque
1378 1034 1468 1072 tam
1502 1044 1635 1073 caeno

1164 1101 1363 1143 conlitus.
1571 1113 1637 1148 825

140 1170 208 1213 Ita
239 1185 306 1213 me
339 1170 380 1213 di
414 1175 572 1221 ament,
605 1172 675 1213 uel
706 1172 749 1213 in
781 1172 1005 1214 lautumiis
1037 1172 1105 1214 uel
1138 1173 1180 1214 in
1216 1173 1400 1227 pistrino
1433 1173 1635 1216 mauelim

141 1243 277 1297 Agere
309 1247 499 1285 aetatem
531 1244 815 1298 praepeditus
849 1244 993 1286 catulo
1026 1243 1127 1286 forti
1160 1244 1310 1295 ferreo,

144 1313 280 1364 Quam
324 1315 439 1369 apud
480 1315 676 1358 lenonem
717 1315 832 1357 hunc
871 1316 1128 1358 seruit-utem
1169 1317 1322 1358 colere.
1395 1317 1507 1368 Quid
1547 1317 1637 1359 illic

1163 1394 1228 1430 est>
1259 1389 1400 1442 gelus!

142 1457 260 1509 Quae
292 1459 382 1501 illic
412 1458 634 1501 hominum
668 1459 944 1513 corruptelae
975 1459 1106 1502 fiunt!
1143 1460 1197 1511 di,
1229 1466 1422 1503 nostram
1453 1461 1604 1504 fidem!

141 1530 335 1581 Quoduis
353 1545 488 1585 genus
505 1532 565 1574 ibi
583 1531 804 1573 hominum
821 1531 985 1582 uideas,
1004 1533 1127 1586 quasi
1140 1532 1431 1575 Acheruntem
1448 1534 1633 1585 ueneris,

141 1601 354 1658 Equitem,
374 1603 575 1657 peditem,
602 1604 866 1654 libertinum,
893 1604 1030 1647 furem
1056 1618 1107 1646 ac
1130 1603 1360 1658 fugitiuom
1389 1606 1541 1657 scelus,
1570 1618 1633 1652 831

142 1674 442 1727 Uerberatum,
467 1676 675 1728 uinctum,
707 1676 940 1718 addictum.
1006 1676 1085 1726 Qui
1113 1676 1260 1727 habet,
1285 1677 1401 1730 quod
1426 1677 1513 1729 det,
1539 1682 1638 1720 utut

1162 1749 1290 1791 homo
1323 1754 1400 1799 est,

141 1817 295 1861 Omnia
326 1833 483 1873 genera
513 1821 802 1874 recipiuntur,
834 1821 983 1875 itaque
1015 1822 1056 1862 in
1089 1821 1194 1863 totis
1227 1821 1409 1862 aedibus

140 1889 374 1942 Tenebrae,
406 1891 622 1942 latebrae,
654 1892 832 1944 bibitur,
867 1897 1008 1943 estur,
1055 1894 1179 1948 quasi
1210 1894 1254 1934 in
1286 1894 1470 1947 popina.
1518 1894 1633 1936 haud

1166 1979 1304 2007 secus.

140 2034 206 2077 Ibi
235 2040 283 2078 tu
315 2035 467 2078 uideas
498 2036 718 2078 litteratas
749 2035 906 2078 fictiles
939 2035 1164 2090 epistulas,
1568 2049 1636 2083 835

141 2106 239 2149 Pice
272 2108 489 2160 signatas;
522 2109 698 2150 nomina
729 2109 877 2150 insunt
908 2109 1102 2150 cubitum
1133 2108 1275 2160 longis
1307 2108 1476 2150 litteris.

141 2177 208 2220 Ita
238 2179 506 2221 uinariorum
538 2179 747 2222 habemus
778 2186 954 2222 nostrae
988 2180 1193 2222 dilectum
1227 2179 1354 2221 domi.

774 2282 1004 2336 Milphio
1239 2341 1243 2344 .

142 2352 296 2395 Omnia
327 2353 481 2408 edepol
511 2355 621 2397 mira
653 2359 765 2406 sunt,
798 2355 881 2397 nisi
915 2368 1012 2396 erus
1045 2354 1158 2396 hunc
1191 2353 1393 2395 heredem
1424 2353 1541 2402 facit,

228 2515 296 2549 822
320 2526 388 2550 nec
413 2514 536 2560 legere
618 2517 683 2550 823
710 2515 788 2559 Quo
815 2517 851 2550 in
877 2515 1016 2549 homini
1042 2515 1085 2557 B,
1114 2514 1192 2558 Quo
1218 2514 1255 2549 hi
1281 2515 1451 2550 homines
1479 2515 1508 2550 C
1598 2522 1631 2550 et

230 2582 329 2606 nunc
394 2572 461 2606 825
488 2577 544 2608 est
569 2583 634 2608 om.
651 2572 680 2607 C
747 2573 814 2607 826
839 2571 1046 2616 pristinoB
1116 2573 1183 2607 827
1209 2571 1447 2616 praeditusB
1519 2573 1634 2607 latere

139 2629 207 2663 827
230 2628 318 2663 forti
342 2628 439 2664 ferro
521 2630 588 2664 828
611 2629 699 2664 illuc
727 2627 756 2663 C
824 2640 937 2673 genus
1015 2630 1082 2663 829
1109 2628 1295 2663 hominem
1321 2628 1357 2662 Β
1433 2629 1496 2663 831
1525 2628 1635 2674 Equi-

139 2687 237 2720 taem
262 2685 449 2729 peditaem
475 2685 511 2720 B
610 2685 655 2720 ad
680 2685 877 2730 fugitiuum
905 2685 995 2720 uelis
1089 2686 1157 2720 832
1182 2689 1222 2719 ut
1315 2686 1383 2720 834
1409 2689 1489 2720 estu
1517 2685 1546 2720 Ο

139 2752 290 2786 popona
315 2741 344 2777 C
457 2742 529 2777 hau
553 2741 590 2777 Β
712 2743 778 2777 835
803 2741 936 2776 fictiles
962 2752 1028 2776 om.
1057 2741 1087 2777 C
1206 2742 1384 2785 epistules
1410 2741 1446 2777 Β
1567 2743 1633 2778 837

141 2798 369 2834 uinci-iorum
395 2797 431 2833 Β
524 2800 591 2834 838
615 2799 692 2834 nesi
1237 2814 1240 2816 ·
