1963 3243
123 236 151 276 Ι,
178 237 210 278 2,
237 235 370 270 88-96
762 236 958 270 Poenulus.
1532 244 1606 282 127

672 361 1051 414 Ayorastocles

912 433 1086 487 Pergis?

747 524 979 576 Milphio

1047 596 1198 638 Taceo.

670 690 1050 743 Ayorastocles

1165 762 1221 803 At
1253 767 1460 816 perpetuo
1494 763 1604 804 uolo.

747 833 978 885 Milphio

122 903 364 954 Enimuero,
398 917 481 950 ere,
514 917 608 946 meo
642 919 707 946 me
739 905 917 947 lacessis
949 906 1052 947 ludo
1085 910 1128 947 et
1160 905 1336 947 delicias
1367 906 1487 947 facis.

681 995 1042 1037 Anterastilis

122 1065 234 1108 Satis
264 1081 378 1108 nunc
409 1066 551 1121 lepide
585 1073 781 1109 ornatam
815 1067 956 1117 credo,
989 1082 1122 1118 soror,
1156 1074 1198 1109 te
1230 1069 1308 1109 tibi
1340 1069 1538 1119 uiderier,

120 1137 202 1180 Sed
227 1138 302 1180 ubi
326 1139 523 1192 exempla
548 1139 821 1180 conferentur
839 1141 1112 1181 meretricum
1138 1140 1332 1190 aliarum,
1358 1141 1417 1182 ibi
1436 1140 1515 1182 tibi
1541 1152 1606 1186 295

118 1209 211 1252 Erit
243 1210 491 1261 cordolium,
526 1211 562 1252 si
594 1224 722 1264 quam
755 1216 952 1252 ornatam
985 1212 1135 1254 melius
1168 1211 1278 1254 forte
1311 1212 1576 1267 adspexeris.

668 1302 1054 1354 Adelphasimn

119 1372 290 1414 Inuidia
313 1373 356 1414 in
381 1386 448 1414 me
464 1387 700 1428 numquam
717 1374 869 1415 innata
887 1380 962 1423 est,
989 1389 1128 1429 neque
1147 1374 1325 1426 malitia,
1351 1389 1446 1416 mea
1464 1389 1604 1417 soror:

119 1444 236 1486 Bono
263 1445 363 1486 med
392 1459 484 1487 esse
519 1446 688 1499 ingenio
720 1452 918 1487 ornatum
953 1460 1080 1501 quam
1109 1460 1227 1497 auro,
1259 1447 1394 1488 multo
1419 1447 1602 1489 mauolo.

118 1516 278 1558 Aurum
310 1515 486 1559 fortuna
517 1518 748 1568 inuenitur,
780 1523 938 1559 natura
970 1519 1186 1572 ingenium
1219 1519 1391 1560 bonurn.

118 1588 280 1630 Bonam
312 1602 392 1642 ego
425 1604 553 1642 quam
587 1589 759 1631 beatam
793 1604 859 1631 me
892 1605 983 1632 esse
1015 1592 1147 1633 nimio
1182 1591 1266 1631 dici
1300 1591 1484 1642 mauolo,
1538 1602 1605 1635 300

115 1659 385 1703 Meretricem
416 1661 625 1716 pudorem
658 1676 806 1715 gerere
840 1663 976 1716 magis
1010 1662 1132 1704 decet
1164 1676 1294 1716 quam
1328 1677 1576 1716 purpuram.

116 1731 359 1787 [Magisque
390 1735 660 1782 meretricem
701 1734 930 1788 pudorem,
972 1749 1101 1789 quam
1138 1748 1289 1775 aurum
1321 1749 1470 1788 gerere
1504 1748 1602 1776 con—

1133 1805 1288 1860 decet.]

116 1875 314 1918 Pulcrum
346 1882 546 1919 ornatum
577 1882 726 1931 turpes
760 1893 900 1920 mores
932 1879 1054 1932 peius
1088 1892 1220 1920 caeno
1253 1879 1495 1930 conlinunt3

117 1947 267 2002 Lepidi
300 1963 439 1992 mores
470 1955 641 2003 turpem
675 1954 873 1992 ornatum
906 1949 1033 1992 facile
1064 1950 1191 1992 factis
1224 1950 1506 2004 conprobant.

665 2041 1046 2094 Assorastocles

115 2109 206 2152 Eho
238 2117 297 2163 tu,
329 2113 403 2154 uin
434 2118 481 2154 tu
512 2112 679 2154 facinus
711 2111 853 2154 facere
885 2113 1075 2167 lepidum
1107 2117 1151 2154 et
1180 2112 1411 2155 festiuom‘?

742 2203 975 2256 Milphio

1387 2275 1507 2317 Uolo.
1535 2286 1601 2320 305

664 2362 1044 2415 Ayorastocles

116 2430 239 2474 Potin
271 2447 316 2475 es
347 2433 453 2475 mihi
485 2434 764 2476 auscultare?

202 2581 268 2615 292
291 2581 417 2625 perdis
509 2582 576 2615 293
601 2591 687 2615 aere
782 2581 952 2615 laccessis
1053 2581 1119 2614 295
1144 2579 1389 2614 conferuntur
1480 2590 1597 2614 mere-

114 2636 258 2671 tricium
286 2636 314 2672 Ο
404 2639 470 2672 298
494 2648 552 2672 me
579 2649 658 2672 esse
682 2638 833 2682 ingenio
859 2638 901 2680 A,
930 2648 986 2671 me
1011 2637 1160 2681 ingenio
1188 2648 1267 2670 esse
1293 2636 1339 2680 B,
1365 2637 1516 2680 ingenio
1542 2647 1600 2670 me

115 2702 193 2728 ense
219 2692 248 2728 Ο
382 2695 448 2729 299
472 2695 612 2729 Aurum
638 2695 675 2728 in
701 2693 775 2735 BG,
803 2697 940 2728 Aurum
968 2694 1002 2727 id
1029 2694 1062 2727 A
1197 2695 1263 2727 300
1288 2693 1431 2728 decima
1457 2693 1540 2728 uolo
1565 2693 1600 2727 B

114 2749 175 2783 301
200 2752 369 2794 proximo
388 2753 579 2795 postponit
602 2751 635 2785 A
735 2752 801 2785 302
826 2751 944 2795 Magis
971 2751 1050 2795 quit
1073 2749 1118 2792 B,
1145 2750 1265 2794 Magis
1291 2750 1377 2794 quid
1408 2749 1438 2786 O
1534 2751 1600 2785 306

113 2803 271 2842 Potesne
365 2808 564 2842 auscultari
589 2807 626 2842 Β
