1963 3243
110 138 171 179 IV.
196 140 228 181 2.
252 138 388 172 80--88
673 138 997 179 Miles-gloriosus.
1511 137 1557 174 ‘dl

652 263 1023 318 Milphidippa

111 337 334 391 Quomque
367 335 742 380 oratricemhaud
777 336 980 389 spreuisti
1008 335 1189 387 sistique
1214 348 1392 376 exorare
1426 348 1475 375 ex
1510 338 1565 375 te.

693 459 995 502 Palaestrio

111 517 223 568 Quid
251 519 343 560 est?

653 608 1022 663 Milphidippa

252 681 308 723 Ut
325 682 438 728 ludo.
458 696 624 736 nequeo
643 681 785 724 hercle
803 680 995 734 equidem
1015 681 1104 722 risu
1124 695 1219 722 meo
1235 681 1321 721 iam
1338 679 1565 721 moderari.

110 754 174 797 Ob
206 768 301 796 eam
333 768 509 796 causam
540 754 623 796 huc
655 754 732 796 abs
763 759 805 795 te
837 753 994 794 auorti.

612 879 1062 933 Pyrgopolinices

876 951 970 993 Non
1003 951 1156 1005 edepol
1190 957 1235 991 tu
1269 951 1365 1000 scis,
1398 949 1565 998 mulier,

111 1022 328 1074 Quantum
360 1037 438 1078 ego
470 1024 678 1066 honorem
709 1038 821 1066 nunc
852 1024 915 1065 illi
946 1023 1100 1066 habeo.

653 1149 1024 1205 Milphidippa

857 1221 953 1264 Scio
985 1227 1028 1264 et
1059 1222 1173 1263 istuc
1204 1221 1267 1262 illi
1294 1220 1446 1261 dicam.
1482 1230 1570 1264 1070

680 1348 994 1391 Palaestrio

111 1419 272 1462 Contra
303 1435 408 1463 auro
441 1421 516 1463 alii
547 1422 661 1463 hanc
691 1422 881 1463 uendere
914 1421 1056 1474 potuit
1087 1433 1276 1474 operam.

652 1546 1021 1601 Milphidippa

1057 1619 1136 1660 Pol
1167 1619 1281 1660 istuc
1312 1617 1392 1659 tibi
1424 1616 1565 1658 credo.

680 1709 994 1752 Palaestrio

110 1781 217 1824 Meri
249 1782 484 1825 bellatores
516 1784 764 1837 gignuntur,
797 1797 904 1837 quas
937 1784 1007 1825 hic
1038 1783 1289 1837 praegnatis
1321 1781 1439 1831 fecit,

110 1854 165 1896 Et
195 1856 316 1909 pueri
347 1869 482 1897 annos
516 1857 789 1909 octingentos
821 1857 986 1898 uiuont.

652 1969 1024 2024 Milphidippa

1058 2041 1150 2084 Uae
1182 2041 1273 2091 tibi,
1304 2045 1501 2093 nugator.

619 2156 1052 2210 Pyryopolz‘niees

110 2226 221 2278 Quin
246 2228 361 2270 mille
387 2243 598 2271 annorum
626 2235 837 2284 perpetuo
861 2230 1015 2272 uiuont
1037 2229 1092 2270 ab
1118 2228 1263 2270 saeclo
1288 2227 1342 2269 ad
1361 2227 1562 2269 saeclum.

679 2343 712 2384 P
722 2344 807 2386 ala
820 2358 842 2386 e
854 2345 991 2386 strio

110 2413 173 2456 Eo
189 2415 329 2457 minus
347 2415 448 2466 dixi,
467 2431 520 2458 ne
537 2416 645 2458 haec
663 2422 857 2459 censeret
875 2431 939 2458 me
958 2417 1190 2459 aduorsum
1211 2430 1254 2457 se
1273 2416 1457 2456 mentiri.
1480 2422 1567 2459 1075

204 2541 290 2574 1067
315 2539 382 2584 Qffi
406 2552 465 2575 me
491 2540 536 2578 B.
564 2540 729 2585 Cumque
754 2551 811 2574 me
838 2540 866 2575 C
946 2541 998 2575 hii
1024 2541 1069 2583 B,
1097 2541 1156 2576 hic
1183 2540 1212 2574 0
1246 2540 1250 2543 ’
1290 2541 1383 2574 ixste
1478 2540 1566 2574 1068

112 2595 205 2640 Quid
229 2602 287 2631 est
310 2602 349 2632 ut
376 2597 475 2632 ludo.
494 2597 567 2633 PA.
651 2608 769 2642 neque
794 2596 830 2632 B
923 2598 1072 2643 quidem
1167 2598 1281 2632 risum
1308 2609 1349 2632 ac
1374 2596 1410 2631 B
1492 2598 1564 2630 iam

111 2663 176 2689 om-
276 2654 508 2689 moderarier
611 2656 695 2689 1069
722 2655 789 2690 MI.
815 2654 871 2689 Ob
896 2655 941 2697 B,
969 2655 1035 2689 Ml.
1061 2655 1117 2688 Ab
1145 2654 1174 2689 G
1266 2656 1350 2688 1072
1373 2655 1564 2690 bellatoris

111 2711 310 2756 cinguntur
333 2711 369 2746 B
462 2714 677 2756 pregnantis
704 2711 732 2747 Ο
831 2713 917 2746 1073
942 2712 1015 2746 ΡΑ.
1042 2723 1087 2746 ue
1110 2710 1156 2753 Β,
1184 2710 1253 2746 PY.
1279 2722 1323 2745 ue
1350 2711 1378 2746 0
1478 2714 1566 2747 1074

112 2766 181 2802 PY.
207 2778 273 2803 om.
367 2767 436 2813 Qui
530 2769 677 2804 absacio
730 2787 737 2794 ·
775 2770 861 2804 1075
886 2770 1047 2804 censerit
1069 2767 1106 2802 B
