1963 3243
335 157 414 196 190
1004 149 1125 186 Plauti
1505 151 1568 196 IV,
1593 155 1626 194 3,
1649 150 1807 188 21—28‘
1862 175 1871 197 9

942 277 1182 332 Dorippa

1144 349 1390 391 Resciscam
1421 355 1580 391 tamen.

331 418 488 474 [Cupio
517 420 663 462 hercle
695 420 825 471 scire3
856 419 933 461 sed
963 423 1012 461 tu
1041 433 1109 461 mc
1139 424 1327 475 temptas
1357 421 1531 472 sciens]

888 555 1234 610 Lysimachus
1654 606 1658 609 ,

332 627 415 670 Uin
446 628 600 680 dicam,
631 628 764 682 quoia
794 627 890 669 est?
948 626 1043 678 Illa,
1073 627 1150 669 illa
1182 627 1338 682 edepol
1369 651 1424 657 -
1453 642 1536 669 uae
1568 629 1685 680 mihi,

330 698 488 741 Nescio
519 699 624 754 quid
656 698 810 741 dicam.

942 778 1181 832 Dorippa

805 850 982 892 Haeres.

887 962 1235 1017 Lysimachus
1460 1015 1466 1019 ,

1143 1035 1273 1077 Haud
1305 1035 1397 1077 uidi
1428 1037 1579 1089 magis.
1718 1048 1786 1082 715

940 1148 1071 1191 Dori
1155 1162 1182 1191 a

331 1221 442 1272 Quin
477 1221 613 1263 dicis?
1081 1163 1146 1249 p-I)

888 1315 957 1370 Ly
967 1316 1063 1358 sim
1073 1329 1099 1357 a
1109 1329 1132 1357 c
1141 1315 1207 1357 hu
1217 1329 1237 1357 s

636 1387 764 1439 Quin,
795 1388 831 1430 si
861 1387 1004 1430 liceat.

940 1502 977 1543 D
988 1516 1012 1545 o
1023 1503 1104 1557 rip
1115 1516 1143 1556 p
1153 1515 1180 1543 a

1006 1574 1181 1616 Dictum
1211 1573 1418 1627 oportuit.

886 1687 920 1729 L
927 1702 984 1742 ys
993 1688 1008 1729 i
1017 1702 1059 1729 m
1071 1701 1097 1730 a
1106 1687 1166 1730 ch
1175 1702 1202 1729 u
1213 1701 1233 1730 s

330 1761 427 1804 Non
458 1775 649 1816 possum,
680 1761 745 1802 ita
775 1761 931 1812 instas3
962 1774 1090 1814 urges
1122 1760 1248 1814 quasi
1280 1773 1358 1814 pro
1390 1760 1532 1801 noxio.

942 1897 978 1938 D
991 1910 1014 1938 ο
1025 1911 1047 1938 r
1056 1897 1070 1938 i
1079 1911 1106 1950 p
1117 1911 1143 1951 p
1154 1910 1180 1938 a

331 1970 441 2021 Scio,
474 1969 703 2012 innoxiu's.

886 2049 920 2090 L
927 2063 954 2104 y
966 2050 1008 2091 si
1020 2063 1062 2090 m
1071 2063 1097 2090 a
1107 2063 1130 2090 c
1139 2048 1168 2090 h
1177 2063 1205 2090 u
1215 2063 1234 2090 s

735 2121 956 2163 Audacter
987 2121 1185 2174 quamuis
1216 2121 1361 2163 dicito.

941 2234 1194 2288 Dorippa·

332 2311 409 2352 Dic
438 2310 583 2364 igitur.

887 2385 1232 2440 Lysimachus

603 2461 754 2502 Dicam
787 2482 839 2487 -

942 2539 1180 2593 Dorippa

873 2611 1002 2666 Atqui
1036 2610 1314 2653 dicundumst
1345 2615 1504 2653 tamen.

419 2771 494 2821 713³
513 2770 702 2805 Resiscam
730 2768 766 2804 B
858 2769 925 2803 714
950 2769 1009 2803 cui
1035 2773 1091 2803 est
1115 2767 1151 2803 Β
1244 2769 1310 2803 ’719
1335 2772 1374 2803 at
1399 2769 1487 2813 quid
1510 2766 1547 2804 B
