<?xml version="1.0" encoding="UTF-8"?>
<!DOCTYPE html PUBLIC "-//W3C//DTD XHTML 1.0 Transitional//EN"
    "http://www.w3.org/TR/xhtml1/DTD/xhtml1-transitional.dtd">
<html xmlns="http://www.w3.org/1999/xhtml" xml:lang="en" lang="en">
 <head>
  <title>
</title>
<meta http-equiv="Content-Type" content="text/html;charset=utf-8" />
  <meta name='ocr-system' content='tesseract 3.04.00' />
  <meta name='ocr-capabilities' content='ocr_page ocr_carea ocr_par ocr_line ocrx_word'/>
</head>
<body>
  <div class='ocr_page' id='page_1' title='image "./comoediaerecensu04plauuoft_0165.png"; bbox 0 0 1963 3243; ppageno 0'>
   <div class='ocr_carea' id='block_1_1' title="bbox 106 190 1559 235">
    <p class='ocr_par' dir='ltr' id='par_1_1' title="bbox 106 190 1559 235">
     <span class='ocr_line' id='line_1_1' title="bbox 106 190 1559 235; baseline 0.003 -12"><span class='ocrx_word' id='word_1_1' title='bbox 106 190 152 234; x_wconf 81' lang='grc' dir='ltr'>Π,</span> <span class='ocrx_word' id='word_1_2' title='bbox 175 192 208 231; x_wconf 75' lang='grc'>8,</span> <span class='ocrx_word' id='word_1_3' title='bbox 231 191 368 224; x_wconf 82' lang='lat'>48-57</span> <span class='ocrx_word' id='word_1_4' title='bbox 727 190 921 225; x_wconf 80' lang='lat' dir='ltr'><strong>Mercator.</strong></span> <span class='ocrx_word' id='word_1_5' title='bbox 1484 199 1494 234; x_wconf 80' lang='grc'>1</span> <span class='ocrx_word' id='word_1_6' title='bbox 1509 198 1559 235; x_wconf 79' lang='grc'>59</span> 
     </span>
    </p>
   </div>
   <div class='ocr_carea' id='block_1_2' title="bbox 105 313 1557 585">
    <p class='ocr_par' dir='ltr' id='par_1_2' title="bbox 105 313 1557 585">
     <span class='ocr_line' id='line_1_2' title="bbox 701 313 968 357; baseline 0.004 -2"><span class='ocrx_word' id='word_1_7' title='bbox 701 313 968 357; x_wconf 83' lang='lat' dir='ltr'>Charinus</span> 
     </span>
     <span class='ocr_line' id='line_1_3' title="bbox 106 387 1557 440; baseline 0 -8"><span class='ocrx_word' id='word_1_8' title='bbox 106 390 187 433; x_wconf 77' lang='lat' dir='ltr'>Res</span> <span class='ocrx_word' id='word_1_9' title='bbox 226 387 368 430; x_wconf 85' lang='lat' dir='ltr'>adhuc</span> <span class='ocrx_word' id='word_1_10' title='bbox 407 387 578 440; x_wconf 71' lang='lat' dir='ltr'>quidem</span> <span class='ocrx_word' id='word_1_11' title='bbox 620 387 763 428; x_wconf 87' lang='lat' dir='ltr'>hercle</span> <span class='ocrx_word' id='word_1_12' title='bbox 830 389 870 428; x_wconf 84' lang='lat' dir='ltr'>in</span> <span class='ocrx_word' id='word_1_13' title='bbox 914 394 1070 433; x_wconf 78' lang='lat' dir='ltr'>tutost:</span> <span class='ocrx_word' id='word_1_14' title='bbox 1113 404 1210 430; x_wconf 82' lang='lat' dir='ltr'>nani</span> <span class='ocrx_word' id='word_1_15' title='bbox 1246 389 1358 431; x_wconf 84' lang='lat' dir='ltr'>hunc</span> <span class='ocrx_word' id='word_1_16' title='bbox 1391 392 1557 432; x_wconf 66' lang='lat' dir='ltr'>nescire</span> 
     </span>
     <span class='ocr_line' id='line_1_4' title="bbox 1190 464 1378 503; baseline 0.005 -1"><span class='ocrx_word' id='word_1_17' title='bbox 1190 467 1258 502; x_wconf 83' lang='lat' dir='ltr'>sat</span> <span class='ocrx_word' id='word_1_18' title='bbox 1291 464 1378 503; x_wconf 79' lang='lat' dir='ltr'>scio</span> 
     </span>
     <span class='ocr_line' id='line_1_5' title="bbox 105 531 1294 585; baseline -0.003 -8"><span class='ocrx_word' id='word_1_19' title='bbox 105 535 164 577; x_wconf 86' lang='lat' dir='ltr'>De</span> <span class='ocrx_word' id='word_1_20' title='bbox 193 533 270 575; x_wconf 79' lang='lat' dir='ltr'>illa</span> <span class='ocrx_word' id='word_1_21' title='bbox 301 533 451 577; x_wconf 81' lang='lat' dir='ltr'>amica,</span> <span class='ocrx_word' id='word_1_22' title='bbox 484 531 600 585; x_wconf 88' lang='lat' dir='ltr'>quod</span> <span class='ocrx_word' id='word_1_23' title='bbox 634 533 668 572; x_wconf 84' lang='lat' dir='ltr'>si</span> <span class='ocrx_word' id='word_1_24' title='bbox 701 532 842 574; x_wconf 81' lang='lat' dir='ltr'>sciret.</span> <span class='ocrx_word' id='word_1_25' title='bbox 876 539 990 573; x_wconf 69' lang='lat' dir='ltr'>esset</span> <span class='ocrx_word' id='word_1_26' title='bbox 1022 533 1110 573; x_wconf 81' lang='lat' dir='ltr'>alia</span> <span class='ocrx_word' id='word_1_27' title='bbox 1141 535 1294 574; x_wconf 82' lang='lat' dir='ltr'>oratio.</span> 
     </span>
    </p>
   </div>
   <div class='ocr_carea' id='block_1_3' title="bbox 103 669 956 796">
    <p class='ocr_par' dir='ltr' id='par_1_3' title="bbox 103 669 956 796">
     <span class='ocr_line' id='line_1_6' title="bbox 700 669 956 722; baseline 0 -13"><span class='ocrx_word' id='word_1_28' title='bbox 700 669 956 722; x_wconf 85' lang='lat' dir='ltr'>Demipho</span> 
     </span>
     <span class='ocr_line' id='line_1_7' title="bbox 103 740 954 796; baseline -0.002 -12"><span class='ocrx_word' id='word_1_29' title='bbox 103 743 212 794; x_wconf 88' lang='lat' dir='ltr'>Quin</span> <span class='ocrx_word' id='word_1_30' title='bbox 244 755 323 796; x_wconf 86' lang='lat' dir='ltr'>ego</span> <span class='ocrx_word' id='word_1_31' title='bbox 355 741 468 782; x_wconf 90' lang='lat' dir='ltr'>hunc</span> <span class='ocrx_word' id='word_1_32' title='bbox 500 740 732 794; x_wconf 79' lang='lat' dir='ltr'>adgredior</span> <span class='ocrx_word' id='word_1_33' title='bbox 764 741 816 782; x_wconf 92' lang='lat' dir='ltr'>de</span> <span class='ocrx_word' id='word_1_34' title='bbox 850 742 954 782; x_wconf 75' lang='lat' dir='ltr'>illa?</span> 
     </span>
    </p>
   </div>
   <div class='ocr_carea' id='block_1_4' title="bbox 697 854 963 898">
    <p class='ocr_par' dir='ltr' id='par_1_4' title="bbox 697 854 963 898">
     <span class='ocr_line' id='line_1_8' title="bbox 697 854 963 898; baseline 0.008 -2"><span class='ocrx_word' id='word_1_35' title='bbox 697 854 963 898; x_wconf 87' lang='lat' dir='ltr'>Charinus</span> 
     </span>
    </p>
   </div>
   <div class='ocr_carea' id='block_1_5' title="bbox 100 928 1555 1054">
    <p class='ocr_par' dir='ltr' id='par_1_5' title="bbox 100 928 1555 1054">
     <span class='ocr_line' id='line_1_9' title="bbox 855 928 1555 983; baseline 0.009 -15"><span class='ocrx_word' id='word_1_36' title='bbox 855 928 966 978; x_wconf 88' lang='lat' dir='ltr'>Quin</span> <span class='ocrx_word' id='word_1_37' title='bbox 1000 943 1079 983; x_wconf 90' lang='lat' dir='ltr'>ego</span> <span class='ocrx_word' id='word_1_38' title='bbox 1112 929 1211 972; x_wconf 88' lang='lat' dir='ltr'>hinc</span> <span class='ocrx_word' id='word_1_39' title='bbox 1243 945 1308 972; x_wconf 91' lang='lat' dir='ltr'>me</span> <span class='ocrx_word' id='word_1_40' title='bbox 1341 932 1555 974; x_wconf 74' lang='lat' dir='ltr'>amolior?</span> 
     </span>
     <span class='ocr_line' id='line_1_10' title="bbox 100 999 1321 1054; baseline 0.001 -11"><span class='ocrx_word' id='word_1_41' title='bbox 100 1000 160 1044; x_wconf 87' lang='lat' dir='ltr'>Eo</span> <span class='ocrx_word' id='word_1_42' title='bbox 192 1014 284 1054; x_wconf 87' lang='lat' dir='ltr'>ego,</span> <span class='ocrx_word' id='word_1_43' title='bbox 317 1006 365 1041; x_wconf 79' lang='lat' dir='ltr'>ut</span> <span class='ocrx_word' id='word_1_44' title='bbox 397 1014 509 1054; x_wconf 81' lang='lat' dir='ltr'>quae</span> <span class='ocrx_word' id='word_1_45' title='bbox 543 999 751 1041; x_wconf 81' lang='lat' dir='ltr'>mandata</span> <span class='ocrx_word' id='word_1_46' title='bbox 783 1002 920 1042; x_wconf 85' lang='lat' dir='ltr'>amice</span> <span class='ocrx_word' id='word_1_47' title='bbox 952 1002 1103 1043; x_wconf 85' lang='lat' dir='ltr'>amicis</span> <span class='ocrx_word' id='word_1_48' title='bbox 1136 1002 1321 1044; x_wconf 84' lang='lat' dir='ltr'>tradam.</span> 
     </span>
    </p>
   </div>
   <div class='ocr_carea' id='block_1_6' title="bbox 696 1126 953 1181">
    <p class='ocr_par' dir='ltr' id='par_1_6' title="bbox 696 1126 953 1181">
     <span class='ocr_line' id='line_1_11' title="bbox 696 1126 953 1181; baseline 0.008 -14"><span class='ocrx_word' id='word_1_49' title='bbox 696 1126 953 1181; x_wconf 83' lang='lat' dir='ltr'>Demipho</span> 
     </span>
    </p>
   </div>
   <div class='ocr_carea' id='block_1_7' title="bbox 99 1201 1556 1326">
    <p class='ocr_par' dir='ltr' id='par_1_7' title="bbox 99 1201 1556 1326">
     <span class='ocr_line' id='line_1_12' title="bbox 1141 1201 1556 1253; baseline 0.014 -11"><span class='ocrx_word' id='word_1_50' title='bbox 1141 1201 1276 1242; x_wconf 91' lang='lat' dir='ltr'>Immo</span> <span class='ocrx_word' id='word_1_51' title='bbox 1308 1216 1456 1253; x_wconf 84' lang='lat' dir='ltr'>mane;</span> <span class='ocrx_word' id='word_1_52' title='bbox 1489 1213 1556 1248; x_wconf 83' lang='lat'>380</span> 
     </span>
     <span class='ocr_line' id='line_1_13' title="bbox 99 1269 1004 1326; baseline 0.002 -14"><span class='ocrx_word' id='word_1_53' title='bbox 99 1269 287 1312; x_wconf 82' lang='lat' dir='ltr'>Paucula</span> <span class='ocrx_word' id='word_1_54' title='bbox 317 1271 447 1313; x_wconf 86' lang='lat' dir='ltr'>etiam</span> <span class='ocrx_word' id='word_1_55' title='bbox 480 1272 705 1313; x_wconf 83' lang='lat' dir='ltr'>sciscitare</span> <span class='ocrx_word' id='word_1_56' title='bbox 739 1273 858 1326; x_wconf 86' lang='lat' dir='ltr'>prius</span> <span class='ocrx_word' id='word_1_57' title='bbox 891 1273 1004 1314; x_wconf 90' lang='lat' dir='ltr'>uolo.</span> 
     </span>
    </p>
   </div>
   <div class='ocr_carea' id='block_1_8' title="bbox 694 1401 1436 1529">
    <p class='ocr_par' dir='ltr' id='par_1_8' title="bbox 694 1401 1436 1529">
     <span class='ocr_line' id='line_1_14' title="bbox 694 1401 960 1445; baseline 0.008 -2"><span class='ocrx_word' id='word_1_58' title='bbox 694 1401 763 1443; x_wconf 91' lang='lat' dir='ltr'>Ch</span> <span class='ocrx_word' id='word_1_59' title='bbox 775 1403 960 1445; x_wconf 86' lang='lat' dir='ltr'>arinus</span> 
     </span>
     <span class='ocr_line' id='line_1_15' title="bbox 1049 1476 1436 1529; baseline 0.003 -12"><span class='ocrx_word' id='word_1_60' title='bbox 1049 1476 1140 1518; x_wconf 87' lang='lat' dir='ltr'>Dic.</span> <span class='ocrx_word' id='word_1_61' title='bbox 1177 1476 1279 1529; x_wconf 87' lang='lat' dir='ltr'>quid</span> <span class='ocrx_word' id='word_1_62' title='bbox 1313 1477 1436 1518; x_wconf 89' lang='lat' dir='ltr'>uelis.</span> 
     </span>
    </p>
   </div>
   <div class='ocr_carea' id='block_1_9' title="bbox 96 1578 949 1702">
    <p class='ocr_par' dir='ltr' id='par_1_9' title="bbox 96 1578 949 1702">
     <span class='ocr_line' id='line_1_16' title="bbox 692 1578 949 1632; baseline 0.004 -13"><span class='ocrx_word' id='word_1_63' title='bbox 692 1578 728 1619; x_wconf 94' lang='lat' dir='ltr'>D</span> <span class='ocrx_word' id='word_1_64' title='bbox 742 1593 764 1620; x_wconf 87' lang='lat' dir='ltr'>e</span> <span class='ocrx_word' id='word_1_65' title='bbox 777 1593 816 1619; x_wconf 93' lang='lat' dir='ltr'>m</span> <span class='ocrx_word' id='word_1_66' title='bbox 827 1579 840 1619; x_wconf 93' lang='lat' dir='ltr'>i</span> <span class='ocrx_word' id='word_1_67' title='bbox 852 1593 877 1632; x_wconf 92' lang='lat' dir='ltr'>p</span> <span class='ocrx_word' id='word_1_68' title='bbox 887 1579 915 1620; x_wconf 95' lang='lat' dir='ltr'><strong>h</strong></span> <span class='ocrx_word' id='word_1_69' title='bbox 926 1593 949 1620; x_wconf 95' lang='lat' dir='ltr'>o</span> 
     </span>
     <span class='ocr_line' id='line_1_17' title="bbox 96 1646 500 1702; baseline 0.005 -13"><span class='ocrx_word' id='word_1_70' title='bbox 96 1646 260 1702; x_wconf 87' lang='lat' dir='ltr'>Usquin</span> <span class='ocrx_word' id='word_1_71' title='bbox 291 1649 471 1691; x_wconf 84' lang='lat' dir='ltr'>ualuisti</span> <span class='ocrx_word' id='word_1_72' title='bbox 480 1650 500 1691; x_wconf 77' lang='lat'>⁴?</span> 
     </span>
    </p>
   </div>
   <div class='ocr_carea' id='block_1_10' title="bbox 98 1753 1552 2017">
    <p class='ocr_par' dir='ltr' id='par_1_10' title="bbox 98 1753 1552 2017">
     <span class='ocr_line' id='line_1_18' title="bbox 697 1753 961 1797; baseline 0.004 -1"><span class='ocrx_word' id='word_1_73' title='bbox 697 1753 961 1797; x_wconf 86' lang='lat' dir='ltr'>Charinus</span> 
     </span>
     <span class='ocr_line' id='line_1_19' title="bbox 594 1827 1550 1882; baseline 0.003 -13"><span class='ocrx_word' id='word_1_74' title='bbox 594 1827 812 1882; x_wconf 85' lang='lat' dir='ltr'>Perpetuo</span> <span class='ocrx_word' id='word_1_75' title='bbox 844 1833 976 1873; x_wconf 84' lang='lat' dir='ltr'>recte.</span> <span class='ocrx_word' id='word_1_76' title='bbox 1008 1829 1108 1870; x_wconf 88' lang='lat' dir='ltr'>dum</span> <span class='ocrx_word' id='word_1_77' title='bbox 1141 1829 1316 1882; x_wconf 89' lang='lat' dir='ltr'>quidem</span> <span class='ocrx_word' id='word_1_78' title='bbox 1349 1830 1439 1872; x_wconf 88' lang='lat' dir='ltr'>illic</span> <span class='ocrx_word' id='word_1_79' title='bbox 1470 1831 1550 1881; x_wconf 78' lang='lat' dir='ltr'>fui3</span> 
     </span>
     <span class='ocr_line' id='line_1_20' title="bbox 98 1894 1552 1955; baseline 0.005 -18"><span class='ocrx_word' id='word_1_80' title='bbox 98 1894 251 1938; x_wconf 86' lang='lat' dir='ltr'>Uerum</span> <span class='ocrx_word' id='word_1_81' title='bbox 282 1898 325 1939; x_wconf 89' lang='lat' dir='ltr'>in</span> <span class='ocrx_word' id='word_1_82' title='bbox 358 1903 532 1952; x_wconf 85' lang='lat' dir='ltr'>portum</span> <span class='ocrx_word' id='word_1_83' title='bbox 563 1899 647 1941; x_wconf 91' lang='lat' dir='ltr'>huc</span> <span class='ocrx_word' id='word_1_84' title='bbox 671 1905 720 1942; x_wconf 82' lang='lat' dir='ltr'>ut</span> <span class='ocrx_word' id='word_1_85' title='bbox 744 1915 838 1941; x_wconf 89' lang='lat' dir='ltr'>sum</span> <span class='ocrx_word' id='word_1_86' title='bbox 863 1901 1090 1951; x_wconf 81' lang='lat' dir='ltr'>aduectus,</span> <span class='ocrx_word' id='word_1_87' title='bbox 1109 1903 1255 1943; x_wconf 86' lang='lat' dir='ltr'>nescio</span> <span class='ocrx_word' id='word_1_88' title='bbox 1283 1903 1355 1955; x_wconf 92' lang='lat' dir='ltr'>qui</span> <span class='ocrx_word' id='word_1_89' title='bbox 1383 1904 1552 1945; x_wconf 88' lang='lat' dir='ltr'>animus</span> 
     </span>
     <span class='ocr_line' id='line_1_21' title="bbox 1180 1972 1450 2017; baseline 0.011 -3"><span class='ocrx_word' id='word_1_90' title='bbox 1180 1972 1284 2015; x_wconf 91' lang='lat' dir='ltr'>mihi</span> <span class='ocrx_word' id='word_1_91' title='bbox 1317 1974 1450 2017; x_wconf 80' lang='lat' dir='ltr'>dolet.</span> 
     </span>
    </p>
   </div>
   <div class='ocr_carea' id='block_1_11' title="bbox 95 2076 1549 2274">
    <p class='ocr_par' dir='ltr' id='par_1_11' title="bbox 95 2076 1549 2274">
     <span class='ocr_line' id='line_1_22' title="bbox 690 2076 949 2119; baseline 0.008 -2"><span class='ocrx_word' id='word_1_92' title='bbox 690 2076 839 2118; x_wconf 91' lang='lat' dir='ltr'>Demi</span> <span class='ocrx_word' id='word_1_93' title='bbox 887 2076 949 2119; x_wconf 91' lang='lat' dir='ltr'>ho</span> 
     </span>
     <span class='ocr_line' id='line_1_23' title="bbox 95 2091 1548 2200; baseline 0.006 -16"><span class='ocrx_word' id='word_1_94' title='bbox 95 2141 264 2186; x_wconf 86' lang='lat' dir='ltr'>Nausea</span> <span class='ocrx_word' id='word_1_95' title='bbox 295 2146 447 2200; x_wconf 91' lang='lat' dir='ltr'>edepol</span> <span class='ocrx_word' id='word_1_96' title='bbox 479 2148 642 2190; x_wconf 81' lang='lat' dir='ltr'>factum</span> <span class='ocrx_word' id='word_1_97' title='bbox 676 2091 1013 2200; x_wconf 45' lang='lat' dir='ltr'>cred0;11)1erum</span> <span class='ocrx_word' id='word_1_98' title='bbox 1046 2154 1236 2191; x_wconf 81' lang='lat' dir='ltr'>actutum</span> <span class='ocrx_word' id='word_1_99' title='bbox 1270 2150 1548 2193; x_wconf 85' lang='lat' dir='ltr'>abscesserit.</span> 
     </span>
     <span class='ocr_line' id='line_1_24' title="bbox 95 2212 1549 2274; baseline 0.006 -17"><span class='ocrx_word' id='word_1_100' title='bbox 95 2212 180 2258; x_wconf 88' lang='lat' dir='ltr'>Sed</span> <span class='ocrx_word' id='word_1_101' title='bbox 216 2218 318 2271; x_wconf 89' lang='lat' dir='ltr'>quid</span> <span class='ocrx_word' id='word_1_102' title='bbox 360 2220 454 2261; x_wconf 84' lang='lat' dir='ltr'>ais?</span> <span class='ocrx_word' id='word_1_103' title='bbox 500 2234 679 2274; x_wconf 89' lang='lat' dir='ltr'>ecquam</span> <span class='ocrx_word' id='word_1_104' title='bbox 718 2227 765 2262; x_wconf 82' lang='lat' dir='ltr'>tu</span> <span class='ocrx_word' id='word_1_105' title='bbox 807 2221 985 2264; x_wconf 82' lang='lat' dir='ltr'>aduexti</span> <span class='ocrx_word' id='word_1_106' title='bbox 1029 2226 1131 2264; x_wconf 85' lang='lat' dir='ltr'>tuae</span> <span class='ocrx_word' id='word_1_107' title='bbox 1174 2223 1307 2264; x_wconf 82' lang='lat' dir='ltr'>matri</span> <span class='ocrx_word' id='word_1_108' title='bbox 1347 2223 1549 2265; x_wconf 84' lang='lat' dir='ltr'>ancillam</span> 
     </span>
    </p>
   </div>
   <div class='ocr_carea' id='block_1_12' title="bbox 1182 2294 1551 2341">
    <p class='ocr_par' dir='ltr' id='par_1_12' title="bbox 1182 2294 1551 2341">
     <span class='ocr_line' id='line_1_25' title="bbox 1182 2294 1551 2341; baseline 0.016 -6"><span class='ocrx_word' id='word_1_109' title='bbox 1182 2294 1364 2337; x_wconf 82' lang='lat' dir='ltr'>Rhodo?</span> <span class='ocrx_word' id='word_1_110' title='bbox 1483 2307 1551 2341; x_wconf 86' lang='lat'>385</span> 
     </span>
    </p>
   </div>
   <div class='ocr_carea' id='block_1_13' title="bbox 688 2395 955 2439">
    <p class='ocr_par' dir='ltr' id='par_1_13' title="bbox 688 2395 955 2439">
     <span class='ocr_line' id='line_1_26' title="bbox 688 2395 955 2439; baseline 0.004 -1"><span class='ocrx_word' id='word_1_111' title='bbox 688 2395 955 2439; x_wconf 84' lang='lat' dir='ltr'>Charinus</span> 
     </span>
    </p>
   </div>
   <div class='ocr_carea' id='block_1_14' title="bbox 94 2646 1546 2856">
    <p class='ocr_par' dir='ltr' id='par_1_14' title="bbox 94 2646 1546 2856">
     <span class='ocr_line' id='line_1_27' title="bbox 191 2646 1546 2695; baseline 0.005 -15"><span class='ocrx_word' id='word_1_112' title='bbox 191 2646 257 2680; x_wconf 78' lang='lat'>37⁷</span> <span class='ocrx_word' id='word_1_113' title='bbox 281 2647 353 2682; x_wconf 91' lang='lat' dir='ltr'>huc</span> <span class='ocrx_word' id='word_1_114' title='bbox 377 2647 413 2682; x_wconf 99' lang='grc' dir='ltr'><strong><em>Β</em></strong></span> <span class='ocrx_word' id='word_1_115' title='bbox 517 2651 583 2684; x_wconf 83' lang='grc'>379</span> <span class='ocrx_word' id='word_1_116' title='bbox 609 2650 785 2694; x_wconf 81' lang='lat' dir='ltr'>agredior</span> <span class='ocrx_word' id='word_1_117' title='bbox 814 2651 843 2686; x_wconf 84' lang='lat'><em>0</em></span> <span class='ocrx_word' id='word_1_118' title='bbox 943 2653 1010 2686; x_wconf 90' lang='lat'>380</span> <span class='ocrx_word' id='word_1_119' title='bbox 1036 2653 1156 2686; x_wconf 70' lang='lat' dir='ltr'>amicfi</span> <span class='ocrx_word' id='word_1_120' title='bbox 1181 2652 1308 2686; x_wconf 82' lang='lat' dir='ltr'>amicis</span> <span class='ocrx_word' id='word_1_121' title='bbox 1334 2651 1379 2695; x_wconf 92' lang='grc' dir='ltr'>Β,</span> <span class='ocrx_word' id='word_1_122' title='bbox 1407 2653 1546 2687; x_wconf 81' lang='lat' dir='ltr'>amicus</span> 
     </span>
     <span class='ocr_line' id='line_1_28' title="bbox 94 2701 1544 2754; baseline 0.005 -19"><span class='ocrx_word' id='word_1_123' title='bbox 94 2701 216 2737; x_wconf 74' lang='lat' dir='ltr'>unicis</span> <span class='ocrx_word' id='word_1_124' title='bbox 242 2702 272 2738; x_wconf 82' lang='lat' dir='ltr'><strong><em>G</em></strong></span> <span class='ocrx_word' id='word_1_125' title='bbox 358 2706 422 2740; x_wconf 89' lang='grc'>381</span> <span class='ocrx_word' id='word_1_126' title='bbox 450 2707 574 2741; x_wconf 82' lang='lat' dir='ltr'>Pauca</span> <span class='ocrx_word' id='word_1_127' title='bbox 602 2707 631 2742; x_wconf 88' lang='lat' dir='ltr'><strong><em>C</em></strong></span> <span class='ocrx_word' id='word_1_128' title='bbox 727 2710 909 2744; x_wconf 79' lang='lat' dir='ltr'>suscitare</span> <span class='ocrx_word' id='word_1_129' title='bbox 935 2708 971 2743; x_wconf 94' lang='grc' dir='ltr'><strong><em>Β</em></strong></span> <span class='ocrx_word' id='word_1_130' title='bbox 1071 2711 1136 2743; x_wconf 81' lang='lat'>382</span> <span class='ocrx_word' id='word_1_131' title='bbox 1163 2708 1286 2752; x_wconf 84' lang='lat' dir='ltr'>Usque</span> <span class='ocrx_word' id='word_1_132' title='bbox 1307 2707 1353 2752; x_wconf 93' lang='lat' dir='ltr'>B,</span> <span class='ocrx_word' id='word_1_133' title='bbox 1380 2720 1544 2754; x_wconf 81' lang='lat' dir='ltr'>usquene</span> 
     </span>
     <span class='ocr_line' id='line_1_29' title="bbox 95 2755 1546 2807; baseline 0.004 -13"><span class='ocrx_word' id='word_1_134' title='bbox 95 2755 123 2792; x_wconf 82' lang='grc' dir='ltr'>Ο</span> <span class='ocrx_word' id='word_1_135' title='bbox 218 2760 284 2795; x_wconf 81' lang='grc'>383</span> <span class='ocrx_word' id='word_1_136' title='bbox 308 2763 393 2806; x_wconf 79' lang='lat' dir='ltr'>qnia</span> <span class='ocrx_word' id='word_1_137' title='bbox 418 2764 527 2798; x_wconf 89' lang='lat' dir='ltr'>nimis</span> <span class='ocrx_word' id='word_1_138' title='bbox 551 2763 588 2799; x_wconf 93' lang='grc' dir='ltr'><strong><em>Β</em></strong></span> <span class='ocrx_word' id='word_1_139' title='bbox 692 2767 760 2799; x_wconf 84' lang='grc'>384</span> <span class='ocrx_word' id='word_1_140' title='bbox 785 2764 907 2800; x_wconf 80' lang='lat' dir='ltr'>Nause</span> <span class='ocrx_word' id='word_1_141' title='bbox 933 2765 969 2800; x_wconf 94' lang='grc' dir='ltr'><strong><em>Β</em></strong></span> <span class='ocrx_word' id='word_1_142' title='bbox 1074 2769 1139 2801; x_wconf 82' lang='lat'>385</span> <span class='ocrx_word' id='word_1_143' title='bbox 1165 2766 1316 2800; x_wconf 79' lang='lat' dir='ltr'>aduexit</span> <span class='ocrx_word' id='word_1_144' title='bbox 1340 2765 1386 2807; x_wconf 92' lang='grc' dir='ltr'>Β,</span> <span class='ocrx_word' id='word_1_145' title='bbox 1411 2767 1546 2801; x_wconf 85' lang='lat' dir='ltr'>aduexi</span> 
     </span>
     <span class='ocr_line' id='line_1_30' title="bbox 95 2813 823 2856; baseline 0.011 -7"><span class='ocrx_word' id='word_1_146' title='bbox 95 2813 124 2849; x_wconf 82' lang='lat' dir='ltr'><strong><em>G</em></strong></span> <span class='ocrx_word' id='word_1_147' title='bbox 210 2819 379 2853; x_wconf 74' lang='lat' dir='ltr'>ancillam</span> <span class='ocrx_word' id='word_1_148' title='bbox 407 2821 578 2855; x_wconf 82' lang='lat' dir='ltr'>ancillam</span> <span class='ocrx_word' id='word_1_149' title='bbox 605 2835 623 2856; x_wconf 86' lang='lat' dir='ltr'>e</span> <span class='ocrx_word' id='word_1_150' title='bbox 650 2822 767 2856; x_wconf 85' lang='lat' dir='ltr'>rhodo</span> <span class='ocrx_word' id='word_1_151' title='bbox 794 2822 823 2856; x_wconf 88' lang='lat' dir='ltr'><em>C</em></span> 
     </span>
    </p>
   </div>
  </div>
 </body>
</html>
