1963 3243
346 169 422 208 186
1013 169 1134 204 Plauti
1539 168 1600 214 IV,
1628 172 1657 212 1,
1682 172 1793 207 3—-17
1925 187 1927 190 <

343 293 519 345 Reueni,
552 299 600 335 ut
630 294 751 335 illum
784 308 1032 348 persequar,
1066 296 1140 348 qui
1174 309 1240 336 me
1272 295 1394 348 fugit.

343 363 424 405 Sed
457 379 585 406 auum
619 380 700 407 non
736 366 862 407 uideo
895 367 1102 419 consequi
1133 372 1326 408 nostram
1360 366 1520 420 Syram.

341 437 483 490 Atque
515 450 660 478 eccam
691 438 856 479 incedit
885 437 1074 479 tandem.
1135 438 1246 489 Quin
1277 439 1313 480 is
1345 439 1496 480 ocius?

1000 550 1027 592 S
1075 565 1132 594 ra

340 621 519 676 Nequeo
551 628 786 675 mecastor3
817 628 988 665 tantum
1018 566 1100 666 hsoc
1132 624 1310 676 onerist,
1341 624 1459 678 quod
1489 624 1594 668 fero.

939 737 1184 792 Dorippa

340 807 452 858 Quid
483 809 654 851 oneris?

1001 889 1132 944 Syra

667 961 813 1003 Annos
845 963 1068 1016 octoginta
1099 968 1143 1004 et
1174 968 1401 1016 quattuor3
1453 1008 1458 1012 „
1727 974 1793 1009 665

341 1030 398 1072 Et
428 1031 579 1073 eodem
612 1033 784 1074 accedit
814 1035 1017 1084 seruitus,
1049 1035 1193 1085 sudor,
1226 1035 1339 1086 sitis;

340 1102 475 1144 Simul
506 1103 627 1156 haec,
659 1119 771 1160 quae
805 1111 943 1160 porto,
975 1107 1236 1160 deprimunt.

951 1221 1188 1275 Dorippa

1356 1293 1532 1348 Aliquid
1562 1294 1681 1345 cedo,

339 1360 421 1410 Qui
451 1360 562 1403 hanc
592 1363 724 1404 uicini
756 1365 892 1406 nostri
923 1366 1004 1406 rite
1033 1379 1154 1408 aram
1187 1357 1384 1418 augeam.

338 1432 404 1474 Da
435 1447 538 1475 sane
569 1434 682 1477 hanc
713 1437 880 1489 uirgam
911 1437 1036 1480 lauri.
1097 1438 1178 1480 Abi
1209 1444 1258 1480 tu
1288 1439 1415 1480 intro.

950 1576 954 1579 Δ
1006 1552 1134 1606 Syra

1425 1624 1501 1666 Eo.

950 1704 1185 1758 Dorippa

337 1771 506 1824 Apollo,
540 1786 705 1826 quaeso
737 1781 793 1827 te,
826 1781 874 1818 ut
906 1777 982 1818 des
1015 1790 1167 1831 pacem
1199 1776 1429 1830 propitius,
1724 1788 1796 1821 tim
1869 1813 1875 1822 ,

337 1844 533 1887 Salutem
565 1851 608 1887 et
640 1848 875 1890 sanitatem
906 1853 1084 1890 nostrae
1116 1848 1321 1899 familiae,

336 1915 520 1970 Meoque
551 1923 601 1960 ut
631 1933 786 1972 parcas
818 1927 951 1974 gnato
982 1935 1089 1976 pace
1122 1921 1348 1975 propitius.

1003 2033 1131 2089 Syra

334 2102 547 2158 Disperii3
578 2106 701 2159 perii,
735 2107 914 2160 misera;
945 2121 1027 2149 uae
1060 2109 1244 2150 miserae
1273 2107 1397 2150 mihi!

946 2222 1182 2277 Dorippa

335 2291 457 2333 Satin
489 2297 537 2334 tu
569 2306 678 2335 sana
709 2307 766 2345 es,
799 2293 1011 2337 obsecro?
1071 2295 1175 2350 quid
1207 2295 1375 2338 eiulas‘?

998 2409 1129 2463 Syra

334 2479 542 2533 Dorippa,
575 2494 672 2522 mea
702 2480 920 2535 Dorippa!

423 2675 491 2708 662
517 2675 650 2718 syriam
666 2674 702 2709 Β
794 2677 861 2710 663
886 2676 1027 2711 incedit
1048 2687 1173 2711 eccam
1266 2677 1332 2710 668
1357 2675 1430 2710 rite
1455 2686 1522 2710 om.
1617 2688 1789 2722 augerem

424 2732 491 2766 669
517 2731 585 2766 SY.
610 2731 665 2766 De
690 2731 736 2775 B,
763 2731 830 2767 SY.
855 2732 911 2766 Da
938 2732 966 2767 (J
1056 2733 1165 2768 DOR.
1193 2744 1236 2768 eo
1261 2732 1306 2776 B,
1333 2735 1495 2776 spatium
1517 2732 1546 2767 0
1635 2735 1702 2768 670
1713 2731 1788 2768 Do.

332 2799 396 2824 om.
423 2788 458 2823 Β
498 2819 501 2822 .
551 2791 617 2823 672
642 2802 753 2834 parce
781 2790 810 2826 Ο
897 2792 964 2825 673
990 2790 1156 2835 Dispersi
1248 2791 1316 2825 674
1340 2790 1441 2836 quod
1466 2791 1618 2827 uolebas
1642 2790 1678 2826 B
