1963 3243
123 231 170 276 Π,
193 231 326 268 46-55
760 230 955 265 Poenulus.
1522 236 1600 276 143

774 356 941 411 Lycus

1016 427 1133 470 Nihil
1166 441 1321 470 moror.

659 506 1076 549 Antamoenides

121 577 339 621 Ausculta.

775 649 943 704 Lycus

405 721 500 764 Non
532 721 675 764 hercle
707 721 974 763 auscultabo.

650 799 1074 842 Antamoenides

1045 871 1298 922 Quomodo?

121 942 326 1000 colaphis
358 944 531 999 quidem
562 944 706 986 hercle
736 948 858 985 tuum
889 945 973 985 iam
1006 943 1183 985 dilidam
1215 948 1358 997 caput,

119 1015 212 1059 Nisi
245 1021 321 1058 aut
351 1015 573 1058 auscultas
606 1021 682 1058 aut
711 1017 747 1058 is
777 1017 820 1057 in
852 1016 1010 1057 malam
1042 1029 1224 1057 crucem.

781 1095 950 1150 Lycus

120 1166 277 1210 Malam
309 1181 477 1209 cruc-em
508 1167 581 1209 ibo
613 1167 769 1220 potius.

651 1246 1072 1288 Antamoenides

851 1317 1081 1360 Certumne
1112 1322 1178 1360 est
1207 1317 1316 1361 tibi?
1537 1329 1606 1362 495

773 1397 942 1451 Lycus

47 1494 50 1499 -
122 1467 307 1512 Certum.

658 1540 1074 1583 Antamoenides

389 1613 497 1654 Tum
528 1618 576 1655 tu
608 1614 742 1667 igitur
774 1613 843 1655 die
875 1613 1001 1663 bono,
1032 1612 1312 1666 Aphrodisiis,

121 1683 281 1726 Addice
312 1688 433 1726 tuam
463 1684 566 1726 mihi
596 1686 867 1727 meretricem
900 1684 1198 1726 minusculam.

782 1769 952 1823 Lycus

120 1837 189 1880 Ita
217 1853 288 1881 res
321 1839 473 1882 diuina
502 1840 606 1882 mihi
637 1840 739 1882 fuit:
770 1854 839 1882 res
873 1840 1008 1881 serias

122 1909 270 1953 Omnis
301 1911 462 1954 extollo
494 1926 547 1953 ex
576 1911 658 1954 hoc
691 1911 759 1954 die
790 1913 834 1953 in
866 1912 998 1953 alium
1031 1910 1157 1952 diem.

52 2011 53 2015 ,
119 1981 315 2025 Profecto
347 1982 505 2026 festum
535 1987 584 2025 ut
613 1983 798 2026 habeam
831 1983 1048 2025 decretum
1080 1987 1146 2024 est
1176 1981 1292 2024 mihi.
1538 1991 1607 2025 500

118 2052 247 2096 Nunc
276 2055 376 2096 hinc
406 2069 555 2098 eamus
587 2055 713 2097 intro.
776 2055 963 2108 Sequere
994 2055 1077 2096 hac
1108 2068 1185 2096 me.

656 2133 1074 2176 Antamoenides

346 2250 347 2253 ,
1249 2204 1428 2259 Sequor.

121 2274 170 2318 In
196 2276 312 2318 hunc
342 2276 455 2319 diem
486 2277 571 2319 iam
603 2282 702 2319 tuus
734 2291 829 2319 sum
859 2276 1163 2319 mercenarius.

727 2469 994 2476 ————

208 2686 366 2721 492—93
391 2685 652 2721 auscultabo..
668 2711 675 2718 .
690 2684 812 2719 hercle
837 2694 903 2719 om.
928 2682 999 2718 Bo
1107 2683 1174 2718 493
1199 2681 1334 2716 elidam
1357 2680 1426 2717 BG
1536 2683 1605 2717 494

119 2739 202 2778 Risi
224 2743 410 2778 auscultas
434 2741 503 2778 BG
599 2742 665 2777 496
691 2741 880 2786 aphrodiis
904 2739 971 2774 130
1066 2740 1134 2774 497
1158 2744 1261 2773 tuum
1286 2737 1323 2773 Β
1425 2739 1492 2773 500
1514 2737 1603 2773 Pro·

120 2796 236 2834 foetos
259 2798 374 2834 festos
399 2799 554 2834 habeam
669 2799 735 2832 502
761 2796 1011 2842 agorastocles
1036 2805 1080 2831 ex
1104 2796 1212 2831 titulo
1235 2794 1340 2830 addit
1362 2793 1400 2829 B
