1963 3243
75 171 138 216 lv,
161 172 193 211 8,
221 172 338 205 5-14
638 168 745 203 Miles
770 168 968 212 gloriosus.
1452 167 1530 205 115

652 293 704 334 Pl
717 308 738 335 e
751 308 775 334 u
790 293 920 334 sicle
933 307 952 334 s

77 354 450 402 Philocomasium,
483 352 617 394 salue.

578 430 1027 472 Philocomasium

657 502 710 543 Et
742 507 785 543 tu
820 502 951 542 salue.

655 605 954 646 Pleusicles

1024 660 1250 715 Materque
1283 664 1327 701 et
1357 673 1479 701 soror

79 737 173 780 Tibi
205 736 388 778 salutem
421 750 486 776 me
518 735 737 776 iusserunt
768 733 926 775 dicere.

581 837 1030 878 Philocomasium

1018 907 1174 950 Saluae
1206 908 1330 950 sient.
1450 918 1539 952 1310

659 989 957 1030 Pleusicles

82 1064 218 1108 Orant
254 1068 297 1106 te
338 1067 387 1104 ut
426 1076 514 1113 eas,
553 1065 714 1103 uentus
747 1075 925 1116 operam
958 1060 1061 1102 dum
1092 1060 1181 1119 dat,
1213 1064 1262 1101 ut
1293 1059 1435 1102 uelum
1467 1073 1538 1100 ex-

1157 1132 1333 1187 plicent.

82 1208 190 1251 Nam
222 1208 350 1250 matri
381 1207 493 1249 oculi
524 1207 559 1248 si
590 1206 799 1256 ualerent,
834 1219 999 1248 mecum
1029 1205 1252 1247 uenissent
1283 1204 1425 1246 simul.

584 1309 1034 1351 Philocomasium

82 1383 172 1434 Ibo,
204 1396 466 1438 quamquam
496 1383 636 1424 inuita
667 1382 800 1434 faci03
832 1395 931 1423 nam
962 1381 1104 1435 pietas
1135 1381 1197 1423 sic
1227 1380 1335 1423 uolt.

663 1485 956 1526 Pleucicles

1398 1540 1538 1595 Sapis.

596 1621 1036 1675 Pyrgopolinices
1080 1634 1083 1637 ·

88 1696 132 1738 Si
161 1710 246 1739 non
277 1710 443 1738 mecum
475 1699 666 1737 aetatem
698 1695 873 1748 egisset,
905 1693 1036 1736 hodie
1069 1693 1206 1735 stulta
1236 1693 1417 1735 uiueret.

582 1797 1040 1840 Philocomasium.

88 1870 204 1913 Istuc
233 1871 415 1922 crucior,
447 1885 473 1913 a
503 1872 599 1913 uiro
632 1884 698 1912 me
730 1870 809 1912 tali
839 1870 1156 1921 abalienarier3
1456 1880 1542 1914 1315

87 1942 195 1985 Nam
225 1948 273 1985 tu
304 1945 499 1996 quemuis
529 1944 645 1998 potis
677 1957 721 1985 es
750 1941 895 1984 facere
926 1946 976 1984 ut
1007 1941 1143 1984 afluat
1172 1940 1357 1993 facetiis,

88 2015 143 2058 Et
172 2017 274 2072 quia
304 2021 446 2058 tecum
478 2030 608 2066 eram,
640 2020 874 2070 propterea
903 2016 1048 2057 animo
1079 2028 1198 2057 eram
1229 2014 1428 2057 ferocior.

88 2089 191 2131 Eam
221 2088 497 2131 nobilitatem
528 2088 818 2130 amittundam
849 2088 990 2130 uideo.

590 2190 1039 2245 Pyrgopolinices

1090 2247 1157 2289 Ah
1187 2262 1239 2290 ne
1271 2246 1337 2289 fle.

187 2341 276 2375 1310
300 2339 378 2375 Sibi
473 2340 560 2373 1311
586 2343 672 2373 eant
698 2337 735 2381 C,
761 2338 806 2372 ad
831 2337 868 2373 Β
961 2338 1136 2383 opheram
1165 2338 1251 2373 dum
1279 2338 1415 2373 dantB
1507 2346 1548 2375 ut

91 2401 132 2432 ut
154 2398 189 2433 Β
279 2397 413 2432 uallem
439 2396 486 2439 B,
514 2396 646 2430 uallam
674 2395 702 2431 G
799 2396 961 2440 explicet
1062 2397 1149 2432 1312
1177 2396 1292 2431 oculis
1319 2395 1485 2431 ualerent
1509 2396 1545 2431 B

180 2454 374 2490 moechum
401 2454 436 2497 Ο,
460 2453 552 2489 haec
578 2465 677 2488 nunc
701 2452 737 2487 B
836 2454 1026 2488 cenissent
1053 2453 1082 2489 C
1171 2453 1282 2487 simul
1307 2456 1363 2488 est
1458 2454 1544 2488 1313

91 2511 182 2546 inite
205 2511 240 2546 Β
343 2512 443 2547 omni
468 2512 585 2555 pietas
687 2512 737 2545 sit
761 2521 804 2545 eo
830 2536 838 2544 .
855 2539 860 2545 .
876 2538 884 2546 .
911 2511 1025 2546 chaut
1048 2511 1147 2555 sapis
1175 2510 1210 2553 Ο,
1236 2511 1312 2545 scio
1338 2510 1408 2545 PL.
1434 2511 1547 2545 chant

91 2570 188 2613 nupia
220 2569 255 2603 Β
349 2570 436 2603 1314
468 2568 539 2603 PY.
565 2579 631 2604 om.
728 2569 857 2603 uiuere
882 2567 918 2602 B
1015 2569 1102 2602 1315
1134 2567 1207 2602 PH.
1234 2578 1301 2602 om.
1395 2568 1461 2603 tali
1487 2579 1546 2603 me

93 2623 129 2664 0.
153 2629 190 2660 et
213 2626 285 2660 alia
308 2626 342 2660 B
437 2627 522 2660 1316
548 2626 716 2670 quamuis
816 2625 883 2661 ἓΒ
975 2629 1015 2660 ut
1039 2624 1131 2659 fluat
1156 2624 1286 2659 facetis
1302 2624 1370 2659 BC
1462 2626 1547 2659 1317

93 2686 245 2726 propter
268 2681 304 2717 Β
419 2684 580 2717 animum
690 2683 823 2717 sortior
848 2682 883 2716 Β
1000 2683 1086 2716 1318
1111 2682 1345 2716 nobilitatem
1371 2683 1544 2717 amitten-

95 2736 174 2773 dum
200 2739 284 2774 uide
309 2746 392 2774 offla
416 2740 483 2774 hec
507 2739 581 2775 flet.
612 2739 685 2774 PH.
711 2750 854 2783 nequeo
879 2739 924 2782 Β,
959 2740 1116 2774 nobilita
1141 2744 1178 2775 te
1203 2739 1286 2773 uide
1313 2740 1437 2774 omnia
1457 2739 1547 2774 haec

93 2793 137 2829 fle
162 2821 191 2831 ..
217 2808 289 2831 non
315 2808 408 2841 queo
436 2796 466 2832 0

1298 2865 1343 2899 S}
