1963 3243
342 225 423 263 226
902 236 1007 271 Miles
1033 235 1228 279 gloriosus.

345 353 490 398 „immo
529 353 668 389 vicinis
707 350 914 388 dicendum
955 349 1064 388 erat“
1106 351 1171 388 Br.
1231 349 1361 386 Etiam
1400 351 1442 387 in
1472 351 1627 389 aedibus
1656 338 1792 400 parum

340 423 446 456 recte
499 419 576 456 dici
627 421 703 456 iam
751 419 903 468 antiqui
949 417 1121 455 editores
1166 417 1530 455 animadverterunt
1583 420 1793 469 potiusque

341 487 516 524 dativum
550 488 709 536 requiri.
770 486 1011 523 Ritschelius
1049 498 1120 534 pro
1154 486 1249 523 elam
1287 483 1432 528 „scite“
1467 489 1639 537 scripsit,
1678 487 1790 525 Ribb.

344 554 531 601 ,‚scitus“.
594 555 776 592 Proximo
822 559 950 591 autem
997 567 1113 590 versu
1158 553 1326 591 Ritsch.:
1392 554 1573 599 „Liceret
1615 559 1660 592 ut
1696 556 1791 593 clam

341 620 589 669 convenire“,
622 623 738 660 Ribb.
772 621 907 660 Goetz.
940 635 1026 658 curn
1058 621 1149 658 Pio:
1200 622 1363 667 „Licere
1395 627 1439 659 ut
1469 620 1641 671 quiret“.
1695 623 1793 660 Mihi

339 691 582 741 probabilior
620 691 778 727 videtur
808 690 979 728 Acidalii
1017 690 1238 726 emendatio
1278 703 1350 739 pro
1393 689 1572 739 ‚,quiret“
1607 692 1675 738 qui
1701 692 1793 728 scri-

339 759 481 803 bentis,
512 761 559 796 ut
587 760 655 805 qui
685 762 745 795 est
775 759 876 795 enim
907 760 932 794 i.
967 771 1002 807 q.
1038 770 1128 806 quo,
1162 770 1197 794 v,
1230 758 1279 794 ad
1304 759 1412 795 Asin.
1447 760 1538 795 501.
1571 758 1660 795 add.
1680 757 1791 808 Capt.

342 828 433 864 242.
467 827 574 863 Trin.
610 827 702 864 639.
739 846 785 851 —
822 828 859 864 8.
898 825 1088 863 Oberrcms
1118 825 1164 862 R.
1198 845 1251 850 -—
1283 827 1319 863 9.
1353 827 1528 863 Ridicule
1559 828 1590 864 is
1615 826 1791 875 Seyffert.

340 894 479 931 Philol.
512 894 622 931 XXV
638 896 799 945 p.439;
833 908 910 932 non
942 894 1118 931 ridiculis
1150 898 1219 930 aut
1250 894 1500 939 ridhmlariis,
1534 894 1600 931 sed
1627 895 1793 933 fallaciis

338 963 503 1000 luditur.
537 983 588 987 —
625 965 688 1001 13.
720 965 761 1000 in
791 964 899 1000 domo
930 962 989 999 ed.
1022 975 1079 1012 pr.

848 1306 1192 1349 Argumentum
1223 1304 1285 1341 11.

456 1442 489 1477 l.
536 1442 743 1487 inqenuam
789 1440 1113 1477 Philocomasium
1159 1441 1279 1478 fuisse
1325 1442 1364 1477 in
1410 1442 1495 1490 ipsa
1532 1439 1666 1477 fabula
1703 1453 1794 1478 nus-

339 1522 454 1558 quam
487 1509 642 1556 legitur.
692 1508 761 1546 Ex.
793 1523 828 1546 v.
857 1510 939 1546 492
971 1510 1115 1546 iniuria
1147 1509 1218 1545 hoe
1250 1509 1420 1546 effecisse
1452 1509 1674 1555 argumenti
1705 1522 1792 1546 auc·
1862 1531 1867 1534 -

337 1583 467 1614 torem
513 1578 596 1614 veri
642 1577 822 1614 similiter
867 1578 1092 1627 suspicatur
1136 1577 1242 1614 Brix.
1283 1597 1335 1602 -
1387 1578 1422 1614 2.
1470 1577 1720 1623 Naupactum
1764 1577 1796 1613 is

338 1645 518 1694 Pylades.
554 1665 601 1670 —
636 1647 673 1684 4.
703 1646 866 1683 multam
890 1644 1119 1682 saracenus.
1156 1665 1203 1669 —
1240 1647 1275 1682 7.
1307 1644 1373 1682 Ad
1396 1656 1505 1683 erum
1530 1645 1624 1682 olim
1650 1658 1723 1682 em.
1744 1663 1791 1669 —

340 1715 375 1751 8.
409 1714 625 1752 deuortc'tur
656 1713 701 1752 R.
735 1714 821 1751 coll.
859 1715 935 1751 134
969 1719 1007 1751 et
1039 1714 1132 1750 242.
1166 1733 1220 1738 —
1255 1714 1316 1750 ll.
1355 1715 1546 1760 yeminam
1577 1713 1792 1750 Scutarius.

337 1782 509 1819 mulieris
539 1781 799 1819 Camerarius.
849 1801 901 1807 ——
952 1783 1012 1819 12.
1046 1783 1174 1818 adesse
1204 1781 1286 1830 Pyl.
1334 1801 1389 1806 —
1440 1783 1501 1820 13.
1536 1782 1726 1827 clientum,
1757 1794 1796 1827 v..

340 1851 433 1888 789.
465 1870 520 1876 -
554 1852 616 1888 14.
649 1853 778 1897 Sperat
807 1850 1019 1887 Scutarius.

453 2329 584 2367 Prima
624 2342 750 2375 scena,
792 2341 877 2378 quae
915 2329 1080 2366 militem
1122 2332 1160 2365 et
1197 2329 1413 2377 parasitum
1452 2330 1555 2365 inter
1595 2341 1635 2365 se
1676 2327 1794 2365 collo·

341 2403 504 2448 quentes
543 2398 673 2443 habet,
705 2397 816 2434 illum
847 2398 1065 2444 iactantiae,
1099 2396 1199 2433 hune
1231 2396 1468 2433 adulationis
1499 2398 1700 2445 egregium
1732 2408 1793 2433 ex-

341 2467 490 2515 emplar
529 2467 706 2516 quamvis
744 2465 794 2502 ad
834 2470 1109 2512 argumentum
1153 2464 1293 2501 fabulae
1334 2464 1610 2514 explicandum
1643 2477 1719 2501 non
1744 2464 1795 2501 sit

341 2535 574 2581 necessaria,
604 2538 735 2571 tamen
766 2534 923 2570 minime
955 2533 1083 2569 aliena
1114 2537 1190 2578 θεὶς
1222 2546 1309 2569 nam
1334 2533 1470 2570 militis
1495 2534 1691 2579 ingenium
1715 2536 1792 2569 tam

341 2602 470 2651 lepide
511 2603 693 2652 exponit,
725 2605 769 2639 ut
808 2604 1050 2651 spectatores
1091 2600 1245 2637 ridendi
1284 2602 1367 2638 eius
1407 2602 1538 2638 studio
1577 2601 1793 2651 capiantur,

340 2684 505 2719 eamque
544 2672 628 2708 eius
665 2670 943 2720 stupiditatem
985 2673 1024 2706 et
1056 2671 1269 2707 vanitatem
1302 2669 1488 2714 ostendit,
1522 2673 1567 2706 ut
1598 2682 1682 2706 eum
1715 2669 1794 2706 suis

342 2740 451 2776 vitiis
490 2743 647 2787 captum
687 2740 737 2776 iri
776 2738 890 2775 facile
929 2741 1135 2786 appareat.
1204 2737 1409 2774 Parasitus
1446 2741 1575 2775 autem
1615 2737 1719 2787 quod
1755 2738 1794 2774 in

341 2807 497 2856 reliqua
527 2807 660 2844 fabula
692 2807 820 2844 nullas
847 2811 979 2856 partes
1008 2806 1132 2850 habet,
1167 2805 1366 2842 eiusmodi
1393 2807 1575 2854 πρόσωπα
1602 2805 1794 2854 προτατικά
1855 2806 1860 2807 ’
