1963 3243
348 177 426 215 150
1028 169 1147 203 Plauti
1499 166 1547 208 11,
1576 169 1603 207 1,
1629 167 1750 208 32—2‚
1775 165 1795 198 5
1930 198 1934 203 ,

344 300 575 352 Postquam
609 298 650 337 id
686 296 802 349 quod
834 296 949 336 uolui
985 296 1187 345 transegi.
1220 294 1276 334 ibi
1312 308 1388 345 ego
1421 293 1648 344 conspicor
1703 329 1710 333 .

342 371 509 411 Nauem
542 383 593 410 ex
626 369 793 417 Rhodo,
826 373 957 421 quast
988 367 1082 408 heri
1115 367 1325 407 aduectus
1356 364 1482 405 filius.

343 442 621 484 Conlubitum
653 445 718 481 est
749 440 854 480 illuc
887 438 987 479 mihi
1020 439 1164 479 nescio
1197 438 1269 490 qui
1302 437 1456 478 uisere.
1731 449 1796 481 255

344 514 558 557 Inscendo
590 513 632 553 in
665 511 854 552 lembum
886 516 1018 563 atque
1051 510 1105 550 ad
1136 523 1290 550 nauem
1325 508 1527 555 deuehor,

345 588 484 639 Atque
515 585 575 626 ibi
607 598 685 636 ego
717 583 914 635 adspicio
946 581 1087 623 forma
1117 582 1272 622 eximia
1303 580 1539 630 mulierem,

344 658 479 698 Filius
512 669 643 710 quam
677 655 857 696 aduexit
888 668 1009 695 meus
1041 654 1169 694 matri
1201 652 1402 694 ancillam
1436 665 1560 702 suae3

345 732 482 779 Quam
515 741 592 779 ego
626 733 857 781 postquam
890 726 1084 779 adspexi,
1114 739 1200 766 non
1232 726 1295 765 ita
1327 738 1422 765 amo
1455 729 1504 765 ut
1534 727 1628 765 sani
1659 725 1800 766 solent

344 802 563 849 Homines,
595 799 670 840 sed
702 799 853 840 eodem
885 803 1013 852 pacto
1046 802 1094 838 ut
1125 797 1266 838 insani
1298 796 1451 837 solent.
1733 808 1799 841 260

345 873 499 914 Amaui
533 871 733 922 equidem
765 869 910 910 hercle
944 884 1021 922 ego
1055 869 1156 910 olim
1188 870 1231 910 in
1263 868 1580 919 adulescentia;

345 945 506 986 Uerum
539 944 593 984 ad
625 942 706 983 hoc
738 941 982 995 exemplum
1013 955 1261 994 numquam,
1293 946 1340 981 ut
1371 954 1485 981 nunc
1517 941 1698 982 insanio.

345 1016 487 1058 Unum
519 1015 694 1068 quidem
726 1014 872 1056 hercle
904 1015 989 1055 iam
1021 1014 1122 1064 scio,
1157 1013 1338 1067 periisse
1369 1010 1457 1063 me{

346 1087 524 1129 Uosmet
555 1087 702 1128 uidete
735 1092 936 1136 ceterum,
971 1087 1123 1141 quanti
1157 1086 1274 1127 siem.

345 1162 468 1203 Nunc
499 1161 580 1202 hoc
612 1159 805 1214 profecto
839 1160 901 1200 sic
934 1164 1018 1201 est:
1050 1158 1155 1201 haec
1185 1158 1262 1199 illa
1293 1162 1359 1199 est
1389 1172 1532 1212 capra.
1735 1170 1800 1203 265

345 1234 505 1275 Uerum
538 1232 681 1274 hercle
714 1233 838 1273 simia
870 1232 943 1272 illa
974 1237 1107 1285 atque
1138 1230 1304 1272 haedus
1336 1229 1442 1271 milti
1471 1229 1624 1271 malum

345 1308 600 1360 Apportant‚
635 1310 766 1359 atque
799 1318 870 1345 eos
902 1318 997 1346 esse
1030 1317 1136 1357 quos
1167 1303 1310 1344 dicam
1342 1303 1531 1344 hauscio.

345 1378 427 1421 Sed
461 1378 759 1429 conticiscam3
791 1391 891 1418 nam
923 1390 1073 1418 eccum
1105 1377 1139 1417 it
1169 1376 1340 1417 uicinus
1369 1375 1499 1417 foras.

348 1570 709 1613 LYSIMACHUS
750 1569 1021 1621 DEMIPHO,
1063 1569 1237 1611 SENES
1269 1569 1321 1610 II.
1370 1567 1664 1611 LORARIUS.
1711 1567 1801 1609 DU.

900 1672 1252 1727 Lysimachus

346 1747 546 1789 Profecto
580 1761 658 1800 ego
689 1747 824 1788 illunc
854 1747 1023 1788 hircum
1055 1747 1238 1787 castrari
1268 1745 1383 1799 uolo,

350 1821 451 1861 Ruri
485 1821 560 1873 qui
591 1820 718 1861 nobis
751 1819 927 1861 exhibet
957 1819 1191 1871 negotium.
1699 1848 1703 1853 -
1737 1815 1805 1861 270

948 1933 1205 1987 Demipho

346 2006 436 2047 Nec
468 2020 592 2047 omen
624 2006 731 2047 illud
768 2006 871 2047 mihi
903 2019 981 2047 nec
1012 2006 1255 2058 auspicium
1289 2005 1453 2058 placet3

348 2078 480 2128 Quasi
512 2079 680 2119 hircum
715 2084 859 2120 metuo
891 2092 945 2119 ne
977 2092 1043 2118 me
1075 2091 1182 2118 uxor
1215 2082 1379 2118 castret
1411 2091 1518 2127 mea,

347 2154 407 2192 Ac
442 2156 585 2192 metuo
618 2166 670 2192 ne
702 2151 828 2193 illaec
860 2152 1009 2192 simiae
1042 2155 1190 2204 partes
1221 2149 1346 2191 ferat.

413 2281 477 2313 253
493 2279 531 2313 id
545 2279 603 2312 hie
620 2277 720 2323 quod
734 2276 780 2319 B,
795 2276 854 2310 hic
869 2276 906 2309 id
921 2275 1020 2319 quod
1037 2274 1065 2309 G
1122 2275 1244 2308 uoluit
1256 2273 1292 2308 B
1352 2273 1515 2317 transegi
1531 2276 1643 2318 atque
1658 2283 1728 2315 ego
1741 2270 1809 2306 Bc

414 2338 481 2370 254
506 2335 630 2370 nauim
655 2334 684 2369 O
750 2335 816 2367 255
828 2333 922 2368 illud
939 2332 973 2375 G,
1001 2344 1066 2367 om.
1087 2330 1117 2365 B
1188 2330 1346 2365 miserB
1417 2332 1483 2365 256
1496 2329 1707 2364 Escendum
1723 2329 1803 2363 lim-

347 2394 432 2426 bum
459 2394 500 2436 B⁷
528 2392 690 2427 Ascendi
717 2393 754 2426 in
780 2391 942 2425 lembum
969 2390 997 2424 C
1099 2389 1222 2423 nanim
1250 2388 1280 2423 O
1380 2388 1546 2422 aduehor
1570 2386 1640 2422 ΒΟ
1738 2387 1804 2420 257

346 2452 468 2494 Atque
495 2462 564 2494 ego
592 2450 690 2483 illam
706 2449 753 2490 B,
782 2452 891 2492 atque
917 2457 988 2488 ego
1013 2447 1088 2480 illic
1105 2446 1133 2481 C
1224 2446 1369 2480 exumia
1386 2445 1415 2480 0
1503 2446 1569 2479 259
1583 2444 1804 2488 adspexeiA

347 2508 449 2541 sanei
465 2509 496 2540 A
589 2508 656 2541 260
680 2506 822 2540 insanei
838 2505 870 2538 A
965 2505 1026 2538 261
1056 2503 1181 2538 hercle
1207 2503 1376 2547 equidem
1392 2502 1456 2537 Bc
1546 2503 1612 2535 264
1637 2501 1699 2545 qui
1714 2501 1803 2534 siem

346 2563 391 2606 Β,
419 2565 546 2608 quanti
563 2564 628 2597 sim
648 2563 676 2598 C
766 2563 831 2596 266
847 2561 918 2595 Sed
934 2561 1040 2595 simia
1054 2561 1116 2594 illa
1129 2565 1239 2603 atque
1254 2559 1369 2594 hedus
1385 2560 1496 2592 timeo
1512 2559 1598 2603 quid
1614 2558 1728 2592 uelint
1740 2556 1807 2592 BC

438 2623 503 2655 267
524 2632 590 2655 om.
605 2620 675 2655 BG
763 2621 829 2653 268
843 2619 1090 2652 conticescam
1107 2617 1136 2652 C
1221 2617 1382 2651 uicinum
1399 2627 1523 2650 eccum
1539 2617 1615 2649 exit
1629 2615 1726 2649 foras
1741 2612 1806 2649 BG

437 2679 483 2711 ln
510 2678 615 2712 ιιῖιιιίο
632 2677 693 2712 DU
719 2688 784 2711 om.
800 2675 835 2710 Β
928 2677 994 2708 269
1018 2676 1083 2708 illu
1108 2675 1247 2709 circum
1263 2672 1298 2706 Β
1392 2674 1458 2707 270
1471 2673 1570 2707 Rura
1595 2683 1665 2716 que
1679 2670 1715 2706 Β

347 2735 497 2769 exibent
512 2734 547 2768 Β
639 2736 703 2768 271
731 2735 819 2767 illuc
836 2732 864 2767 Ο
953 2732 1041 2766 mihi
1065 2730 1312 2776 auspitiumB
1406 2732 1472 2764 272
1497 2729 1608 2772 Quasi
1632 2728 1669 2762 id
1695 2725 1804 2772 qffiB

439 2803 587 2825 uxorme
614 2790 683 2826 BG
771 2792 836 2825 273
862 2790 984 2834 Atque
1011 2789 1109 2823 illius
1136 2788 1226 2823 haec
1253 2799 1349 2822 nunc
1376 2787 1502 2821 simiae
1529 2785 1645 2830 partis
1668 2784 1735 2820 Bc
