1963 3243
708 202 746 235 V.
775 203 964 236 722—764.
1490 208 1568 243 269

109 335 196 386 plus
241 332 373 369 triduo
423 330 535 368 fuit“.
600 333 664 377 33,
710 332 780 368 94:
833 331 992 375 „Dicesz
1035 332 1136 377 Quid
1177 337 1327 381 postea,
1374 333 1405 368 si
1441 332 1570 369 Romae

111 402 289 439 assiduus
328 400 411 437 sui?
460 399 738 448 Respondebo:
786 400 835 436 At
877 411 950 446 ego
988 401 1147 436 omnino
1181 411 1256 436 non
1288 397 1384 437 sui“.
1421 420 1471 424 —
1503 402 1572 437 siet

110 471 155 508 A.
183 488 233 495 —-
259 469 353 506 743.
386 469 447 515 sit,
480 479 524 505 ea
553 470 609 505 est
638 468 811 505 odiorum
844 468 942 505 Ilias
974 470 1026 514 A;
1057 466 1124 503 sed
1158 468 1431 504 coniunctivus
1468 470 1567 513 „sit”

110 538 224 575 etiam
258 537 422 574 alterum
464 537 756 573 coniunctivum
799 538 1002 584 requirere
1043 535 1213 572 videtur.
1275 535 1376 573 Ilias
1408 541 1572 585 propter

109 605 416 653 magnitudinem
458 606 496 641 in
537 604 786 654 proverbium
830 603 981 640 abierat
1022 598 1214 652 (AEschin.
1257 602 1431 652 Ctesiph.
1470 606 1567 641 100:

108 674 326 722 μακρότερον
364 675 422 717 τῆς
458 670 639 717 Ἰλιάδος),
681 673 848 709 maxime
887 671 953 708 ubi
995 671 1042 708 de
1082 672 1198 720 longa
1237 672 1429 708 malorum
1470 675 1569 710 serie

110 744 310 790 agebatur,
351 754 386 778 v.
429 740 628 778 Demosth.
671 755 838 789 παραπρ.
887 740 982 777 148:
1031 741 1147 775 κακῶν
1185 739 1297 782 Ἰλιὰς
1335 741 1571 787 περιειστήκει

111 810 296 858 θηβαιόυς.
343 809 421 846 Cic.
457 809 503 845 ad
538 810 618 846 Att.
654 808 756 847 VIII.
794 809 852 854 ll,
890 808 933 845 3:
969 808 1123 858 „Tanta
1150 809 1338 845 malorum
1366 809 1570 858 impendet

108 877 242 915 Ilias“.
304 877 484 926 Propert.
528 877 583 919 ΙΙ,
627 878 666 923 1,
714 878 775 913 14.
839 876 951 914 Ovid.
987 890 1032 913 ex
1074 876 1201 913 Ponto
1239 876 1296 921 ll,
1340 879 1374 916 7.
1415 878 1479 914 34.
1520 879 1568 915 al.

109 959 142 983 v.
184 946 313 982 Klotz.
357 945 492 993 Progr.
535 946 638 995 Lips.
676 946 781 983 1868
821 959 859 994 p.
904 945 939 982 8.
988 964 1039 969 —
1090 946 1182 982 744.
1232 946 1382 983 inuitus
1421 945 1466 982 A.
1515 966 1570 971 —-

107 1017 354 1052 murmurant
384 1015 435 1050 id.
470 1033 522 1038 —
556 1015 649 1051 745.
684 1012 914 1051 Seruiendae
949 1015 1130 1052 seruituti
1160 1017 1205 1050 A.
1241 1033 1292 1038 -
1324 1015 1493 1051 ‘instruxi
1523 1017 1567 1060 A,

108 1083 132 1120 i.
161 1096 194 1119 e.
234 1084 382 1133 paravi,
422 1095 456 1119 V.
499 1083 592 1119 977.
638 1083 757 1120 1095.
803 1083 921 1120 1142.
959 1101 1005 1106 —
1042 1083 1122 1119 746
1163 1087 1267 1119 recte
1309 1083 1353 1119 A.
1389 1102 1439 1106 —
1475 1084 1568 1120 747.

108 1151 184 1189 illis
212 1153 358 1199 aegrest
388 1152 432 1195 A,
472 1164 507 1188 v.
541 1150 587 1187 ad
621 1151 762 1200 Amph.
800 1152 892 1188 903.
926 1170 980 1175 —
1012 1151 1119 1187 Inter
1150 1150 1244 1188 >mihi
1273 1156 1312 1187 et
1342 1152 1442 1198 quod
1472 1151 1568 1188 nibil

107 1219 373 1265 desideratum
400 1232 534 1256 errore
558 1221 597 1256 in
626 1219 840 1269 archetypo
866 1219 1014 1268 aliquid
1040 1219 1218 1256 additum
1251 1220 1345 1265 fuit3
1379 1219 1568 1258 Ribbeck.

110 1287 226 1333 „mihi
257 1288 295 1324 id
330 1284 476 1337 quod“‚
509 1287 646 1324 ordine
678 1289 742 1325 vix
775 1288 949 1325 ferendo.
1001 1287 1178 1336 quupest
1206 1287 1251 1324 A.
1304 1300 1384 1326 meo
1414 1290 1569 1337 remiqb'o

105 1367 183 1393 rem
217 1361 360 1403 yerunt
395 1357 441 1403 A,
475 1357 499 1394 i.
533 1370 565 1393 e.
599 1356 722 1392 nihilo
762 1359 889 1393 minus
929 1370 976 1393 ex
1015 1368 1099 1392 meo
1133 1357 1263 1393 animo
1294 1369 1376 1393 rem
1411 1365 1566 1405 gerunt.

105 1423 232 1472 Vulgo
268 1422 411 1474 „gero“
447 1424 590 1462 editur.
624 1444 678 1450 —
712 1425 804 1461 748.
838 1424 939 1462 malo
970 1427 1083 1472 atque
1114 1424 1293 1471 myratias
1309 1426 1353 1463 A.
1385 1445 1440 1450 —
1475 1427 1567 1463 749.

107 1495 289 1531 certumst
325 1494 371 1530 A.
408 1513 453 1518 ——
491 1494 582 1532 750.
623 1505 670 1531 ne
699 1504 837 1541 maqno
868 1495 1026 1539 sumptu
1056 1492 1115 1530 ed.
1149 1505 1208 1541 pr.
1241 1511 1294 1516 —
1331 1495 1423 1531 751.
1464 1491 1570 1542 Quin

106 1564 148 1599 tu
184 1565 223 1599 et
260 1564 425 1600 ueterem
463 1562 522 1599 ed.
565 1575 623 1611 pr.
667 1581 714 1586 —-
756 1564 922 1599 ueterem
951 1563 1063 1609 atque
1094 1562 1307 1609 antiquam,
1343 1562 1391 1599 cf.
1423 1563 1566 1611 Amph.

109 1630 199 1668 118.
246 1650 298 1656 —-
346 1632 441 1669 752.
492 1628 642 1673 „Nam“
693 1643 777 1667 cum
827 1630 871 1667 R.
913 1630 1122 1667 delendum
1163 1642 1300 1667 censeo
1342 1635 1482 1681 utpote
1522 1645 1569 1668 ex

104 1700 281 1747 proximo
312 1712 428 1736 versu
460 1699 627 1736 illatum.
690 1698 908 1736 Buecheler
941 1699 1028 1736 Lat.
1062 1698 1170 1736 Decl.
1206 1697 1286 1735 252
1321 1698 1446 1745 „Nam
1477 1712 1569 1748 pro-

104 1766 242 1803 letari“
293 1767 468 1808 volebat.
524 1769 696 1805 incertus
742 1772 876 1804 utrum
923 1767 1120 1804 ablativus
1166 1780 1214 1804 an
1260 1768 1458 1816 genitivus
1503 1769 1566 1805 sit.

105 1834 318 1873 Proletario
342 1842 399 1872 est
423 1837 743 1886 proletariorum,
769 1836 877 1883 vulgi
903 1837 1158 1886 pauperrimi.
1208 1836 1304 1872 Inde
1329 1837 1367 1872 in
1385 1837 1567 1885 proximo

104 1916 219 1941 versu
251 1906 288 1949 ii,
320 1919 355 1942 v.
390 1906 438 1942 ad
474 1906 566 1942 187.
613 1904 797 1942 Ceterum
831 1905 846 1941 i
874 1904 1226 1954 pronuntiandum,
1261 1908 1300 1940 et
1331 1905 1386 1940 sic
1419 1904 1479 1942 ed.
1505 1904 1565 1954 R.,

104 1975 148 2009 ut
187 1973 266 2010 732
308 1979 347 2009 et
388 1975 481 2011 735.
513 1993 567 1997 —
601 1975 694 2011 754.
727 1973 858 2020 hospes
897 1973 987 2010 add.
1028 1972 1155 2019 Cam.;
1196 1972 1263 2009 R.:
1308 1971 1436 2019 „Quid
1469 1986 1567 2022 opus

103 2039 178 2077 fuit
215 2040 286 2078 tibi
326 2043 424 2079 istoc
463 2039 664 2091 sumptu“.
710 2061 758 2066 —
795 2044 888 2079 755.
920 2044 983 2079 sat
1011 2044 1095 2079 erat
1124 2041 1184 2078 ed.
1216 2055 1276 2090 pr.
1309 2060 1363 2065 -
1397 2042 1474 2078 756
1509 2054 1568 2090 sq.

104 2107 216 2146 Both.
257 2109 350 2147 Lor.
390 2109 455 2148 ΒΓ.
498 2109 612 2148 Ribb.
654 2115 745 2159 post
785 2109 864 2147 762
904 2116 1076 2159 ponunt;
1117 2109 1254 2148 Goetz.
1303 2109 1473 2146 delebat.
1513 2129 1566 2134 —

104 2175 202 2215 alud
229 2178 282 2216 ad
308 2177 418 2223 illud,
452 2178 500 2215 cf.
534 2178 584 2216 ad
615 2178 728 2228 Capt.
762 2178 854 2216 588.
889 2198 944 2203 -—
969 2181 1166 2228 perspecte
1197 2178 1258 2216 ed.
1290 2191 1351 2228 pr.
1385 2198 1438 2203 —
1471 2179 1564 2216 758.

105 2245 219 2284 eidem
272 2246 315 2284 R.
373 2265 421 2271 -
470 2257 717 2294 quamquam,
749 2248 774 2284 i.
822 2261 854 2284 e.
903 2249 1093 2297 quamvis,
1143 2261 1175 2284 v.
1230 2247 1277 2284 ad
1332 2247 1421 2284 Aul.
1473 2248 1564 2284 102.

108 2333 155 2339 —
191 2316 284 2353 760.
315 2314 375 2352 hic
405 2326 540 2363 conger
570 2314 630 2352 ed.
670 2328 744 2365 pr.,
787 2329 822 2353 v.
866 2316 914 2352 ad
947 2316 1036 2353 Aul.
1080 2317 1172 2353 391.
1206 2335 1260 2340 —
1294 2316 1388 2352 762.
1415 2315 1566 2363 procel-

106 2379 194 2420 lunt
220 2394 270 2426 se,
303 2384 327 2419 i.
362 2397 394 2420 e.
427 2388 636 2433 proruunt.
698 2383 805 2421 Fest.
837 2383 945 2434 Epit.
978 2398 1015 2434 p.
1051 2386 1151 2422 225:
1190 2383 1443 2431 „Procellunt
1474 2396 1563 2434 pro·

105 2448 331 2497 cumbunt“‚
377 2451 481 2489 unde
526 2452 571 2489 R.
614 2452 783 2489 alterum
822 2452 985 2490 verbum
1024 2466 1096 2503 pro
1144 2451 1380 2501 glossemate
1419 2451 1565 2489 habens

105 2531 150 2556 ex
200 2523 371 2570 repetita
422 2524 512 2570 post
566 2535 600 2557 v.
662 2521 740 2557 777
796 2521 1012 2571 scriptura:
1087 2520 1337 2569 „procellunt
1389 2532 1472 2557 sese
1526 2521 1566 2557 in

103 2584 314 2625 mensam“.
358 2607 411 2613 —
452 2588 653 2633 dimidiati,
697 2601 820 2638 usque
859 2589 907 2626 ad
946 2588 1120 2626 medium
1167 2601 1322 2638 corpus,
1370 2590 1417 2626 cf.
1465 2588 1564 2627 Gell.

105 2653 175 2701 111,
211 2657 273 2694 14.
309 2675 357 2681 —
395 2658 487 2695 764.
519 2659 634 2705 atque
664 2658 977 2705 comparativum
1009 2661 1069 2694 est
1099 2670 1171 2706 pro
1204 2658 1311 2703 „eius
1337 2655 1483 2706 quod‘²‚
1516 2657 1564 2695 cf.

105 2722 199 2762 403.
217 2723 328 2774 Capt.
348 2725 430 2762 420
451 2738 508 2774 sq.
545 2738 630 2772 „me
661 2724 765 2761 haud
799 2726 1047 2762 centesimam
1079 2725 1237 2762 Partem
1268 2725 1416 2773 laudat,
1449 2738 1565 2775 quam

104 2790 188 2841 ipse
218 2793 403 2830 meritust
430 2797 475 2830 ut
506 2790 729 2831 laudetur“.
776 2792 861 2830 Liv.
894 2792 1054 2839 XXXV,
1084 2795 1117 2840 l,
1151 2795 1194 2830 2:
1232 2793 1321 2840 „vix
1360 2793 1565 2831 dimidium
