1963 3243
396 179 447 217 36
1060 175 1180 210 Plauti
1605 175 1656 218 II,
1680 175 1712 215 5,
1737 175 1849 209 6—15

980 299 1272 342 Sceledrus

396 371 515 413 Haec
546 371 711 423 mulier,
745 386 855 426 quae
887 371 986 412 hinc
1019 372 1107 412 exit
1139 373 1278 423 modo,
1311 375 1431 413 estne
1463 371 1579 413 erilis
1607 371 1850 427 concubina

396 443 770 492 Philocomasium,
804 457 858 484 an
891 457 974 484 non
1008 448 1074 484 est
1105 444 1184 484 ea‘?

967 571 1272 614 Palaestrio

1205 644 1357 685 Hercle
1389 645 1553 697 opinor,
1585 657 1635 685 ea
1664 643 1848 684 uidetur.

397 715 481 757 Sed
512 715 678 756 facinus
710 716 861 756 mirum
895 719 972 765 est,
1005 728 1088 767 quo
1121 715 1246 757 modo
1279 716 1387 757 haec
1418 716 1519 756 hinc
1549 715 1634 756 huc
1664 716 1849 756 transire

1478 788 1631 840 potuit,
1785 799 1852 832 420

398 859 441 900 Si
474 859 650 913 quidem
681 864 785 900 east.

981 938 1008 980 S
1021 952 1043 979 c
1057 939 1103 979 el
1115 953 1137 980 e
1148 938 1174 979 d
1186 953 1207 980 r
1217 953 1243 980 u
1255 953 1273 979 s

802 1010 867 1050 An
900 1010 1076 1051 dubium
1107 1010 1232 1051 tibist
1263 1024 1356 1051 eam
1389 1024 1484 1051 esse
1515 1009 1655 1051 hanc?

963 1139 1285 1181 Palaestrio

1569 1211 1633 1252 Ea
1663 1211 1850 1252 uidetur.

983 1282 1273 1325 Sceledrus

398 1354 625 1404 Adeamus,
645 1354 927 1408 appellemus.
962 1354 1091 1404 Heus,
1111 1355 1214 1408 quid
1232 1356 1346 1396 istuc
1363 1359 1442 1401 est,
1461 1354 1853 1396 Philocomasium?

398 1425 510 1475 Quid
542 1426 622 1467 tibi
655 1427 753 1467 istic
784 1427 827 1467 in
859 1427 1006 1468 istisce
1039 1426 1221 1468 aedibus
1254 1426 1465 1468 debetur?
1499 1427 1600 1480 quid
1632 1428 1853 1480 negotist?

397 1498 510 1548 Quid
542 1512 654 1540 nunc
684 1499 833 1540 taces?
865 1505 1007 1540 tecum
1039 1498 1204 1553 loquor.

969 1624 1281 1666 Palaestrio

1217 1696 1352 1738 Immo
1384 1696 1537 1750 edepol
1567 1701 1659 1737 tute
1691 1700 1852 1746 tecum3

400 1769 509 1810 Nam
540 1769 649 1810 haec
680 1768 788 1809 nihil
820 1768 1069 1822 respondet.

987 1893 1274 1936 Sceledrus

885 1966 943 2008 Te
976 1967 1202 2020 adloquor,
1235 1967 1314 2008 uiti
1348 1966 1582 2021 probrique
1615 1966 1756 2020 plena.
1790 1977 1856 2010 425

401 2040 518 2089 Quae
550 2041 708 2081 circum
743 2040 910 2081 uicinos
942 2053 1093 2093 uagas.

902 2153 1353 2195 Philocomasium

1216 2226 1397 2276 Quicum
1429 2229 1476 2266 tu
1508 2223 1737 2266 fabulare?

989 2339 1015 2381 S
1028 2341 1105 2381 cel
1120 2354 1140 2381 e
1153 2340 1177 2381 d
1189 2355 1210 2381 r
1223 2355 1249 2381 u
1261 2354 1280 2382 s

403 2413 586 2463 Quicum
618 2413 702 2454 nisi
734 2417 874 2453 tecum
887 2413 907 2452 ‘?

492 2562 559 2595 418
584 2557 752 2595 euexitB
823 2561 921 2595 4193}
947 2560 978 2593 ei
995 2559 1030 2592 B
1105 2560 1172 2593 420
1198 2559 1256 2594 hic
1283 2571 1379 2593 nunc
1454 2558 1679 2592 transiretB
1750 2561 1857 2602 potu-

405 2618 474 2651 erit
565 2619 627 2651 421
657 2618 744 2661 quid
771 2617 935 2651 demeast·
958 2615 994 2650 B
1088 2616 1239 2650 dubium
1266 2616 1301 2649 id
1329 2619 1384 2650 est
1409 2627 1487 2650 eam
1514 2627 1596 2650 essa
1629 2619 1666 2649 et
1691 2615 1757 2649 hec
1785 2615 1856 2649 PA.

405 2686 482 2708 eam
498 2675 532 2709 Β
601 2677 667 2708 422
692 2675 740 2708 At
761 2685 889 2708 eamus
961 2673 1186 2717 appellamus
1202 2673 1230 2707 C
1287 2673 1546 2717 philomasium
1563 2671 1598 2706 B
1669 2673 1734 2706 423
1757 2672 1858 2706 insce

404 2731 450 2774 Β,
474 2731 511 2765 in
534 2732 635 2766 hisce
651 2732 679 2766 C'
757 2733 823 2765 424
848 2731 947 2764 inmo
973 2729 1009 2764 B
1090 2732 1156 2763 425
1182 2730 1273 2764 nihil
1299 2736 1318 2765 e
1343 2729 1539 2774 respondit
1618 2729 1799 2773 adloquar
1823 2728 1859 2763 B

495 2789 701 2833 propinque
794 2790 860 2822 426
886 2799 981 2831 uaga
1006 2799 1043 2821 es
1070 2787 1097 2821 C
