1963 3243
330 189 409 226 202
1002 187 1124 221 Plauti
1521 187 1562 229 V,
1588 189 1619 230 2,
1646 189 1781 222 27-39

919 313 1191 366 Eutychus

806 385 872 426 Ire
907 391 1059 426 tecum.

926 508 1192 551 Charinus

1076 581 1219 623 Alium
1251 583 1453 624 comitem
1485 583 1707 636 quaerite;

329 652 423 694 Non
455 654 663 694 amittunt
693 653 736 694 hi
770 668 836 695 me
868 654 1061 704 comites,
1093 654 1166 707 qui
1198 659 1360 695 tenent.

917 777 1192 831 Eutychus

1412 850 1495 901 Qui
1527 856 1630 892 sunt
1661 851 1729 892 ei?

927 927 1192 972 Charinus

327 1001 454 1054 Cura,
487 1002 674 1052 miseria,
706 1001 949 1055 aegritudo,
980 1001 1210 1051 lacrumae,
1243 1001 1508 1044 lamentatio.

917 1127 1017 1168 Eut
1063 1127 1190 1168 chus

328 1200 528 1254 Repudia
558 1200 666 1240 istos
700 1200 879 1241 comites
913 1142 1052 1253 atque-³27
1074 1199 1156 1240 hoc
1188 1200 1355 1253 respice
1388 1204 1431 1241 et
1462 1205 1696 1242 reuortere.

925 1324 1192 1366 Charinus

328 1396 371 1438 Si
404 1397 577 1450 quidem
612 1411 778 1438 mecum
811 1397 996 1439 fabulari
1028 1397 1105 1447 uis,
1140 1396 1418 1450 subsequere.

916 1522 950 1562 E
962 1522 1160 1576 utychu
1172 1537 1191 1564 s

1461 1596 1538 1637 Sta
1567 1595 1679 1637 ilico.
1712 1607 1779 1640 860

925 1673 1189 1716 Charinus

323 1748 436 1788 Male
469 1748 587 1798 facis,
621 1753 923 1801 properantem
957 1748 1031 1800 qui
1063 1762 1128 1788 me
1160 1761 1434 1799 conmorare;
1465 1747 1528 1789 sol
1560 1748 1664 1789 abit.

915 1872 1189 1926 Eutychus

323 1946 367 1988 Si
398 1946 482 1986 huc
515 1946 617 1987 item
650 1959 867 1998 properes,
901 1951 949 1986 ut
979 1946 1092 1986 istuc
1124 1959 1345 1999 properaS,
1378 1946 1514 1986 facias
1546 1947 1720 1987 rectius.

323 2019 417 2059 Huc
449 2018 664 2060 secundus
698 2025 852 2059 uentus
884 2031 997 2058 nunc
1028 2022 1114 2068 est,
1148 2031 1254 2070 cape
1286 2017 1413 2058 modo
1446 2018 1700 2059 uorsoriam.

323 2091 404 2131 Hic
436 2090 638 2131 fauonius
670 2094 880 2138 serenust,
914 2090 1011 2130 istic
1042 2095 1188 2131 auster
1219 2089 1440 2130 imbricus.

321 2162 402 2204 Hic
431 2161 536 2203 facit
567 2161 944 2214 tranquillitatem,
978 2163 1060 2203 iste
1092 2162 1229 2202 omnis
1261 2160 1417 2201 fluctus
1450 2161 1632 2202 conciet.
1710 2172 1776 2205 565

323 2235 482 2287 Recipe
507 2240 549 2275 te
577 2234 633 2275 ad
660 2239 834 2283 terram,
863 2233 1060 2283 Charine,
1087 2233 1190 2284 huc,
1215 2247 1356 2274 nonne
1383 2248 1433 2273 ex
1451 2233 1638 2274 aduorso
1656 2233 1777 2274 uides

323 2306 499 2347 Nubes?
531 2311 625 2347 ater
656 2305 795 2346 imber
825 2307 973 2347 instat.
1036 2305 1223 2359 Adspice
1256 2318 1382 2351 nunc,
1416 2305 1622 2346 sinistera

323 2378 496 2420 Caelum
530 2384 579 2418 ut
610 2384 674 2419 est
705 2378 936 2432 splendore
969 2378 1143 2432 plenum
1175 2379 1296 2430 atque
1328 2376 1586 2418 claritudine.

412 2528 479 2561 856
504 2526 615 2560 aliuni
642 2525 671 2560 Ο
779 2527 846 2560 857
871 2525 931 2560 hic
956 2525 992 2560 Β
1102 2526 1170 2561 858
1194 2525 1332 2559 lacrum
1359 2524 1417 2557 uel
1442 2524 1478 2558 B
1586 2524 1651 2558 861
1678 2534 1778 2558 com-

322 2595 525 2618 memorare
541 2582 570 2617 C
659 2583 726 2617 864
751 2593 902 2617 serenus
927 2584 1098 2618 fauonius
1120 2587 1176 2616 est
1195 2582 1255 2616 hic
1271 2581 1299 2616 C
1387 2582 1453 2615 865
1479 2580 1689 2615 conicietB

322 2643 387 2675 866
413 2640 582 2684 Recipite
688 2651 761 2673 non
788 2651 844 2673 me
869 2639 904 2672 Β
1005 2641 1072 2674 867
1097 2640 1300 2674 Nubisater
1326 2638 1516 2682 imberque
1617 2637 1778 2681 aspiciae

322 2710 397 2731 non
431 2697 476 2731 ad
509 2697 696 2731 sinistram
731 2702 845 2740 atque
879 2696 975 2730 detis
1001 2696 1047 2740 Β,
1082 2698 1205 2741 aspice
1238 2707 1311 2729 non
1340 2700 1378 2728 at
1403 2695 1578 2729 sinistera
1603 2699 1712 2738 atque
1738 2698 1779 2727 ut

322 2754 416 2788 detis
445 2752 472 2786 C
562 2754 628 2788 868
654 2759 696 2788 ut
721 2760 739 2788 e
766 2753 966 2797 splendore
992 2752 1037 2796 B,
1071 2759 1111 2787 ut
1137 2752 1333 2798 splendore
1359 2758 1415 2786 est
1441 2751 1469 2787 Ο
1559 2751 1708 2797 plenum
1733 2761 1779 2786 ex

324 2811 485 2846 aduorso
515 2811 618 2846 uides
