1963 3243
339 160 416 199 155
989 155 1128 190 Plauti·
1462 152 1512 195 11,
1535 153 1569 195 2,
1593 154 1716 196 57-3,
1746 154 1788 187 ιτ
1862 134 1876 174 ’-

334 281 460 323 Nunc
492 282 600 323 adeo
631 282 703 324 ibo
735 282 852 323 illuc.
915 280 998 322 Sed
1031 285 1208 333 optume
1240 284 1416 334 gnatum
1449 293 1591 320 meum
1697 290 1787 328 ,325

335 353 484 404 Uideo‚
525 368 684 396 eccum.
746 354 957 408 Opperiar
995 352 1232 403 hominem;
1271 351 1353 392 hoc
1389 364 1503 392 nunc
1548 349 1652 391 mihi
1695 351 1788 392 uiso

1420 427 1561 476 opust,

336 497 450 539 Huic
480 496 742 551 persuadere
774 496 991 550 quomodo
1026 496 1138 549 potis
1171 497 1285 545 siem,

338 569 397 611 Ut
427 569 547 610 illam
578 568 740 610 uendat
771 582 878 610 ueue
911 568 984 608 det
1014 568 1146 609 matri
1179 581 1308 619 suae3

337 641 444 683 Nam
479 641 516 681 ei
549 640 661 683 dono
694 640 860 681 aduexe
892 640 1057 681 audiui.
1121 639 1204 681 Sed
1236 643 1472 693 praecauto
1503 645 1643 693 opust,

337 712 501 758 Nehic
531 712 652 754 illam
684 727 751 754 me
782 713 971 753 animum
1005 711 1215 753 adiecisse
1248 711 1396 765 aliqua
1427 711 1600 752 sentiat.
1725 723 1791 756 330

438 996 725 1039 CHARINUS
757 995 1142 1039 ADULESCENS.
1202 995 1460 1038 DEMIPHO
1493 994 1689 1037 SENEX.

934 1148 1202 1190 Charinus

422 1222 563 1263 Homo
595 1236 662 1263 me
694 1222 894 1263 miserior
923 1221 1068 1263 nullus
1101 1226 1168 1262 est
1199 1234 1349 1274 aeque,
1383 1221 1549 1274 opinor,

422 1294 573 1349 Neque
605 1294 792 1336 aduorsa
823 1294 926 1347 quoi
957 1293 1084 1347 plura
1116 1294 1203 1334 sint
1235 1293 1511 1346 sempiterna.

424 1366 547 1408 Satin
580 1366 790 1421 quidquid
823 1371 902 1416 est,
933 1379 1063 1419 quam
1094 1380 1182 1407 rem
1217 1379 1343 1418 agere
1375 1365 1535 1418 occepi,

424 1439 652 1492 Proprium
683 1440 836 1492 nequit
868 1437 971 1479 mihi
1004 1439 1177 1480 euenire
1210 1437 1326 1491 quod
1358 1437 1514 1490 cupio?

425 1511 493 1552 Ita
525 1510 629 1552 mihi
659 1512 776 1553 mala
806 1525 876 1553 res
909 1512 1056 1565 aliqua
1087 1510 1287 1560 obicitur,
1725 1520 1792 1553 335
1858 1513 1864 1518 '

426 1583 591 1624 Bonum
622 1597 735 1637 quae
768 1597 907 1624 meum
941 1584 1173 1637 conprimit
1203 1581 1441 1623 consilium.

339 1655 471 1697 Miser
502 1657 686 1697 amicam
718 1655 822 1697 mihi
855 1657 1008 1710 paraui
1041 1655 1172 1696 animi
1204 1667 1348 1704 causa,
1382 1654 1519 1707 pretio
1553 1652 1708 1706 eripui,

425 1729 558 1770 Ratus
591 1728 704 1769 clam
736 1734 905 1782 patrem
935 1740 998 1768 me
1029 1741 1172 1768 meum
1205 1740 1331 1780 posse
1364 1725 1537 1767 habere.

425 1801 467 1842 Is
497 1801 675 1842 resciuit
707 1806 749 1841 et
781 1800 893 1841 uidit
925 1806 968 1841 et
999 1799 1192 1853 perdidit
1225 1812 1302 1839 me.

425 1873 588 1927 Neque,
621 1874 657 1914 is
689 1887 819 1927 quom
850 1877 985 1924 roget,
1019 1872 1124 1926 quid
1158 1872 1326 1925 loquar,
1360 1871 1662 1922 cogitatumst3
1731 1880 1798 1914 340

426 1946 495 1987 Ita
526 1946 657 1987 animi
689 1944 836 1987 decem
867 1946 908 1986 in
942 1950 1118 1998 pectore
1150 1944 1305 1985 incerti
1336 1946 1526 1993 certant3

427 2019 527 2068 Nec,
561 2017 667 2073 quid
698 2017 831 2058 corde
864 2031 978 2058 nunc
1009 2017 1160 2059 consili
1193 2029 1348 2069 capere
1378 2018 1551 2069 possim,

430 2091 548 2141 Scio3
580 2094 730 2131 tantus
763 2104 858 2131 cum
890 2103 994 2131 cura
1025 2097 1164 2131 meost
1196 2103 1318 2130 error
1350 2089 1507 2137 animo,

430 2164 541 2205 Dum
574 2163 690 2204 serui
722 2163 804 2203 mei
836 2161 1063 2216 perplacet
1095 2161 1200 2202 mihi
1232 2161 1470 2210 consilium,

430 2236 541 2278 Dum
572 2249 744 2276 rursum
775 2234 893 2276 haud
925 2233 1070 2287 placet
1101 2247 1179 2274 nec
1208 2239 1338 2288 pater
1369 2233 1484 2286 potis
1514 2231 1690 2274 uidetur
1734 2242 1799 2275 345

429 2309 591 2358 Induci‚
624 2312 673 2348 ut
704 2313 825 2361 putet
854 2308 983 2348 matri
1015 2306 1218 2348 ancillam
1250 2310 1438 2360 emptam
1470 2319 1564 2347 esse
1595 2305 1726 2346 illam.

431 2381 556 2423 Nunc
586 2382 620 2421 si
654 2380 749 2422 dico
782 2387 831 2421 ut
861 2394 928 2422 res
960 2386 1037 2430 est,
1072 2386 1204 2433 atque
1235 2379 1354 2421 illam
1387 2378 1489 2420 mihi
1522 2391 1589 2419 me

438 2553 504 2586 325
529 2558 658 2595 optum
685 2563 725 2586 ec
752 2556 880 2585 natum
899 2550 934 2584 B
1026 2551 1092 2584 326
1118 2548 1314 2592 operiar-B
1406 2549 1526 2582 uisost
1551 2559 1644 2592 opus
1735 2548 1801 2582 327

350 2610 528 2653 persuade
620 2610 688 2643 sim
781 2609 848 2642 328
871 2608 932 2641 ille
958 2607 1096 2641 uendat
1119 2618 1165 2641 ne
1191 2607 1330 2641 uendat
1355 2606 1464 2640 matri
1489 2604 1525 2639 B
1617 2607 1682 2640 329
1707 2604 1801 2639 Nam

350 2665 534 2700 idoneoB
627 2669 862 2710 praecautost
888 2676 979 2708 opus
1074 2665 1137 2698 331
1167 2669 1276 2708 atque
1298 2662 1333 2697 B
1425 2664 1490 2697 333
1517 2660 1712 2706 occepitB

350 2725 416 2758 334
442 2723 578 2767 nequid
603 2722 638 2756 B
731 2723 798 2756 338
828 2732 885 2755 me
911 2732 977 2755 om.
1070 2722 1138 2755 340
1161 2719 1297 2765 Nequis
1323 2719 1359 2754 Β
1460 2720 1601 2764 cogitat
1625 2718 1722 2753 unde
1746 2724 1802 2753 est
1866 2711 1871 2718 '

351 2780 386 2815 Β
479 2781 543 2823 343
569 2791 671 2814 meus
696 2784 817 2814 terror
841 2777 877 2813 Β
969 2780 1035 2812 344
1061 2779 1130 2813 mei
1156 2778 1253 2812 serui
1280 2777 1308 2812 0
