1963 3243
317 172 398 210 304
891 167 997 202 Miles
1023 168 1218 211 gloriosus.

318 296 525 334 Edebatur
561 299 653 345 post
683 296 789 334 Cam.
823 293 1028 344 „uerum“,
1060 309 1196 345 parum
1229 296 1411 334 feliciter.
1444 316 1498 321 —
1534 297 1651 334 1362.
1682 308 1769 344 esse,

317 364 393 410 fide
421 364 532 402 mella
563 365 623 402 ed.
655 378 716 414 pr.
737 384 785 389 —
804 364 848 401 In
879 364 1075 412 principio
1106 377 1243 401 versus
1275 363 1320 401 R.
1341 361 1550 411 „Dicant“,
1569 377 1617 401 ex
1639 367 1771 414 proxi-

317 443 402 481 mo3
440 433 508 469 sed
548 433 610 470 hic
653 432 861 469 manifesto
892 433 1052 481 spurius
1084 435 1161 480 est3
1193 432 1288 482 quid
1319 432 1418 468 enim
1451 432 1625 482 ineptius
1655 445 1773 481 quam

317 500 444 537 vetari
484 501 647 537 militem
681 513 769 536 eum
801 501 974 536 retinere
1005 512 1174 545 servum,
1207 501 1274 548 qui
1304 497 1509 537 unus’sibi
1539 499 1666 537 fidelis
1697 499 1773 538 sit?

317 568 465 605 Eadem
498 568 706 605 Ribbeckii
738 572 776 604 et
807 567 933 604 Brixii
965 568 1157 604 sententia
1186 568 1347 604 fuit.—
1369 567 1489 605 1364.
1524 578 1694 605 censeam
1711 568 1771 606 ed.

317 652 378 688 pr.
411 656 467 661 —
512 636 632 674 1365.
665 637 801 683 potest,
844 648 896 672 sc.
936 633 1034 680 fieri,
1075 649 1111 672 v.
1154 635 1201 672 ad
1240 636 1381 685 Amph.
1427 636 1518 674 169.
1557 654 1611 660 -
1654 636 1773 674 1366.

317 706 582 744 Personarum
615 705 772 741 nomina
803 702 908 740 Cam.
940 705 1191 752 permutavit.
1211 722 1263 728 —
1286 704 1404 741 1367.
1435 703 1541 742 hunc
1565 704 1774 754 ed.pr.·—

323 774 443 812 1368.
484 773 604 811 Nune
644 773 784 821 scripsi
824 766 915 820 (vel,
956 772 987 807 si
1028 771 1101 808 hoc
1131 772 1255 817 malis,
1292 768 1460 819 „iam“);
1495 771 1597 809 idem
1629 772 1773 822 Bergk.

318 842 459 879 voluit.
525 837 674 888 „Eum“
710 853 847 877 verum
879 843 991 885 esset,
1022 840 1055 876 si
1086 839 1337 877 antecederet
1371 838 1554 889 „quem“.
1584 860 1640 865 —-
1670 841 1775 878 inue-

318 911 384 948 m'o
429 909 534 946 Pius.
595 910 737 956 eyomet
779 907 885 945 Cam.
935 927 986 932 —
1024 918 1136 955 quom
1182 909 1312 956 comto,
1360 908 1406 945 ef.
1455 907 1505 944 ad
1550 907 1660 957 Capt.
1710 911 1774 947 51.

319 977 461 1027 Amph.
496 978 591 1014 443.
645 976 757 1014 Curc.
792 977 884 1021 583,
918 976 1036 1012 etiam
1067 975 1170 1013 Men.
1207 977 1325 1014 1044.
1373 976 1513 1026 Amph.
1547 978 1642 1015 437.
1688 976 1774 1014 Cas.

321 1047 415 1084 842.
451 1046 543 1083 534.
577 1065 625 1069 -
664 1045 784 1083 1369.
815 1044 893 1090 feci
913 1050 952 1081 et
975 1045 1089 1081 amisi
1118 1044 1178 1082 ed.
1204 1058 1263 1095 pr.
1299 1064 1347 1069 —
1386 1045 1504 1083 1370.
1537 1055 1686 1082 amores
1715 1045 1774 1082 ed.

319 1128 378 1164 pr.
409 1133 463 1139 —
501 1114 566 1152 sed
602 1113 726 1162 Bugg.
769 1112 925 1150 Tidskr.
958 1113 984 1149 f.
1017 1111 1157 1150 Philol.
1186 1112 1239 1149 VI
1271 1125 1308 1161 p.
1346 1114 1407 1161 13,
1439 1117 1484 1149 ut
1515 1114 1593 1149 iam
1624 1111 1774 1150 Acidal.

319 1183 418 1220 Tum
450 1183 552 1220 sensi
581 1181 739 1219 Gruter.
773 1185 887 1227 cett.;
925 1179 1115 1226 „sensim“
1151 1180 1356 1226 Ribbeck„
1386 1182 1412 1218 i.
1444 1194 1476 1218 e.
1509 1181 1662 1227 leniter,
1694 1193 1775 1218 mo-

320 1251 468 1297 derate,
509 1251 556 1289 cf.
597 1250 724 1288 Oasin.
767 1250 868 1287 767:
935 1249 1111 1294 „Sensim
1150 1248 1420 1298 superadtolle
1459 1249 1575 1286 limen
1615 1247 1774 1298 pedes“.

320 1319 472 1357 Phaedr.
504 1319 570 1366 IV,
607 1321 669 1364 17,
703 1320 750 1356 9:
809 1318 954 1365 „Parce
986 1317 1158 1366 gaudere
1189 1321 1350 1367 oportet
1381 1321 1419 1354 et
1449 1318 1589 1354 sensim
1623 1315 1774 1366 queri“.

320 1387 419 1426 Gell.
459 1387 549 1430 XII,
592 1390 629 1437 5,
672 1388 743 1425 11:
790 1399 884 1432 „our
915 1387 1067 1423 tonitru
1099 1385 1368 1423 vehementius
1397 1385 1502 1423 facto
1533 1386 1674 1422 sensim
1705 1398 1774 1435 pa·

320 1454 495 1495 vescat“.
528 1458 578 1494 al.
611 1475 666 1482 —-
694 1456 795 1500 hinc,
827 1469 848 1492 a
878 1455 1212 1504 Peripleoomeno.

440 1526 559 1563 1371.
593 1524 685 1562 Exit
726 1537 826 1574 puer
858 1523 1183 1573 Periplecomeni,
1221 1526 1266 1559 ut
1304 1522 1468 1559 militem
1507 1526 1692 1559 arcessat.
1727 1541 1773 1546 —

326 1595 445 1632 1372.
487 1594 565 1630 iam
605 1593 697 1630 olim
739 1592 1001 1629 emendatum.
1064 1591 1159 1628 Post
1198 1591 1426 1629 conueniant
1463 1590 1604 1627 hiaetus
1634 1592 1673 1626 in
1706 1603 1776 1627 cae-

322 1675 424 1700 sura.
458 1681 511 1686 —
548 1663 667 1699 1373.
702 1661 795 1698 Post
825 1660 1062 1707 investigabo
1092 1661 1205 1706 item,
1243 1658 1380 1705 „eum‘⁴
1415 1658 1504 1696 add.
1531 1658 1576 1695 R.
1604 1677 1657 1683 ——
1681 1669 1777 1707 par-

324 1742 411 1768 cam
447 1729 553 1766 Cam.
588 1749 640 1754 ——
677 1730 796 1767 1374.
830 1729 926 1766 Post
954 1739 1081 1775 puero
1122 1727 1255 1765 hiatur
1291 1728 1331 1764 in
1371 1728 1509 1776 quinto
1547 1727 1691 1764 iambo.
1725 1738 1797 1752 -··
1871 1740 1875 1743 ’

328 1800 449 1837 1376.
488 1797 775 1836 Commoditatc's
805 1798 963 1846 plenum
996 1809 1080 1833 eum
1115 1796 1300 1845 appellat,
1331 1795 1378 1832 cf.
1417 1796 1536 1832 1129.
1568 1813 1622 1819 —
1657 1795 1775 1832 1377.

326 1861 403 1915 Qua·
431 1867 535 1905 duo?
573 1881 595 1904 o
636 1866 809 1915 longum.
850 1869 895 1901 ut
926 1866 1067 1915 saepius
1099 1865 1137 1901 in
1173 1863 1313 1913 ,‚ego“,
1346 1864 1392 1901 cf.
1427 1863 1578 1912 Proleg.
1611 1875 1649 1912 p.
1686 1864 1776 1902 195.

322 1955 376 1960 —
411 1936 537 1973 1378:
576 1935 678 1981 „Era
710 1937 816 1971 intro
847 1938 886 1970 te
918 1932 1017 1970 cet.‘''
1054 1932 1234 1970 Mueller.
1262 1932 1374 1969 Ribb.
1401 1931 1537 1969 Goetz.
1568 1951 1623 1956 —
1658 1933 1775 1970 1379.

322 2004 467 2052 deperit
496 2003 676 2052 Pylades.
710 2022 764 2026 —
800 2003 919 2039 1380.
952 2002 1044 2048 quin
1074 2002 1174 2038 intro
1204 2001 1264 2038 223?
1294 2000 1354 2038 ed.
1371 2013 1430 2049 pr.
1462 2019 1516 2024 —-
1553 2000 1671 2037 1381.
1702 1999 1779 2038 illic

321 2084 399 2111 sese
417 2072 594 2121 Pylades.
627 2091 679 2095 —
716 2071 834 2108 1382.
867 2071 907 2107 in
939 2069 1043 2107 saltu
1074 2069 1301 2115 saracenus,
1335 2070 1360 2106 i.
1387 2082 1418 2106 e.
1450 2070 1490 2105 in
1521 2069 1686 2106 insidiis.
1732 2067 1775 2105 R.

325 2154 412 2178 eum
443 2141 588 2177 Pareo:
634 2144 737 2181 ..stat
775 2140 813 2175 iu
853 2143 957 2175 statu
999 2134 1159 2182 senex“,
1192 2137 1298 2187 quod
1329 2142 1496 2187 propter
1525 2136 1777 2173 diiambicum

324 2212 471 2246 exitum
513 2207 713 2257 improbat
752 2207 894 2244 Luchs.
937 2206 1113 2243 Studom.
1155 2205 1268 2243 Stud.
1308 2205 1325 2242 Ι
1365 2219 1403 2255 p.
1445 2206 1520 2250 453
1561 2205 1654 2254 quin
1694 2205 1778 2254 ipsa

324 2278 435 2315 notio
473 2281 599 2313 status
639 2289 712 2312 non
752 2275 954 2312 insidianti
992 2276 1186 2320 convenit,
1227 2267 1300 2310 sed
1333 2275 1368 2310 ei
1407 2274 1474 2322 qui
1513 2272 1778 2320 aggredientis

323 2345 512 2393 impetum
553 2349 766 2394 exspectat.
798 2363 854 2369 -—
889 2342 1007 2380 1383.
1048 2342 1163 2379 affert
1201 2341 1352 2378 Nonius
1390 2354 1427 2390 p.
1470 2342 1560 2387 305,
1594 2339 1661 2377 sed
1693 2351 1776 2377 cor·

324 2417 459 2462 rupte:
505 2417 574 2458 „ut
605 2413 805 2450 domatum
839 2424 1010 2448 maecum
1043 2412 1110 2460 qui
1141 2410 1264 2446 forma
1297 2413 1354 2446 est
1385 2407 1537 2446 ferox“.
1572 2427 1620 2433 -
1657 2407 1775 2445 1384.

323 2492 505 2529 quaeque,
554 2481 600 2518 cf.
646 2481 735 2518 156.
796 2479 859 2517 Sic
893 2483 998 2515 recte
1037 2479 1068 2516 B
1109 2474 1371 2527 (.,queque“);
1412 2476 1510 2514 male
1543 2475 1626 2513 cod.
1659 2475 1686 2513 C
1718 2487 1776 2512 se-

325 2555 502 2599 quuntur
542 2549 632 2586 Lor.
674 2553 713 2585 et
752 2548 816 2585 ΒΓ.
853 2567 900 2572 -
939 2548 1058 2585 1385.
1092 2545 1248 2591 Mulier,
1279 2555 1392 2593 quem
1423 2543 1601 2593 Seyffert.
1635 2541 1773 2581 Philol.

324 2616 457 2654 XXIX
488 2630 525 2666 p.
559 2617 651 2654 400.
715 2615 830 2653 Ribb.
861 2628 1016 2652 versum
1049 2614 1206 2651 delevit.

442 2685 560 2722 1387.
593 2684 743 2722 Ultima
774 2683 915 2720 fabulae
943 2697 1068 2729 scena,
1102 2687 1146 2720 ut
1176 2681 1288 2726 solet,
1313 2680 1520 2718 trochaicis
1544 2678 1775 2729 septenariis

324 2754 471 2802 scripta
503 2757 572 2789 est.
598 2760 602 2763 “
635 2752 748 2789 Miles
781 2752 820 2788 in
862 2751 1060 2788 adulterio
1091 2751 1305 2800 deprensus
1336 2748 1385 2785 ad
1415 2760 1581 2799 poenam
1612 2746 1774 2796 rapitur.
