<?xml version="1.0" encoding="UTF-8"?>
<!DOCTYPE html PUBLIC "-//W3C//DTD XHTML 1.0 Transitional//EN"
    "http://www.w3.org/TR/xhtml1/DTD/xhtml1-transitional.dtd">
<html xmlns="http://www.w3.org/1999/xhtml" xml:lang="en" lang="en">
 <head>
  <title>
</title>
<meta http-equiv="Content-Type" content="text/html;charset=utf-8" />
  <meta name='ocr-system' content='tesseract 3.04.00' />
  <meta name='ocr-capabilities' content='ocr_page ocr_carea ocr_par ocr_line ocrx_word'/>
</head>
<body>
  <div class='ocr_page' id='page_1' title='image "./comoediaerecensu04plauuoft_0177.png"; bbox 0 0 1963 3243; ppageno 0'>
   <div class='ocr_carea' id='block_1_1' title="bbox 142 223 1595 266">
    <p class='ocr_par' dir='ltr' id='par_1_1' title="bbox 142 223 1595 266">
     <span class='ocr_line' id='line_1_1' title="bbox 142 223 1595 266; baseline 0.002 -8"><span class='ocrx_word' id='word_1_1' title='bbox 142 223 189 266; x_wconf 81' lang='lat'>11,</span> <span class='ocrx_word' id='word_1_2' title='bbox 213 226 246 262; x_wconf 83' lang='lat'>4.</span> <span class='ocrx_word' id='word_1_3' title='bbox 270 223 427 266; x_wconf 78' lang='lat'>28—111,</span> <span class='ocrx_word' id='word_1_4' title='bbox 457 227 486 265; x_wconf 87' lang='lat'>1,</span> <span class='ocrx_word' id='word_1_5' title='bbox 509 225 530 257; x_wconf 81' lang='grc'><strong>5</strong></span> <span class='ocrx_word' id='word_1_6' title='bbox 772 224 972 258; x_wconf 74' lang='lat' dir='ltr'>Mercator.</span> <span class='ocrx_word' id='word_1_7' title='bbox 1526 228 1595 266; x_wconf 84' lang='lat'>171</span> 
     </span>
    </p>
   </div>
   <div class='ocr_carea' id='block_1_2' title="bbox 296 350 1598 477">
    <p class='ocr_par' dir='ltr' id='par_1_2' title="bbox 296 350 1598 477">
     <span class='ocr_line' id='line_1_2' title="bbox 740 350 1010 392; baseline 0.004 -1"><span class='ocrx_word' id='word_1_8' title='bbox 740 350 1010 392; x_wconf 86' lang='lat' dir='ltr'>Charinus</span> 
     </span>
     <span class='ocr_line' id='line_1_3' title="bbox 296 421 1598 477; baseline -0.002 -13"><span class='ocrx_word' id='word_1_9' title='bbox 296 423 388 464; x_wconf 89' lang='lat' dir='ltr'>Nou</span> <span class='ocrx_word' id='word_1_10' title='bbox 423 423 576 477; x_wconf 81' lang='lat' dir='ltr'><strong>edepol</strong></span> <span class='ocrx_word' id='word_1_11' title='bbox 611 437 784 477; x_wconf 79' lang='lat' dir='ltr'>possum</span> <span class='ocrx_word' id='word_1_12' title='bbox 819 424 940 477; x_wconf 82' lang='lat' dir='ltr'>prius</span> <span class='ocrx_word' id='word_1_13' title='bbox 975 437 1104 477; x_wconf 82' lang='lat' dir='ltr'>quam</span> <span class='ocrx_word' id='word_1_14' title='bbox 1138 428 1183 464; x_wconf 87' lang='lat' dir='ltr'>tu</span> <span class='ocrx_word' id='word_1_15' title='bbox 1217 422 1270 464; x_wconf 81' lang='lat' dir='ltr'>ad</span> <span class='ocrx_word' id='word_1_16' title='bbox 1305 437 1368 463; x_wconf 79' lang='lat' dir='ltr'>uic</span> <span class='ocrx_word' id='word_1_17' title='bbox 1403 421 1598 462; x_wconf 67' lang='lat' dir='ltr'>redieris.</span> 
     </span>
    </p>
   </div>
   <div class='ocr_carea' id='block_1_3' title="bbox 142 548 1007 663">
    <p class='ocr_par' dir='ltr' id='par_1_3' title="bbox 142 548 1007 663">
     <span class='ocr_line' id='line_1_4' title="bbox 733 548 1007 602; baseline -0.004 -12"><span class='ocrx_word' id='word_1_18' title='bbox 733 548 1007 602; x_wconf 82' lang='lat' dir='ltr'>Eutychus</span> 
     </span>
     <span class='ocr_line' id='line_1_5' title="bbox 142 620 567 663; baseline 0 -1"><span class='ocrx_word' id='word_1_19' title='bbox 142 620 297 663; x_wconf 86' lang='lat' dir='ltr'>Melius</span> <span class='ocrx_word' id='word_1_20' title='bbox 328 634 462 662; x_wconf 81' lang='lat' dir='ltr'>sanus</span> <span class='ocrx_word' id='word_1_21' title='bbox 495 622 567 662; x_wconf 88' lang='lat' dir='ltr'>sis.</span> 
     </span>
    </p>
   </div>
   <div class='ocr_carea' id='block_1_4' title="bbox 550 721 1176 847">
    <p class='ocr_par' dir='ltr' id='par_1_4' title="bbox 550 721 1176 847">
     <span class='ocr_line' id='line_1_6' title="bbox 740 721 1010 765; baseline 0.004 -1"><span class='ocrx_word' id='word_1_22' title='bbox 740 721 1010 765; x_wconf 88' lang='lat' dir='ltr'>Charinus</span> 
     </span>
     <span class='ocr_line' id='line_1_7' title="bbox 550 795 1176 847; baseline -0.002 -9"><span class='ocrx_word' id='word_1_23' title='bbox 550 795 670 847; x_wconf 91' lang='lat' dir='ltr'>Uale,</span> <span class='ocrx_word' id='word_1_24' title='bbox 702 796 828 837; x_wconf 86' lang='lat' dir='ltr'>uince</span> <span class='ocrx_word' id='word_1_25' title='bbox 861 801 904 838; x_wconf 82' lang='lat' dir='ltr'>et</span> <span class='ocrx_word' id='word_1_26' title='bbox 937 809 1002 836; x_wconf 91' lang='lat' dir='ltr'>me</span> <span class='ocrx_word' id='word_1_27' title='bbox 1035 809 1176 837; x_wconf 88' lang='lat' dir='ltr'>serua.</span> 
     </span>
    </p>
   </div>
   <div class='ocr_carea' id='block_1_5' title="bbox 140 921 1597 1109">
    <p class='ocr_par' dir='ltr' id='par_1_5' title="bbox 140 921 1597 1109">
     <span class='ocr_line' id='line_1_8' title="bbox 731 921 1008 976; baseline -0.004 -12"><span class='ocrx_word' id='word_1_28' title='bbox 731 921 1008 976; x_wconf 81' lang='lat' dir='ltr'>Eutychus</span> 
     </span>
     <span class='ocr_line' id='line_1_9' title="bbox 1317 993 1597 1046; baseline 0 -12"><span class='ocrx_word' id='word_1_29' title='bbox 1317 993 1408 1046; x_wconf 87' lang='lat' dir='ltr'>Ego</span> <span class='ocrx_word' id='word_1_30' title='bbox 1441 993 1597 1034; x_wconf 87' lang='lat' dir='ltr'>fecero.</span> 
     </span>
     <span class='ocr_line' id='line_1_10' title="bbox 140 1067 580 1109; baseline -0.005 0"><span class='ocrx_word' id='word_1_31' title='bbox 140 1067 264 1109; x_wconf 91' lang='lat' dir='ltr'>Domi</span> <span class='ocrx_word' id='word_1_32' title='bbox 297 1074 470 1109; x_wconf 81' lang='lat' dir='ltr'>maneto</span> <span class='ocrx_word' id='word_1_33' title='bbox 503 1081 580 1108; x_wconf 88' lang='lat' dir='ltr'>me.</span> 
     </span>
    </p>
   </div>
   <div class='ocr_carea' id='block_1_6' title="bbox 475 1145 1604 1273">
    <p class='ocr_par' dir='ltr' id='par_1_6' title="bbox 475 1145 1604 1273">
     <span class='ocr_line' id='line_1_11' title="bbox 734 1145 1006 1188; baseline 0 0"><span class='ocrx_word' id='word_1_34' title='bbox 734 1145 1006 1188; x_wconf 87' lang='lat' dir='ltr'>Charinus</span> 
     </span>
     <span class='ocr_line' id='line_1_12' title="bbox 475 1218 1604 1273; baseline 0.001 -12"><span class='ocrx_word' id='word_1_35' title='bbox 475 1219 587 1273; x_wconf 87' lang='lat' dir='ltr'>Ergo</span> <span class='ocrx_word' id='word_1_36' title='bbox 621 1224 817 1261; x_wconf 78' lang='lat' dir='ltr'>actutum</span> <span class='ocrx_word' id='word_1_37' title='bbox 851 1218 945 1261; x_wconf 88' lang='lat' dir='ltr'>face</span> <span class='ocrx_word' id='word_1_38' title='bbox 979 1233 1074 1260; x_wconf 90' lang='lat' dir='ltr'>cum</span> <span class='ocrx_word' id='word_1_39' title='bbox 1107 1219 1273 1273; x_wconf 89' lang='lat' dir='ltr'>praeda</span> <span class='ocrx_word' id='word_1_40' title='bbox 1305 1219 1504 1273; x_wconf 83' lang='lat' dir='ltr'>recipias.</span> <span class='ocrx_word' id='word_1_41' title='bbox 1536 1229 1604 1263; x_wconf 86' lang='lat'>490</span> 
     </span>
    </p>
   </div>
   <div class='ocr_carea' id='block_1_7' title="bbox 197 1757 1550 1801">
    <p class='ocr_par' dir='ltr' id='par_1_7' title="bbox 197 1757 1550 1801">
     <span class='ocr_line' id='line_1_13' title="bbox 197 1757 1550 1801; baseline -0.001 0"><span class='ocrx_word' id='word_1_42' title='bbox 197 1758 556 1801; x_wconf 84' lang='lat' dir='ltr'>LYSIMACHUS</span> <span class='ocrx_word' id='word_1_43' title='bbox 590 1759 788 1801; x_wconf 82' lang='lat' dir='ltr'><strong>SENEX.</strong></span> <span class='ocrx_word' id='word_1_44' title='bbox 851 1757 1203 1800; x_wconf 73' lang='lat' dir='ltr'>PASICOMPsA</span> <span class='ocrx_word' id='word_1_45' title='bbox 1237 1757 1550 1800; x_wconf 83' lang='lat' dir='ltr'><strong>MERETRIX.</strong></span> 
     </span>
    </p>
   </div>
   <div class='ocr_carea' id='block_1_8' title="bbox 139 1919 1600 2325">
    <p class='ocr_par' dir='ltr' id='par_1_8' title="bbox 139 1919 1600 2325">
     <span class='ocr_line' id='line_1_14' title="bbox 694 1919 1047 1974; baseline -0.003 -12"><span class='ocrx_word' id='word_1_46' title='bbox 694 1919 1047 1974; x_wconf 84' lang='lat' dir='ltr'>Lysimachus</span> 
     </span>
     <span class='ocr_line' id='line_1_15' title="bbox 139 1993 1380 2047; baseline 0.002 -14"><span class='ocrx_word' id='word_1_47' title='bbox 139 1993 285 2034; x_wconf 84' lang='lat' dir='ltr'><strong>Amice</strong></span> <span class='ocrx_word' id='word_1_48' title='bbox 316 1994 456 2034; x_wconf 88' lang='lat' dir='ltr'>amico</span> <span class='ocrx_word' id='word_1_49' title='bbox 488 2007 665 2047; x_wconf 84' lang='lat' dir='ltr'>operam</span> <span class='ocrx_word' id='word_1_50' title='bbox 699 1993 811 2044; x_wconf 76' lang='lat' dir='ltr'>dedi,</span> <span class='ocrx_word' id='word_1_51' title='bbox 844 1993 1016 2034; x_wconf 87' lang='lat' dir='ltr'>uicinus</span> <span class='ocrx_word' id='word_1_52' title='bbox 1048 1993 1162 2046; x_wconf 88' lang='lat' dir='ltr'>quod</span> <span class='ocrx_word' id='word_1_53' title='bbox 1195 1993 1380 2045; x_wconf 78' lang='lat' dir='ltr'>rogauit.</span> 
     </span>
     <span class='ocr_line' id='line_1_16' title="bbox 140 2065 1421 2119; baseline -0.001 -13"><span class='ocrx_word' id='word_1_54' title='bbox 140 2065 232 2106; x_wconf 90' lang='lat' dir='ltr'>Hoc</span> <span class='ocrx_word' id='word_1_55' title='bbox 262 2065 343 2106; x_wconf 89' lang='lat' dir='ltr'>emi</span> <span class='ocrx_word' id='word_1_56' title='bbox 378 2066 718 2108; x_wconf 88' lang='lat' dir='ltr'>mercimonium.</span> <span class='ocrx_word' id='word_1_57' title='bbox 780 2066 879 2107; x_wconf 89' lang='lat' dir='ltr'>Mea</span> <span class='ocrx_word' id='word_1_58' title='bbox 910 2080 955 2106; x_wconf 85' lang='lat' dir='ltr'>es</span> <span class='ocrx_word' id='word_1_59' title='bbox 988 2072 1058 2117; x_wconf 74' lang='lat' dir='ltr'>tu,</span> <span class='ocrx_word' id='word_1_60' title='bbox 1092 2079 1274 2119; x_wconf 82' lang='lat' dir='ltr'>sequere</span> <span class='ocrx_word' id='word_1_61' title='bbox 1306 2079 1421 2106; x_wconf 85' lang='lat' dir='ltr'>sane.</span> 
     </span>
     <span class='ocr_line' id='line_1_17' title="bbox 139 2136 1470 2191; baseline 0 -13"><span class='ocrx_word' id='word_1_62' title='bbox 139 2136 202 2179; x_wconf 91' lang='lat' dir='ltr'>Ne</span> <span class='ocrx_word' id='word_1_63' title='bbox 233 2138 378 2191; x_wconf 82' lang='lat' dir='ltr'>plora3</span> <span class='ocrx_word' id='word_1_64' title='bbox 411 2139 536 2180; x_wconf 87' lang='lat' dir='ltr'>nimis</span> <span class='ocrx_word' id='word_1_65' title='bbox 570 2138 705 2179; x_wconf 79' lang='lat' dir='ltr'>stulte</span> <span class='ocrx_word' id='word_1_66' title='bbox 737 2138 870 2189; x_wconf 81' lang='lat' dir='ltr'>facis3</span> <span class='ocrx_word' id='word_1_67' title='bbox 904 2138 1052 2179; x_wconf 91' lang='lat' dir='ltr'>oculos</span> <span class='ocrx_word' id='word_1_68' title='bbox 1084 2139 1327 2191; x_wconf 84' lang='lat' dir='ltr'>corrumpis</span> <span class='ocrx_word' id='word_1_69' title='bbox 1359 2137 1470 2179; x_wconf 83' lang='lat' dir='ltr'>talis.</span> 
     </span>
     <span class='ocr_line' id='line_1_18' title="bbox 141 2209 1600 2264; baseline 0 -14"><span class='ocrx_word' id='word_1_70' title='bbox 141 2209 250 2260; x_wconf 86' lang='lat' dir='ltr'>Quin</span> <span class='ocrx_word' id='word_1_71' title='bbox 290 2209 370 2251; x_wconf 81' lang='lat' dir='ltr'>tibi</span> <span class='ocrx_word' id='word_1_72' title='bbox 411 2210 601 2263; x_wconf 88' lang='lat' dir='ltr'>quidem,</span> <span class='ocrx_word' id='word_1_73' title='bbox 644 2210 762 2264; x_wconf 89' lang='lat' dir='ltr'>quod</span> <span class='ocrx_word' id='word_1_74' title='bbox 803 2210 961 2261; x_wconf 83' lang='lat' dir='ltr'>rideas,</span> <span class='ocrx_word' id='word_1_75' title='bbox 999 2211 1136 2263; x_wconf 83' lang='lat' dir='ltr'>magis</span> <span class='ocrx_word' id='word_1_76' title='bbox 1176 2217 1243 2252; x_wconf 80' lang='lat' dir='ltr'>est</span> <span class='ocrx_word' id='word_1_77' title='bbox 1283 2224 1413 2264; x_wconf 88' lang='lat' dir='ltr'>quam</span> <span class='ocrx_word' id='word_1_78' title='bbox 1453 2216 1500 2251; x_wconf 80' lang='lat' dir='ltr'>ut</span> <span class='ocrx_word' id='word_1_79' title='bbox 1538 2209 1600 2250; x_wconf 88' lang='lat' dir='ltr'>la-</span> 
     </span>
     <span class='ocr_line' id='line_1_19' title="bbox 1227 2287 1431 2325; baseline 0 -2"><span class='ocrx_word' id='word_1_80' title='bbox 1227 2287 1431 2325; x_wconf 76' lang='lat' dir='ltr'>mentere.</span> 
     </span>
    </p>
   </div>
   <div class='ocr_carea' id='block_1_9' title="bbox 141 2386 1049 2513">
    <p class='ocr_par' dir='ltr' id='par_1_9' title="bbox 141 2386 1049 2513">
     <span class='ocr_line' id='line_1_20' title="bbox 691 2386 1049 2441; baseline 0 -14"><span class='ocrx_word' id='word_1_81' title='bbox 691 2386 722 2427; x_wconf 90' lang='lat' dir='ltr'>P</span> <span class='ocrx_word' id='word_1_82' title='bbox 737 2401 763 2428; x_wconf 91' lang='lat' dir='ltr'>a</span> <span class='ocrx_word' id='word_1_83' title='bbox 774 2388 816 2428; x_wconf 91' lang='lat' dir='ltr'>si</span> <span class='ocrx_word' id='word_1_84' title='bbox 828 2401 850 2428; x_wconf 92' lang='lat' dir='ltr'>c</span> <span class='ocrx_word' id='word_1_85' title='bbox 861 2402 884 2429; x_wconf 94' lang='lat' dir='ltr'>o</span> <span class='ocrx_word' id='word_1_86' title='bbox 898 2401 938 2427; x_wconf 85' lang='lat' dir='ltr'>m</span> <span class='ocrx_word' id='word_1_87' title='bbox 949 2402 976 2441; x_wconf 93' lang='lat' dir='ltr'>p</span> <span class='ocrx_word' id='word_1_88' title='bbox 991 2402 1010 2428; x_wconf 89' lang='lat' dir='ltr'>s</span> <span class='ocrx_word' id='word_1_89' title='bbox 1023 2400 1049 2427; x_wconf 85' lang='lat' dir='ltr'>a</span> 
     </span>
     <span class='ocr_line' id='line_1_21' title="bbox 141 2459 1039 2513; baseline -0.004 -9"><span class='ocrx_word' id='word_1_90' title='bbox 141 2462 304 2504; x_wconf 85' lang='lat' dir='ltr'>Amabo</span> <span class='ocrx_word' id='word_1_91' title='bbox 336 2468 521 2511; x_wconf 83' lang='lat' dir='ltr'>ecastor,</span> <span class='ocrx_word' id='word_1_92' title='bbox 556 2462 612 2502; x_wconf 87' lang='lat' dir='ltr'>mi</span> <span class='ocrx_word' id='word_1_93' title='bbox 645 2474 787 2510; x_wconf 42' lang='lat' dir='ltr'>senem</span> <span class='ocrx_word' id='word_1_94' title='bbox 821 2459 1039 2513; x_wconf 81' lang='lat' dir='ltr'>eloquere,</span> 
     </span>
    </p>
   </div>
   <div class='ocr_carea' id='block_1_10' title="bbox 692 2585 1602 2714">
    <p class='ocr_par' dir='ltr' id='par_1_10' title="bbox 692 2585 1602 2714">
     <span class='ocr_line' id='line_1_22' title="bbox 692 2585 1044 2639; baseline 0.003 -13"><span class='ocrx_word' id='word_1_95' title='bbox 692 2586 868 2639; x_wconf 85' lang='lat' dir='ltr'>Lysim</span> <span class='ocrx_word' id='word_1_96' title='bbox 880 2585 1014 2627; x_wconf 91' lang='lat' dir='ltr'>achu</span> <span class='ocrx_word' id='word_1_97' title='bbox 1026 2601 1044 2627; x_wconf 90' lang='lat' dir='ltr'>s</span> 
     </span>
     <span class='ocr_line' id='line_1_23' title="bbox 1094 2659 1602 2714; baseline 0.006 -14"><span class='ocrx_word' id='word_1_98' title='bbox 1094 2660 1282 2714; x_wconf 80' lang='lat' dir='ltr'>Exquire</span> <span class='ocrx_word' id='word_1_99' title='bbox 1315 2659 1502 2713; x_wconf 82' lang='lat' dir='ltr'>quiduis.</span> <span class='ocrx_word' id='word_1_100' title='bbox 1535 2671 1602 2703; x_wconf 85' lang='lat'>495</span> 
     </span>
    </p>
   </div>
   <div class='ocr_carea' id='block_1_11' title="bbox 142 2806 1600 2909">
    <p class='ocr_par' dir='ltr' id='par_1_11' title="bbox 142 2806 1600 2909">
     <span class='ocr_line' id='line_1_24' title="bbox 230 2806 1600 2850; baseline -0.004 -7"><span class='ocrx_word' id='word_1_101' title='bbox 230 2811 296 2843; x_wconf 82' lang='lat'>489</span> <span class='ocrx_word' id='word_1_102' title='bbox 321 2810 582 2844; x_wconf 75' lang='lat' dir='ltr'>meliustsanus</span> <span class='ocrx_word' id='word_1_103' title='bbox 598 2809 631 2842; x_wconf 81' lang='lat' dir='ltr'><strong><em>A</em></strong></span> <span class='ocrx_word' id='word_1_104' title='bbox 724 2809 792 2841; x_wconf 87' lang='grc'>490</span> <span class='ocrx_word' id='word_1_105' title='bbox 817 2806 991 2850; x_wconf 79' lang='lat' dir='ltr'>praedam</span> <span class='ocrx_word' id='word_1_106' title='bbox 1009 2806 1039 2841; x_wconf 83' lang='lat' dir='ltr'><strong><em>G</em></strong></span> <span class='ocrx_word' id='word_1_107' title='bbox 1127 2807 1192 2839; x_wconf 83' lang='lat'>493</span> <span class='ocrx_word' id='word_1_108' title='bbox 1214 2806 1400 2849; x_wconf 79' lang='lat' dir='ltr'>corumpis</span> <span class='ocrx_word' id='word_1_109' title='bbox 1418 2806 1447 2841; x_wconf 84' lang='lat' dir='ltr'><strong><em>G</em></strong></span> <span class='ocrx_word' id='word_1_110' title='bbox 1535 2808 1600 2841; x_wconf 79' lang='lat'>494</span> 
     </span>
     <span class='ocr_line' id='line_1_25' title="bbox 142 2863 763 2909; baseline 0 -11"><span class='ocrx_word' id='word_1_111' title='bbox 142 2863 235 2908; x_wconf 81' lang='lat' dir='ltr'>Quid</span> <span class='ocrx_word' id='word_1_112' title='bbox 258 2865 302 2909; x_wconf 89' lang='lat' dir='ltr'>B,</span> <span class='ocrx_word' id='word_1_113' title='bbox 329 2865 395 2909; x_wconf 80' lang='lat' dir='ltr'>Qui</span> <span class='ocrx_word' id='word_1_114' title='bbox 424 2865 453 2901; x_wconf 84' lang='lat' dir='ltr'><strong><em>C</em></strong></span> <span class='ocrx_word' id='word_1_115' title='bbox 541 2868 608 2901; x_wconf 85' lang='lat'>495</span> <span class='ocrx_word' id='word_1_116' title='bbox 635 2867 705 2899; x_wconf 84' lang='lat' dir='ltr'>mei</span> <span class='ocrx_word' id='word_1_117' title='bbox 731 2866 763 2898; x_wconf 78' lang='lat' dir='ltr'><strong><em>A</em></strong></span> 
     </span>
    </p>
   </div>
  </div>
 </body>
</html>
