1963 3243
311 199 392 235 240
879 192 984 226 Miles
1011 192 1205 234 gloriosus.

313 325 589 363 enarraverim.
645 322 722 358 iam
769 321 866 358 nihil
907 322 1014 359 aliud
1052 321 1270 371 significare
1310 323 1427 361 credo
1465 324 1540 362 nisi
1577 324 1763 361 columnae

312 392 557 430 adst-rictum.
631 389 837 428 Barbarus
875 390 1039 427 Latinus
1078 394 1148 436 est:⁷
1188 404 1224 427 v.
1266 391 1315 427 ad
1357 391 1462 428 Asin.
1509 392 1567 428 ll.
1609 391 1764 429 Poetam

313 466 444 498 autem
475 461 688 510 significari
719 462 893 498 Naevium
927 462 1125 495 testantur
1157 462 1194 495 et
1225 457 1365 496 Festus
1397 473 1434 508 p.
1469 460 1518 497 36
1552 463 1590 496 et
1615 459 1765 497 Gellius

313 527 440 576 III‚3‚
464 531 526 578 15,
559 531 626 579 qui
659 531 852 579 accepisse
885 541 925 565 se
957 526 1054 563 dicit
1087 526 1266 575 „fabulas
1300 540 1385 564 eum
1418 529 1457 564 in
1491 541 1645 564 carcere
1670 527 1764 565 duas

312 598 528 645 scripsisse,
577 598 778 635 Hariolum
826 600 865 633 et
911 596 1112 640 Leontem,
1159 608 1278 643 quum
1326 596 1373 631 ob
1413 595 1609 633 assiduam
1649 597 1764 633 male-

314 664 524 701 dicentiam
565 669 604 703 et
640 665 786 715 probra
823 665 860 701 in
892 665 1092 713 principes
1123 664 1293 700 civitatis
1325 664 1372 699 de
1405 663 1628 701 Graecorum
1659 677 1766 702 more

314 731 418 769 dicta
448 734 486 769 in
520 734 673 770 vincula
704 733 835 770 Romae
867 746 888 769 a
918 731 1137 768 triumviris
1155 731 1353 769 coniectus
1378 735 1490 769 esset.
1536 731 1650 770 Unde
1677 737 1766 781 post

314 815 334 838 a
365 801 536 838 tribunis
567 801 692 851 plebis
724 804 928 850 exemptus
960 804 1029 845 est,
1062 812 1182 848 quum
1212 801 1251 836 in
1283 799 1357 843 his,
1391 813 1487 848 quas
1520 813 1641 849 supra
1673 800 1764 846 dixi,

314 869 455 907 fabulis
479 864 622 906 delicta
647 883 717 906 sua
748 873 787 905 et
817 868 1058 918 petulantias
1091 867 1297 915 dictorum,
1331 868 1472 917 quibus
1503 868 1647 906 multos
1678 874 1766 906 ante

314 938 478 981 laeserat,
511 934 730 974 diluisset.“
786 937 858 973 Hic
888 935 1040 973 fabulas
1070 937 1175 972 veris
1207 937 1453 974 intermixtas
1486 950 1568 974 esse
1600 940 1767 986 apparet

315 1002 368 1053 (v.
402 1005 587 1054 Oversigt
619 1019 652 1043 o.
684 1004 722 1042 d.
755 1005 801 1042 K.
835 1003 982 1041 danske
1014 1002 1200 1041 Videusk.
1220 1003 1765 1042 SelskabsForhandl.1869

313 1089 351 1125 p.
387 1074 464 1111 233
512 1071 629 1123 sqq.),
677 1086 747 1110 nec
793 1073 905 1119 enim,
951 1071 1154 1122 palinodia
1191 1071 1258 1108 illa
1296 1073 1420 1121 qualis
1459 1085 1541 1109 esse
1581 1074 1764 1121 potuerit,

314 1142 549 1191 intelligitur
589 1155 659 1178 nec
695 1142 883 1178 tresviros
921 1141 1017 1177 talia
1056 1140 1274 1177 vindicasse
1313 1142 1395 1176 veri
1433 1141 1559 1178 simile
1593 1146 1665 1178 est.
1726 1141 1766 1179 Si

314 1211 473 1248 Naevius
512 1224 552 1247 re
591 1222 684 1246 vera
724 1201 762 1246 in
794 1208 949 1246 vincula
980 1209 1179 1245 coniectus
1211 1212 1281 1252 est,
1315 1208 1387 1245 hoc
1417 1210 1574 1257 privata
1606 1211 1656 1256 vi,
1689 1222 1766 1247 non

314 1279 471 1330 publica
517 1280 754 1315 auctoritate
798 1277 944 1313 factum
991 1289 1076 1313 esse
1123 1275 1370 1322 crediderim,
1417 1289 1487 1314 nec
1531 1277 1649 1315 video
1690 1290 1766 1327 quo

316 1346 431 1384 modo
471 1348 624 1383 vinctus
664 1345 818 1382 fabulas
857 1345 1027 1381 scribere
1066 1345 1253 1393 potuerit.
1329 1343 1403 1381 Sed
1443 1346 1549 1393 quod
1588 1347 1767 1396 plerique

316 1430 409 1453 vera
446 1415 600 1452 vincula
639 1414 878 1462 intelligunt,
918 1419 1035 1462 atque
1074 1413 1191 1449 etiam
1237 1412 1343 1450 binos
1385 1414 1559 1451 custodes
1597 1415 1768 1451 manicas

315 1499 397 1522 esse
435 1484 585 1526 volunt,
625 1483 793 1531 ideoque
831 1494 903 1531 pro
943 1481 1131 1518 occubant
1172 1479 1409 1523 „accubant“
1453 1482 1640 1528 scribunt,
1675 1483 1768 1520 mihi

316 1555 399 1591 veri
437 1553 602 1589 similius
641 1551 808 1597 videtur,
849 1549 1015 1594 aedilem,
1055 1551 1117 1586 cui
1149 1548 1306 1586 Naevius
1347 1549 1515 1587 fabulam
1547 1552 1767 1600 scripturus

317 1626 411 1668 erat,
442 1621 521 1657 oris
553 1620 635 1656 eius
668 1619 864 1655 licentiam
898 1619 1066 1654 veritum
1097 1617 1279 1654 custodes
1312 1618 1497 1655 scribenti
1525 1620 1767 1669 apposuisse,

316 1693 359 1727 ut
399 1702 441 1725 os
480 1688 562 1724 eius
603 1700 678 1724 non
716 1700 758 1724 re
795 1699 888 1724 vera
920 1687 1093 1723 vinctum
1124 1685 1264 1732 fuerit,
1297 1687 1366 1724 sed
1397 1687 1520 1724 libere
1551 1688 1658 1737 loqui
1692 1700 1769 1725 non

317 1757 503 1812 potuerit.
568 1756 648 1792 Hoc
680 1755 820 1792 Plauto
853 1758 890 1791 et
921 1755 1120 1803 indignum
1153 1759 1191 1791 et
1222 1755 1431 1792 ridiculum
1464 1755 1587 1792 videri
1619 1755 1771 1792 debuit:

318 1846 371 1851 —
404 1827 482 1863 213
515 1825 665 1861 hiatum
698 1824 915 1872 legitimum
947 1823 1066 1859 habet
1095 1824 1134 1859 in
1166 1822 1332 1868 diaeresi,
1366 1826 1399 1861 si
1425 1826 1624 1874 sequimur
1649 1825 1769 1874 scrip·
1792 1818 1799 1821 Δ

318 1899 447 1932 turam
487 1893 572 1930 cod.
607 1894 638 1929 A
677 1892 825 1930 audiui.
867 1891 933 1928 sed
967 1891 1147 1929 maude'uc'
1178 1894 1398 1929 ceterorum
1430 1893 1604 1930 codicum
1636 1896 1771 1930 tuetur

319 1964 496 2001 Donatus
527 1963 576 1999 ad
607 1961 694 1998 Ter.
729 1960 884 1997 Phorm.
919 1963 953 2007 5,
989 1961 1024 2006 6,
1060 1960 1130 1996 37:
1183 1961 1337 2010 „Atque
1370 1974 1441 2010 ego
1472 1974 1628 2011 quoque
1660 1963 1770 1999 inau-

322 2033 404 2070 diui
434 2032 541 2068 illam
573 2027 786 2067 fabulam“.
820 2029 863 2067 R.
901 2026 1155 2075 „indaudiui“
1191 2030 1361 2079 scripsit.
1395 2049 1450 2054 —
1491 2030 1583 2068 215.
1620 2029 1770 2081 „Quam

322 2099 446 2138 belle“
491 2101 546 2137 ait.
587 2100 714 2146 „servi
753 2098 888 2135 comici
930 2109 1135 2147 personam
1167 2094 1313 2146 gerit!“
1350 2097 1483 2136 Graeca
1515 2098 1703 2136 adverbia
1732 2099 1771 2134 in

323 2169 434 2207 codd.
466 2169 606 2206 leviter
637 2170 824 2216 corrupta
854 2165 1004 2203 Camer.
1038 2169 1076 2201 et
1107 2163 1323 2202 Gulielmus
1357 2168 1625 2213 restituerunt,
1659 2165 1770 2204 adiu·

322 2242 439 2275 vante
464 2238 581 2274 etiam
602 2234 712 2272 Festi
729 2234 835 2285 Epit.
854 2247 891 2283 p.
912 2235 984 2271 61:
1019 2233 1268 2282 „comoedice
1292 2233 1505 2282 figuratum
1532 2248 1554 2272 a
1573 2234 1770 2272 comoedo.

323 2307 504 2344 Plautus:
537 2303 647 2353 Euge
679 2317 745 2341 eus
777 2303 968 2341 adstitisti
1000 2307 1038 2339 et
1069 2302 1180 2339 dulce
1212 2307 1250 2339 et
1281 2301 1547 2341 comoedice“.
1585 2303 1773 2343 euscheme

323 2375 429 2424 Pius,
455 2375 479 2410 i.
497 2387 529 2411 e.
547 2373 789 2421 εὐσχημόνως.
822 2371 930 2408 Trin.
950 2371 1049 2408 627:
1088 2371 1215 2418 „haud
1233 2370 1523 2410 ineuscheme“.
1546 2392 1591 2397 -
1613 2372 1772 2420 adstitit,

325 2443 501 2481 ultimam
532 2442 728 2492 producit,
762 2454 795 2477 v.
830 2440 986 2487 Proleg.
1018 2452 1055 2489 p.
1093 2440 1183 2477 196.
1216 2459 1270 2464 —
1301 2440 1426 2479 dulice
1456 2440 1652 2489 Gulielm.,
1685 2441 1708 2479 i.
1739 2452 1771 2478 e.

324 2511 501 2553 δουλικῶς.
537 2508 697 2557 „dulce“
733 2510 851 2546 etiam
884 2507 1027 2545 Paulus
1059 2506 1219 2556 Festip.
1240 2509 1305 2545 61.
1339 2528 1391 2534 --
1425 2510 1515 2547 216.
1550 2509 1774 2557 Numquam

325 2580 441 2626 hodic,
474 2593 508 2616 v.
543 2579 590 2616 ad
623 2578 763 2628 Amph.
799 2578 890 2615 394.
909 2577 1177 2624 —pers'eccrc't
1205 2577 1436 2615 Beroaldus.
1456 2597 1509 2603 —
1529 2578 1620 2615 217.
1642 2577 1773 2626 Habet,

327 2649 485 2685 invenit.
563 2646 705 2684 Servus
751 2647 827 2683 iam
867 2647 1024 2695 quietus
1064 2645 1195 2682 adstat
1238 2658 1366 2683 secum
1414 2648 1609 2695 cogitans3
1656 2657 1775 2683 senex

327 2728 444 2752 morae
474 2717 683 2765 impatiens
715 2716 826 2764 quasi
858 2714 905 2751 de
937 2727 1072 2751 somno
1104 2727 1190 2751 eum
1223 2714 1472 2752 excitandum
1503 2719 1648 2752 censet.
1694 2712 1775 2761 Aye

327 2786 360 2822 si
389 2784 599 2831 ριιίάαῃίε,
636 2798 669 2821 ν.
704 2784 764 2820 ad.
799 2782 915 2832 Epid.
954 2784 1042 2819 197.
1078 2801 1130 2806 —
1161 2783 1252 2819 218.
1286 2785 1435 2829 uarius,
1476 2784 1601 2833 plagis
1633 2782 1774 2820 lividus
