1963 3243
275 239 352 278 196
957 237 1078 271 Plauti
1526 237 1566 280 V,
1595 239 1626 280 4²
1652 240 1763 274 9-19

832 362 1198 404 Anterastilis

272 430 402 474 Certo
436 433 559 485 enim,
595 433 708 487 quod
742 433 913 487 quidem
947 434 1000 474 ad
1032 447 1110 475 nos
1142 434 1250 476 duas

269 503 492 554 Adtinuit,
538 509 868 558 praepotentes,
915 505 1091 558 pulcrae
1124 506 1328 560 pacisque
1359 511 1579 560 potentes,
1627 521 1760 558 soror,

1288 577 1459 628 fuimus,
1674 591 1763 624 1180

270 647 421 701 Neque
453 647 507 689 ab
539 648 764 689 iuuentute
797 647 854 689 ibi
889 647 1117 689 inridiculo
1143 647 1332 698 habitae,
1366 649 1482 703 quod
1509 649 1579 703 pol
1605 653 1760 692 ceteris

1289 720 1485 761 omnibus
1501 720 1662 762 factum
1680 726 1760 763 est.

824 798 1204 852 Adelphasium

269 868 416 910 Malim
447 870 560 911 istuc
592 869 688 910 aliis
719 869 782 910 ita
814 870 1027 919 uideatur,
1068 884 1199 924 quam
1230 871 1294 911 uti
1325 874 1373 911 tu
1405 875 1460 911 te.
1484 864 1628 921 soror,
1661 885 1760 913 con·

1285 941 1447 983 laudes.

831 1012 1195 1054 Anterastilis

270 1081 405 1137 Spero
439 1084 652 1137 equidem.

819 1155 1208 1209 Adelphasium

544 1227 598 1268 Et
629 1227 701 1280 pol
734 1241 825 1280 ege,
860 1241 1010 1280 quom,
1043 1228 1226 1280 ingeniis
1259 1227 1416 1282 quibus
1449 1242 1596 1269 sumus
1628 1233 1758 1282 atque

1288 1299 1413 1350 aliae,
1445 1313 1668 1353 cognosco.

266 1369 329 1410 Eo
362 1383 509 1412 sumus
540 1375 697 1424 gnatae
729 1385 896 1425 genere,
927 1377 975 1412 ut
1000 1371 1150 1412 deceat
1175 1384 1253 1412 nos
1281 1385 1375 1412 esse
1401 1385 1426 1412 a
1451 1371 1578 1424 culpa
1603 1375 1755 1413 castas.

921 1450 1112 1492 Hanno

265 1519 476 1575 Iuppiter⁷
503 1523 576 1576 qui
601 1536 734 1576 genus
763 1523 866 1564 colis
893 1523 1058 1575 alisque
1076 1522 1310 1573 hominum,
1336 1536 1410 1576 per
1428 1536 1554 1576 quem
1571 1523 1758 1564 uiuimus

1286 1594 1466 1636 uitalem
1483 1608 1648 1645 aeuom‚
1673 1604 1758 1639 1185

268 1664 402 1715 Quem
419 1679 552 1719 penes
571 1680 671 1720 spes
687 1666 805 1708 uitae
825 1671 926 1708 sunt
951 1666 1170 1708 hominum
1201 1667 1402 1716 omnium,
1429 1666 1483 1706 da
1509 1666 1621 1707 diem
1644 1665 1758 1708 hunc
1811 1672 1817 1676 ”

1287 1738 1507 1791 sospitem,
1539 1751 1714 1791 quaeso,

266 1808 372 1850 Meis
403 1809 534 1850 rebus
566 1809 762 1862 agundis.
824 1809 990 1861 Quibus
1022 1823 1159 1851 annos
1192 1809 1349 1851 multos
1381 1810 1521 1858 carui,
1564 1821 1757 1863 quasque

1287 1895 1307 1923 e
1338 1882 1481 1935 patria

267 1951 442 1994 Perdidi
459 1967 631 2006 paruas,
644 1953 989 2005 redde‚inuictae
1009 1954 1247 2008 praemium
1266 1958 1313 1994 ut
1331 1967 1424 1995 esse
1442 1954 1572 1994 sciam
1591 1954 1755 2006 pietati.

818 2034 1209 2087 Agorastocles

268 2103 422 2145 Omnia
452 2103 584 2146 faciet
613 2104 811 2158 Iuppiter
841 2105 953 2147 faxo.

922 2185 1108 2226 Hanno

988 2257 1100 2298 Tace
1134 2269 1312 2310 quaeso.

825 2336 1201 2389 Ayorastocles

1260 2407 1322 2448 Ne
1356 2406 1557 2456 lacrume,
1591 2410 1754 2459 patrue.

358 2532 444 2566 1179
470 2538 498 2566 A
521 2541 586 2566 om-
692 2532 773 2565 1181
803 2531 864 2574 pol
891 2542 996 2565 soror
1023 2533 1154 2566 ceteris
1251 2531 1336 2564 1182
1363 2531 1516 2564 ut-itecte
1542 2529 1576 2564 Β
1671 2529 1756 2562 1183

264 2588 296 2620 A
321 2586 356 2621 B
448 2596 479 2622 F
498 2587 548 2623 Ut
572 2588 635 2632 pol
719 2599 859 2632 gnoseo
886 2587 920 2621 Β
1012 2589 1096 2621 1185
1122 2588 1274 2632 aliisque
1301 2586 1329 2622 C
1413 2586 1523 2621 talem
1550 2585 1585 2619 B
1670 2586 1756 2619 1186

265 2642 376 2685 Quem
405 2645 502 2688 apud
527 2656 640 2690 penes
668 2656 731 2689 spe
831 2644 994 2679 omnium
1022 2655 1087 2679 om.
1113 2644 1148 2678 B
1257 2645 1343 2678 1187
1367 2643 1478 2677 rebus
1504 2642 1571 2676 mis
1600 2641 1754 2684 agundis

266 2705 305 2733 ut
332 2700 366 2741 0,
394 2701 452 2735 Me
478 2701 549 2736 hiis
573 2702 811 2746 misigaindes
838 2708 878 2735 ut
904 2700 938 2735 Β
1033 2712 1050 2735 e
1076 2711 1141 2735 om.
1246 2700 1331 2734 1188
1356 2699 1466 2734 redde
1493 2700 1521 2733 is
1547 2699 1754 2733 ubertatem

264 2756 401 2791 inuicte
477 2760 564 2793 1189
590 2759 674 2793 faxo
701 2771 782 2793 nain
811 2758 899 2792 mihi
928 2762 984 2792 est
1009 2758 1179 2792 obnixius
1206 2761 1241 2792 et
1268 2768 1326 2791 me
1352 2757 1493 2790 metuit.
1520 2755 1562 2789 X.
1589 2755 1687 2790 Tace
1733 2768 1747 2777 ·

265 2813 427 2848 lacrume
