1963 3243
267 218 321 255 42
949 211 1069 245 Plauti
1502 210 1534 252 Ι,
1559 209 1590 251 5,
1615 211 1748 246 59-71

269 337 519 380 Cauendum
550 341 617 379 est
647 336 752 379 mihi
785 335 862 377 abs
893 341 936 377 te
966 336 1091 387 irato,
1123 339 1255 390 atque
1287 335 1371 378 alio
1403 340 1451 378 tu
1483 336 1610 377 modo

269 410 336 452 Me
366 408 599 450 uerberare
631 413 762 462 atque
793 421 871 460 ego
902 413 944 448 te
978 407 1095 448 soleo
1128 408 1304 460 cogitas.
1686 418 1753 452 475

270 481 383 532 Quid
414 480 593 522 oenses‘.>

826 591 827 596 ,
896 548 1143 603 Callipho

653 620 820 674 Edepol
852 622 1004 663 merito
1039 635 1129 662 esse
1159 621 1319 662 iratum
1351 621 1553 672 arbitror,

271 695 409 746 Quom
441 693 556 748 apud
586 697 629 734 te
661 707 815 747 parum
850 697 917 734 est
949 693 990 734 ei
1020 692 1134 734 fidei.

1889 717 1923 751 ες
1887 651 1919 706 *²³
1886 614 1914 642 ν·
1891 583 1917 605 η
1881 206 1919 561 -ψειαῑνωώψῑ
1887 183 1914 198 :2
1868 97 1920 114 ’,ἶ

941 794 1080 836 Simo

1138 865 1228 906 Iam
1263 866 1322 907 sic
1355 866 1466 916 sine‚.

271 940 413 981 Iratus
446 940 519 990 sit;
552 952 629 991 ego
661 952 713 978 ne
747 937 850 991 quid
882 941 1038 978 noceat
1069 951 1236 978 caueto.

271 1011 355 1053 Sed
388 1010 490 1064 quid
522 1010 616 1052 ais‘?
649 1008 749 1063 quid
782 1009 863 1049 hoc
895 1008 1010 1062 quod
1041 1013 1084 1049 te
1116 1009 1249 1061 rogo?

1892 1042 1899 1058 κ
1891 1003 1903 1013 ι
1892 959 1903 970 ›
1891 820 1907 938 >·.'-‘e«-
1891 759 1907 798 *¹⁴

842 1110 1162 1152 -Pseudolus

1211 1181 1255 1223 Si
1288 1181 1389 1236 quid
1422 1182 1498 1232 uis,
1528 1194 1655 1234 roga3

272 1255 397 1305 Quod
430 1256 561 1306 scibo,
594 1253 776 1308 Delphis
809 1253 890 1295 tibi
920 1267 1175 1307 responsum
1208 1253 1353 1295 dicito.
1692 1264 1760 1297 480

951 1355 1090 1396 Simo

269 1431 461 1472 Aduorte
493 1443 594 1482 ergo
626 1429 815 1469 animum
848 1431 890 1468 et
921 1426 988 1468 fac
1019 1428 1078 1469 sis
1110 1427 1311 1481 promissi
1348 1440 1520 1468 memor.

273 1502 385 1552 Quid
417 1501 510 1543 ais‘?
543 1514 724 1554 ecquam
757 1500 840 1540 scis
871 1498 1007 1540 filium
1037 1498 1260 1540 tibicinam

270 1573 414 1615 Meum
446 1573 619 1615 amare?

863 1641 1166 1683 Pseudolus

684 1711 767 1753 Nat
799 1709 885 1765 γὰρ.

953 1804 1054 1845 Sim
1067 1818 1089 1844 o

943 1875 1148 1917 Liberare
1180 1889 1308 1929 quam
1339 1875 1474 1917 uelit?

867 1970 1165 2011 Pseudolus

276 2039 358 2083 Καὶ
389 2044 506 2082 τοῦτο
539 2036 601 2081 ναὶ
632 2036 706 2094 γάρ

703 2113 706 2116 ⁴
953 2112 1091 2154 Simo

750 2185 918 2240 Ecquas
950 2185 1105 2238 uiginti
1136 2185 1273 2226 minas

276 2258 358 2300 Per
388 2258 715 2313 sycophantiam
747 2262 879 2311 atque
911 2271 987 2311 per
1019 2257 1168 2298 doctos
1200 2256 1324 2298 dolos
1695 2263 1763 2298 485

277 2330 446 2372 Paritas
476 2334 525 2372 ut
555 2344 580 2371 a
612 2344 678 2371 me
709 2329 913 2371 auferas?

870 2422 1173 2464 Pseudolus

975 2494 1063 2535 Abs
1096 2499 1138 2535 te
1170 2493 1391 2535 auferam?

369 2621 434 2654 475
460 2624 499 2653 tu
527 2619 555 2653 C
645 2620 710 2652 477
736 2629 867 2662 parum
894 2622 949 2651 ste
974 2617 1064 2651 fides
1167 2618 1247 2651 sino
1341 2618 1404 2650 481
1434 2617 1574 2650 Auorte
1672 2613 1765 2648 faxis

278 2676 471 2720 promissis
576 2676 642 2709 482
669 2675 705 2708 Ρ.
733 2675 826 2718 Quid
853 2675 932 2709 ais?
961 2674 996 2708 S.
1026 2686 1177 2718 ecquam
1204 2673 1239 2708 B
1326 2685 1393 2707 nae
1419 2684 1486 2717 gar
1512 2683 1593 2706 mea
1619 2674 1675 2705 est

280 2744 351 2776 qua
375 2731 411 2766 B
530 2727 647 2766 4841]
673 2731 717 2773 Β,
743 2741 809 2766 om.
837 2731 865 2765 G
992 2730 1151 2765 Cetuton
1176 2730 1277 2764 kaito
1309 2730 1409 2764 itone
1435 2740 1518 2773 gras
1545 2728 1596 2770 B,
1631 2732 1764 2763 ceuton

281 2789 381 2822 kaito
407 2789 460 2822 ito
486 2789 630 2833 negaris
658 2788 686 2822 C
783 2787 836 2821 Sl.
864 2798 928 2822 om.
959 2787 987 2822 C'
1078 2798 1190 2830 equas
1284 2787 1350 2820 436
1377 2797 1396 2819 a
1422 2797 1486 2821 om.
1514 2785 1542 2820 C
1633 2790 1669 2819 te
1695 2795 1765 2827 ego
