1963 3243
312 223 316 228 '
337 230 412 270 174
1013 226 1136 261 Plauti
1538 223 1600 268 IV,
1626 225 1658 267 2,
1681 225 1821 259 71-—80

894 350 920 393 S
933 365 959 405 y
969 365 998 392 n
1009 364 1030 391 c
1040 364 1063 392 e
1073 365 1095 392 r
1105 364 1131 392 a
1141 354 1225 392 stu
1235 364 1254 392 s

331 423 489 466 Facile.

965 505 1008 546 M
1018 504 1056 546 il
1066 519 1092 558 p
1102 504 1153 545 hi
1165 519 1188 546 o

573 577 662 619 Fac
693 590 795 631 ergo
825 577 870 618 id
901 576 1030 618 facile
1060 590 1250 628 noscam,
1281 580 1330 617 ut
1359 575 1432 618 ille
1463 575 1599 630 possit
1628 588 1821 617 noscere.

904 689 930 731 S
943 705 967 744 y
976 705 1003 731 n
1016 703 1038 731 e
1049 704 1070 731 e
1081 704 1102 731 r
1112 703 1137 731 a
1148 704 1166 732 s
1176 694 1194 731 t
1202 704 1230 730 u
1239 703 1258 731 s

335 762 445 813 Quia
470 761 796 816 Adelphasium,
826 775 955 815 quam
982 776 1080 803 erus
1106 761 1280 803 deamat
1302 764 1415 812 tuus,
1447 760 1637 814 ingenua
1660 763 1737 801 est.

965 874 1193 928 Milphio

1541 943 1635 994 Quo
1665 943 1825 986 modo?

901 1040 928 1082 S
939 1055 964 1095 y
974 1055 1001 1081 n
1014 1054 1035 1082 c
1046 1054 1068 1082 e
1078 1054 1098 1081 r
1109 1053 1134 1081 a
1144 1054 1163 1082 s
1175 1044 1193 1081 t
1203 1054 1230 1081 u
1242 1054 1260 1081 s

337 1113 500 1155 Eodem
531 1126 614 1166 quo
649 1126 772 1154 soror
801 1111 917 1154 illius
950 1112 1089 1154 altera
1118 1111 1407 1154 Anterastilis.

963 1228 1188 1283 Milphio

336 1301 463 1353 Cedo,
496 1302 571 1356 qui
602 1301 646 1343 id
679 1301 882 1343 credam?

904 1395 1257 1450 Syncerastus

782 1466 895 1517 Quia
925 1467 1022 1509 illas
1055 1467 1158 1508 emit
1188 1467 1231 1508 in
1262 1465 1496 1507 Anactorio
1527 1463 1734 1519 paruolas
1759 1473 1830 1508 895

336 1540 398 1581 De
430 1540 650 1594 praedone
683 1538 840 1582 Siculo.

970 1633 1195 1687 Milphio

895 1705 1084 1756 Quanti?

902 1807 928 1850 S
939 1811 1256 1861 ynoerastus

852 1920 853 1923 ,
1140 1877 1450 1931 Duodeuiginti
1483 1876 1629 1927 minis;

336 1951 455 1993 Duas
485 1951 584 1993 illas
617 1956 660 1992 et
692 1950 998 1992 Giddenemem
1032 1951 1241 1992 nutricem
1274 1964 1420 1991 earum
1452 1949 1639 1991 tertiam.

337 2023 392 2064 Et
421 2022 507 2074 ille,
541 2023 615 2077 qui
647 2036 721 2064 eas
754 2022 985 2072 uendebat‚
1019 2022 1127 2063 dixit
1158 2036 1202 2064 se
1233 2021 1416 2063 furtiuas
1448 2019 1656 2070 uendere;

336 2094 550 2148 Ingenuas
582 2092 847 2148 Carthagine
880 2094 1001 2136 aibat
1033 2108 1140 2136 esse.

970 2195 1195 2250 Milphio

1199 2268 1251 2309 Di
1281 2271 1474 2309 uostram
1505 2263 1656 2308 fidem!

337 2339 524 2381 Nimium
555 2339 747 2393 lepidum
778 2353 991 2382 memoras
1023 2339 1210 2391 facinus,
1253 2353 1351 2380 nam
1385 2352 1481 2380 erus
1515 2349 1633 2378 meus
1664 2335 1826 2388 Agora-

1359 2409 1517 2452 stocles
1760 2416 1829 2451 900

337 2482 503 2525 Ibidem
534 2487 724 2536 gnatust,
757 2482 857 2524 inde
889 2482 1130 2537 subruptus
1161 2482 1250 2524 fere
1283 2481 1499 2530 sexennis,
1532 2478 1692 2534 postibi

427 2627 493 2661 892
517 2637 669 2660 noscam
696 2636 764 2669 ego
790 2628 832 2659 ut
856 2624 889 2658 A
1016 2626 1083 2658 894
1107 2623 1356 2659 Anterastillis
1381 2622 1417 2656 A
1543 2622 1608 2655 895
1635 2619 1733 2654 Cedo
1762 2618 1826 2663 qui

337 2683 483 2718 credam
510 2682 554 2725 A,
581 2681 693 2726 Sequi
719 2682 757 2716 id
783 2680 931 2717 credam
958 2680 1026 2716 ΒΟ
1154 2680 1385 2715 inanaetoria
1409 2677 1569 2723 parudas
1594 2677 1629 2710 B
1759 2675 1828 2710 896

335 2739 555 2783 Depredone
582 2738 708 2782 syeulo
734 2738 779 2781 B,
805 2749 871 2773 om.
900 2737 928 2772 Ο
1001 2738 1067 2771 897
1094 2740 1130 2771 et
1156 2736 1418 2771 Giddenemem
1445 2745 1510 2770 om.
1536 2734 1603 2769 BC
1677 2734 1744 2768 899
1769 2742 1825 2767 sa-

337 2797 482 2840 riagine
509 2795 545 2839 C,
572 2805 636 2829 om.
665 2794 700 2829 Β
797 2795 920 2829 alebat
1013 2795 1075 2828 901
1104 2798 1238 2838 gnatus
1263 2795 1319 2827 est
1343 2792 1386 2835 A,
1414 2794 1546 2836 gnatus
1572 2794 1608 2825 st
1630 2789 1699 2825 ΒΟ
