1963 3243
162 259 263 299 Ptol.
287 260 425 297 49-77
815 258 1008 294 Poenulus.
1579 266 1655 306 113

165 384 500 436 Determinab03
530 385 568 426 ei
600 385 663 426 rei
695 398 772 437 ego
807 398 899 425 sum
932 382 1070 426 sactus
1103 384 1282 439 finitor]

166 455 251 499 Sed
280 456 362 497 nisi
393 456 625 498 molestum
657 461 734 505 est,
767 470 921 497 nomen
954 456 1057 497 dare
1090 456 1214 499 uobis
1246 457 1346 500 uolo
1614 472 1658 505 50

160 527 436 579 *Comoediai;
470 529 534 570 sin
567 527 665 570 odio
698 532 776 571 est.
809 527 950 568 dicam
981 532 1139 579 tamen,

167 598 211 641 Si
243 599 416 653 quidem
448 599 595 641 licebit
627 613 702 653 per
732 598 839 649 illos,
872 599 1031 653 quibus
1063 605 1131 642 est
1162 601 1204 642 in
1237 614 1381 643 manu.

158 670 491 713 Carchedonius
522 676 705 713 uocatur
736 670 844 712 haec
876 671 1112 720 comoedia,

169 742 322 784 Latine
353 742 379 794 †
411 743 554 797 platus
586 743 772 784 Patruus
804 741 1205 796 Pultiphagonides.

167 815 332 858 Nomen
364 815 449 856 iam
481 815 674 866 habetis;
706 828 819 856 nunc
851 815 1041 856 rationes
1073 821 1240 858 ceteras
1615 829 1659 862 55

165 887 373 940 Accipite,
406 901 504 928 nam
537 892 837 939 argumentum
868 886 949 928 hoc
981 886 1049 928 hic
1082 888 1340 930 censebitur.

167 958 305 1000 Locus
337 964 592 1012 argumento
625 965 692 1000 est
723 973 849 1000 suum
881 958 963 1000 sibi
996 960 1292 1012 proscenium3

169 1030 256 1073 Uos
287 1032 502 1072 iuratores
533 1031 661 1081 estis;
693 1044 867 1083 quaeso,
901 1045 1078 1085 operam
1110 1031 1224 1074 date.

161 1101 550 1155 *Carthaginienses
581 1102 736 1144 fratres
770 1103 990 1156 patrueles
1022 1103 1107 1144 duo

167 1174 317 1220 Fuere.
350 1189 514 1216 summo
545 1189 700 1228 genere
733 1182 775 1216 et
808 1176 984 1216 summis
1018 1174 1201 1225 diuitiis;
1616 1187 1661 1221 60

168 1246 328 1288 Eorum
359 1247 470 1288 alter
502 1248 625 1294 uiuit,
658 1247 768 1289 alter
799 1252 865 1288 est
895 1253 1127 1289 emortuus.

169 1317 404 1372 Propterea
436 1319 552 1373 apud
584 1332 663 1360 uos
696 1319 792 1361 dico
825 1318 1124 1367 confidentius,

170 1389 281 1440 Quia
311 1391 414 1432 mihi
446 1390 678 1444 pollinctor
709 1391 829 1441 dixit,
862 1392 935 1444 qui
969 1405 1064 1432 eum
1096 1390 1368 1444 pollinxerat.

169 1461 254 1504 Sed
285 1462 347 1503 illi
379 1464 483 1516 seni,
517 1464 590 1517 qui
622 1467 850 1514 mortuust,
885 1464 923 1504 ei
953 1462 1080 1510 filius,

172 1532 333 1576 Unicus
364 1535 436 1587 qui
466 1534 620 1585 fuerat,
652 1534 870 1577 abditiuos
903 1549 928 1576 a
960 1540 1081 1589 patre
1617 1546 1661 1580 65

167 1604 282 1648 Puer
313 1608 566 1661 septuennis
598 1607 837 1661 subripitur
869 1605 1144 1660 Carthagine,

169 1677 382 1720 Sexennio
414 1680 534 1734 prius
566 1679 753 1733 quidem,
788 1693 916 1732 quam
949 1680 1132 1720 moritur
1163 1684 1299 1733 pater.

167 1748 382 1800 Quoniam
415 1752 578 1804 perisse
611 1751 693 1793 sibi
724 1751 843 1793 uidet
874 1757 1052 1804 gnatum
1085 1752 1270 1803 unicum,

170 1819 393 1864 Conicitur
423 1824 516 1878 ipse
548 1824 591 1864 in
623 1824 821 1866 morbum
853 1837 903 1864 ex
936 1823 1221 1876 aegritudine.

172 1892 294 1935 Facit
324 1894 443 1936 illum
477 1895 679 1937 heredem
711 1895 889 1937 fratrem
922 1895 1163 1949 patruelem
1195 1909 1337 1946 suum3
1618 1907 1662 1940 70

170 1965 268 2019 Ipse
301 1966 409 2008 abiit
440 1968 493 2009 ad
526 1967 819 2009 Acheruntem
852 1969 942 2009 sine
974 1967 1148 2008 uiatico.

170 2036 259 2089 Ille,
294 2039 366 2092 qui
398 2039 615 2091 subripuit
646 2053 838 2093 puerum,
873 2038 1139 2093 Calydonem
1171 2037 1329 2080 auehit.

173 2108 330 2151 Uendit
362 2124 458 2151 eum
489 2111 662 2152 domino
695 2111 764 2152 hic
797 2111 924 2152 diuiti
955 2110 1161 2163 quoidam
1192 2110 1297 2160 seni,

169 2179 373 2235 Cupienti
405 2181 650 2233 liberorum,
683 2183 795 2224 osori
827 2181 1067 2223 mulierum.

171 2251 287 2295 Emit
317 2253 576 2308 hospitalem
607 2255 643 2295 is
675 2254 810 2295 filium
842 2254 1077 2308 inprudens
1108 2267 1239 2295 senex
1619 2266 1662 2299 75

169 2323 358 2367 Puerum
388 2326 510 2367 illum
542 2340 724 2380 eumque
756 2325 940 2380 adoptat
971 2325 1053 2367 sibi
1085 2339 1162 2379 pro
1194 2324 1283 2367 filio

169 2395 366 2451 Eumque
397 2397 602 2439 heredem
633 2397 747 2447 fecit,
781 2411 910 2452 quom
940 2398 1030 2451 ipse
1064 2397 1171 2439 obiit
1204 2397 1328 2438 diem.

261 2548 306 2582 49
329 2559 409 2582 sum
434 2558 500 2583 om.
525 2547 562 2582 B
705 2549 750 2582 50
774 2548 971 2582 molestum
998 2548 1027 2582 si
1053 2558 1128 2582 non
1153 2546 1326 2581 mendare
1473 2549 1514 2582 51
1542 2547 1663 2583 odiosi

170 2603 215 2638 52
239 2603 403 2639 immanu
427 2604 463 2639 Β
579 2606 622 2639 53
647 2604 835 2639 comediae
861 2603 897 2639 B
1007 2605 1050 2638 55
1076 2604 1262 2638 orationes
1291 2603 1320 2639 C
1432 2606 1476 2639 57
1501 2605 1589 2640 sibis
1615 2604 1662 2648 B,

169 2659 283 2695 scibis
309 2660 337 2695 C'
425 2663 467 2695 61
495 2666 551 2696 est
575 2671 641 2696 om.
668 2660 704 2696 Β
796 2662 839 2695 63
864 2661 1049 2705 pollector
1142 2661 1186 2694 64
1211 2660 1271 2694 cui
1297 2659 1325 2694 C
1416 2664 1582 2696 mortuus
1609 2665 1663 2696 est

167 2714 267 2752 filius
337 2719 381 2752 65
405 2716 516 2752 fuerit
542 2717 575 2752 B
647 2718 691 2752 ab
718 2717 856 2752 diuitiis
929 2721 1081 2761 appatre
1106 2716 1135 2751 C
1201 2717 1244 2750 67
1271 2717 1421 2751 sexenni
1448 2719 1600 2763 opprius
1615 2717 1662 2760 B,

170 2775 321 2809 sexenni
349 2774 396 2808 ob
421 2775 523 2819 prius
549 2774 578 2809 C
669 2776 714 2809 68
737 2774 892 2818 periisse
917 2772 953 2808 B
1046 2775 1089 2807 69
1115 2773 1324 2818 improbum
1350 2773 1385 2807 B
1477 2776 1518 2808 71
1544 2774 1663 2809 habiit

167 2829 220 2864 ad
246 2831 482 2866 acherontem
509 2830 538 2866 G
628 2832 672 2865 74
697 2831 886 2865 mulierem

1371 2902 1393 2936 8
