1963 3243
83 213 152 256 111,
177 216 209 257 8,
239 215 347 249 1—13
643 213 749 248 Miles
773 213 970 257 gloriosus.
1483 215 1530 253 71

167 406 676 450 PERIPLECOMENUS
709 407 907 449 SENEx.
970 405 1451 448 ACROTELEUTIUM

284 478 633 522 MERETRIX.
698 479 1048 522 PALAESTRIO
1082 477 1331 521 SERUOS.

567 605 1046 659 Periplecomenus

84 679 184 720 Rem
211 692 377 719 omnem
403 677 495 724 tibi,
529 677 878 726 Acroteleutium,
912 676 1076 731 tibique
1102 691 1201 728 una,
1235 677 1535 730 Milphidippa,

81 750 204 791 Domi
236 749 530 791 denionstraui
563 751 604 791 in
637 749 798 791 ordine.
857 750 977 791 [lanc
1008 749 1218 791 fabricam
1251 750 1532 802 fallaciasque

79 822 221 864 Minus
254 823 288 864 si
322 823 491 872 tenetis,
523 822 663 863 denuo
696 822 794 864 uolo
827 823 1078 875 percipiatis
1109 822 1261 877 plane3
1467 835 1535 868 875

78 893 193 936 Satis
226 894 261 935 si
293 893 558 947 intellegitis,
590 893 710 935 aliud
742 900 808 937 est
840 895 955 947 quod
988 895 1132 948 potius
1164 894 1418 936 fabulemur.

586 1020 1013 1062 Acroteleutium

79 1091 272 1134 Stultitia
303 1097 433 1147 atque
465 1092 714 1146 insipientia
744 1094 947 1134 mecastor
975 1105 1172 1135 maxuma
1202 1093 1310 1134 haec
1342 1094 1412 1145 sit,

78 1163 143 1206 Me
174 1165 236 1206 ire
268 1166 312 1206 in
344 1179 450 1219 opus
482 1165 668 1207 alienum
703 1173 778 1207 aut
812 1166 891 1207 tibi
925 1178 1063 1207 meam
1087 1179 1262 1219 operam
1288 1165 1533 1219 pollicitari,

78 1235 121 1278 Si
154 1250 205 1278 ea
235 1237 277 1278 in
311 1236 514 1292 opificina
540 1239 728 1279 nesciam
757 1245 834 1279 aut
858 1238 972 1279 mala
997 1252 1090 1280 esse
1123 1245 1200 1279 aut
1230 1237 1518 1280 fraudulenta.

565 1351 1042 1407 Periplecomenus

75 1425 131 1466 At
160 1423 314 1466 melius
346 1431 413 1467 est
444 1425 669 1467 monerier.

585 1539 1019 1581 Acroteleutium

701 1611 972 1653 Meretricem
1004 1613 1252 1653 conmoneri
1465 1623 1533 1656 880

76 1683 211 1734 Quam
245 1698 348 1726 sane
381 1686 524 1739 magni
556 1685 736 1736 referat,
778 1684 887 1725 nihil
927 1683 1036 1725 clam
1078 1690 1157 1725 est.
1220 1682 1330 1733 Quin
1363 1691 1532 1737 egomet

1196 1757 1326 1807 ultro,

74 1829 310 1884 Postquam
342 1830 548 1872 adbibere
579 1844 706 1872 aures
738 1843 858 1872 meae
889 1835 991 1871 tuae
1026 1843 1165 1870 rorem
1198 1830 1422 1879 orationis,

73 1901 168 1943 Tibi
201 1902 288 1944 dixi
322 1903 446 1944 miles
478 1917 604 1957 quem
638 1902 691 1944 ad
726 1902 899 1944 modum
931 1908 1127 1956 potesset
1158 1903 1387 1944 deasciari.

562 2016 1033 2070 Periplecomenus

74 2090 130 2130 At
160 2103 285 2131 nemo
318 2089 437 2131 solus
471 2090 576 2131 satis
607 2091 739 2142 sapit3
772 2103 872 2131 nam
904 2103 981 2142 ego
1016 2089 1174 2131 multos
1208 2103 1338 2142 saepe
1369 2089 1459 2130 uidi

76 2161 308 2210 Hegionem
334 2161 482 2215 fugere
508 2162 658 2203 consili
686 2164 805 2216 prius
829 2176 959 2216 quam
978 2168 1196 2216 repertam
1213 2161 1433 2202 haberent.
1465 2172 1532 2205 885

210 2319 683 2358 PERIPLECTOMENUS
717 2322 879 2357 SENEX
949 2319 1271 2355 MILPHIDIPPA
1298 2310 1393 2353 AN'C

352 2379 737 2416 ACROTELANIUM
764 2378 1031 2413 PALESTRIO
1056 2377 1102 2420 Β,
1129 2388 1194 2412 om.
1222 2377 1250 2412 G

163 2434 230 2469 873
255 2437 417 2472 acretele
443 2437 512 2471 tibi
539 2442 579 2472 ut
603 2449 715 2472 unum
742 2437 786 2479 B,
813 2437 974 2471 acretele
999 2436 1069 2470 tibi
1095 2440 1136 2469 ut
1159 2436 1234 2469 ium
1263 2433 1292 2468 O
1368 2436 1438 2470 874
1461 2434 1530 2468 hac

76 2490 105 2526 C
204 2493 270 2526 875
301 2495 436 2528 net-etis
467 2495 503 2529 Β
608 2494 960 2538 percipiatisuplane
994 2492 1023 2527 C
1124 2494 1190 2527 876
1225 2492 1311 2536 quid
1338 2491 1368 2526 0
1462 2493 1530 2526 877

74 2550 314 2596 Stultitiaque
385 2553 599 2598 insipientia
619 2552 711 2586 falsa
726 2553 822 2587 hesit
834 2552 879 2588 Β,
905 2551 1126 2596 ἰυεερὶθυῐὶᾶ
1147 2550 1256 2584 falsta
1275 2549 1396 2583 haesit
1411 2549 1441 2584 C

72 2609 139 2643 878
164 2609 237 2643 Mei
262 2610 313 2643 rei
339 2610 375 2643 in
401 2608 438 2644 B
530 2622 610 2644 mea
699 2621 815 2653 opera
839 2609 874 2644 Β
956 2610 1022 2643 879
1047 2619 1125 2642 eam
1152 2606 1361 2650 opificinam
1388 2607 1531 2641 neseiat

163 2666 314 2701 880PA.
331 2670 403 2701 Aut
419 2665 447 2701 C
525 2668 675 2701 meliust
696 2666 730 2709 Ο,
751 2668 878 2701 melius
893 2665 928 2700 Β
1010 2665 1239 2700 commoneri
1253 2662 1290 2698 B
1371 2665 1435 2698 881
1460 2674 1529 2707 ego

72 2725 238 2759 insustro
263 2724 308 2764 Β,
335 2734 404 2769 ego
429 2723 587 2758 infustro
616 2723 645 2759 C
738 2725 806 2758 882
830 2723 1006 2758 adhibere
1030 2723 1066 2757 B
1165 2723 1264 2756 auris
1364 2732 1467 2755 meae
1494 2726 1528 2755 et

75 2781 106 2817 0
204 2787 305 2815 tuam
331 2793 474 2815 moram
580 2782 647 2816 883
673 2781 832 2824 potisset
937 2781 1077 2815 assecla
1102 2780 1153 2813 rei
1177 2778 1222 2821 B,
1257 2780 1345 2814 deas
1378 2779 1477 2813 darei
1504 2778 1532 2813 0

162 2838 230 2873 885
254 2843 404 2882 reperta
426 2838 566 2872 habere
