<?xml version="1.0" encoding="UTF-8"?>
<!DOCTYPE html PUBLIC "-//W3C//DTD XHTML 1.0 Transitional//EN"
    "http://www.w3.org/TR/xhtml1/DTD/xhtml1-transitional.dtd">
<html xmlns="http://www.w3.org/1999/xhtml" xml:lang="en" lang="en">
 <head>
  <title>
</title>
<meta http-equiv="Content-Type" content="text/html;charset=utf-8" />
  <meta name='ocr-system' content='tesseract 3.04.00' />
  <meta name='ocr-capabilities' content='ocr_page ocr_carea ocr_par ocr_line ocrx_word'/>
</head>
<body>
  <div class='ocr_page' id='page_1' title='image "./comoediaerecensu04plauuoft_0016.png"; bbox 0 0 1963 3243; ppageno 0'>
   <div class='ocr_carea' id='block_1_1' title="bbox 328 170 1776 216">
    <p class='ocr_par' dir='ltr' id='par_1_1' title="bbox 328 170 1776 216">
     <span class='ocr_line' id='line_1_1' title="bbox 328 170 1776 216; baseline 0.001 -10"><span class='ocrx_word' id='word_1_1' title='bbox 328 176 377 215; x_wconf 90' lang='lat'>10</span> <span class='ocrx_word' id='word_1_2' title='bbox 992 172 1111 207; x_wconf 73' lang='lat' dir='ltr'>Plauti</span> <span class='ocrx_word' id='word_1_3' title='bbox 1396 172 1426 215; x_wconf 93' lang='lat'>1,</span> <span class='ocrx_word' id='word_1_4' title='bbox 1455 174 1482 215; x_wconf 89' lang='lat'>1,</span> <span class='ocrx_word' id='word_1_5' title='bbox 1508 170 1651 216; x_wconf 78' lang='lat'><strong>72—11‚</strong></span> <span class='ocrx_word' id='word_1_6' title='bbox 1681 175 1708 216; x_wconf 93' lang='lat'>1,</span> <span class='ocrx_word' id='word_1_7' title='bbox 1737 175 1776 208; x_wconf 91' lang='lat'>11</span> 
     </span>
    </p>
   </div>
   <div class='ocr_carea' id='block_1_2' title="bbox 322 297 1778 781">
    <p class='ocr_par' dir='ltr' id='par_1_2' title="bbox 322 297 1778 781">
     <span class='ocr_line' id='line_1_2' title="bbox 826 297 1275 352; baseline 0 -13"><span class='ocrx_word' id='word_1_8' title='bbox 826 297 1275 352; x_wconf 85' lang='lat' dir='ltr'>Pyrgopolinices</span> 
     </span>
     <span class='ocr_line' id='line_1_3' title="bbox 323 368 1362 423; baseline -0.002 -12"><span class='ocrx_word' id='word_1_9' title='bbox 323 368 506 411; x_wconf 89' lang='lat' dir='ltr'>Uidetur</span> <span class='ocrx_word' id='word_1_10' title='bbox 537 374 709 423; x_wconf 87' lang='lat' dir='ltr'>tempus</span> <span class='ocrx_word' id='word_1_11' title='bbox 742 383 835 411; x_wconf 85' lang='lat' dir='ltr'>esse</span> <span class='ocrx_word' id='word_1_12' title='bbox 865 373 915 411; x_wconf 91' lang='lat' dir='ltr'>ut</span> <span class='ocrx_word' id='word_1_13' title='bbox 945 382 1092 410; x_wconf 88' lang='lat' dir='ltr'>eamus</span> <span class='ocrx_word' id='word_1_14' title='bbox 1123 369 1178 410; x_wconf 88' lang='lat' dir='ltr'>ad</span> <span class='ocrx_word' id='word_1_15' title='bbox 1210 369 1362 419; x_wconf 81' lang='lat' dir='ltr'>forum,</span> 
     </span>
     <span class='ocr_line' id='line_1_4' title="bbox 324 439 1306 496; baseline -0.001 -14"><span class='ocrx_word' id='word_1_16' title='bbox 324 440 383 482; x_wconf 93' lang='lat' dir='ltr'>Ut</span> <span class='ocrx_word' id='word_1_17' title='bbox 412 441 455 482; x_wconf 90' lang='lat' dir='ltr'>in</span> <span class='ocrx_word' id='word_1_18' title='bbox 487 440 660 483; x_wconf 86' lang='lat' dir='ltr'>tabellis</span> <span class='ocrx_word' id='word_1_19' title='bbox 692 455 800 496; x_wconf 89' lang='lat' dir='ltr'>quos</span> <span class='ocrx_word' id='word_1_20' title='bbox 831 440 1081 494; x_wconf 87' lang='lat' dir='ltr'>consignaui</span> <span class='ocrx_word' id='word_1_21' title='bbox 1112 439 1182 481; x_wconf 90' lang='lat' dir='ltr'>hic</span> <span class='ocrx_word' id='word_1_22' title='bbox 1213 439 1306 482; x_wconf 90' lang='lat' dir='ltr'>heri</span> 
     </span>
     <span class='ocr_line' id='line_1_5' title="bbox 326 512 1287 567; baseline -0.002 -13"><span class='ocrx_word' id='word_1_23' title='bbox 326 513 550 563; x_wconf 80' lang='lat' dir='ltr'>Latrones,</span> <span class='ocrx_word' id='word_1_24' title='bbox 582 512 679 554; x_wconf 91' lang='lat' dir='ltr'>ibus</span> <span class='ocrx_word' id='word_1_25' title='bbox 712 512 978 554; x_wconf 90' lang='lat' dir='ltr'>dinumerem</span> <span class='ocrx_word' id='word_1_26' title='bbox 1011 513 1287 567; x_wconf 88' lang='lat' dir='ltr'>stipendium.</span> 
     </span>
     <span class='ocr_line' id='line_1_6' title="bbox 324 583 1778 638; baseline 0.001 -12"><span class='ocrx_word' id='word_1_27' title='bbox 324 585 433 626; x_wconf 90' lang='lat' dir='ltr'>Nam</span> <span class='ocrx_word' id='word_1_28' title='bbox 465 598 540 626; x_wconf 85' lang='lat' dir='ltr'>rex</span> <span class='ocrx_word' id='word_1_29' title='bbox 573 583 777 626; x_wconf 82' lang='lat' dir='ltr'>Seleucus</span> <span class='ocrx_word' id='word_1_30' title='bbox 810 598 877 626; x_wconf 90' lang='lat' dir='ltr'>me</span> <span class='ocrx_word' id='word_1_31' title='bbox 909 598 1037 638; x_wconf 86' lang='lat' dir='ltr'>opere</span> <span class='ocrx_word' id='word_1_32' title='bbox 1071 585 1216 625; x_wconf 89' lang='lat' dir='ltr'>orauit</span> <span class='ocrx_word' id='word_1_33' title='bbox 1247 597 1461 636; x_wconf 82' lang='lat' dir='ltr'>maxumo,</span> <span class='ocrx_word' id='word_1_34' title='bbox 1734 596 1778 628; x_wconf 84' lang='lat'>&#39;75</span> 
     </span>
     <span class='ocr_line' id='line_1_7' title="bbox 322 655 1379 708; baseline -0.002 -11"><span class='ocrx_word' id='word_1_35' title='bbox 322 655 379 697; x_wconf 90' lang='lat' dir='ltr'>Ut</span> <span class='ocrx_word' id='word_1_36' title='bbox 411 656 492 698; x_wconf 89' lang='lat' dir='ltr'>sibi</span> <span class='ocrx_word' id='word_1_37' title='bbox 522 659 714 697; x_wconf 86' lang='lat' dir='ltr'>latrones</span> <span class='ocrx_word' id='word_1_38' title='bbox 746 669 941 708; x_wconf 85' lang='lat' dir='ltr'>cogerem</span> <span class='ocrx_word' id='word_1_39' title='bbox 973 661 1017 698; x_wconf 90' lang='lat' dir='ltr'>et</span> <span class='ocrx_word' id='word_1_40' title='bbox 1047 655 1379 697; x_wconf 87' lang='lat' dir='ltr'>conscriberem.</span> 
     </span>
     <span class='ocr_line' id='line_1_8' title="bbox 323 727 1505 781; baseline -0.001 -12"><span class='ocrx_word' id='word_1_41' title='bbox 323 728 429 781; x_wconf 87' lang='lat' dir='ltr'>Regi</span> <span class='ocrx_word' id='word_1_42' title='bbox 461 727 575 769; x_wconf 88' lang='lat' dir='ltr'>hunc</span> <span class='ocrx_word' id='word_1_43' title='bbox 606 727 719 769; x_wconf 89' lang='lat' dir='ltr'>diem</span> <span class='ocrx_word' id='word_1_44' title='bbox 752 727 854 768; x_wconf 90' lang='lat' dir='ltr'>mihi</span> <span class='ocrx_word' id='word_1_45' title='bbox 887 741 1058 780; x_wconf 80' lang='lat' dir='ltr'>operam</span> <span class='ocrx_word' id='word_1_46' title='bbox 1092 727 1359 769; x_wconf 86' lang='lat' dir='ltr'>decretumst</span> <span class='ocrx_word' id='word_1_47' title='bbox 1390 727 1505 769; x_wconf 87' lang='lat' dir='ltr'>dare.</span> 
     </span>
    </p>
   </div>
   <div class='ocr_carea' id='block_1_3' title="bbox 321 830 1303 1098">
    <p class='ocr_par' dir='ltr' id='par_1_3' title="bbox 321 830 1303 1098">
     <span class='ocr_line' id='line_1_9' title="bbox 885 830 1214 882; baseline 0 -11"><span class='ocrx_word' id='word_1_48' title='bbox 885 830 1214 882; x_wconf 88' lang='lat' dir='ltr'>Artotrogus</span> 
     </span>
     <span class='ocr_line' id='line_1_10' title="bbox 321 887 732 940; baseline -0.002 -12"><span class='ocrx_word' id='word_1_49' title='bbox 321 887 411 940; x_wconf 89' lang='lat' dir='ltr'>Age</span> <span class='ocrx_word' id='word_1_50' title='bbox 443 900 587 928; x_wconf 88' lang='lat' dir='ltr'>eamus</span> <span class='ocrx_word' id='word_1_51' title='bbox 619 900 732 939; x_wconf 89' lang='lat' dir='ltr'>ergo.</span> 
     </span>
     <span class='ocr_line' id='line_1_11' title="bbox 821 972 1274 1028; baseline 0 -14"><span class='ocrx_word' id='word_1_52' title='bbox 821 972 1274 1028; x_wconf 82' lang='lat' dir='ltr'>Pyrgopolinices</span> 
     </span>
     <span class='ocr_line' id='line_1_12' title="bbox 796 1043 1303 1098; baseline 0.002 -12"><span class='ocrx_word' id='word_1_53' title='bbox 796 1043 1047 1098; x_wconf 82' lang='lat' dir='ltr'>Sequimini,</span> <span class='ocrx_word' id='word_1_54' title='bbox 1081 1044 1303 1087; x_wconf 76' lang='lat' dir='ltr'>satellites.</span> 
     </span>
    </p>
   </div>
   <div class='ocr_carea' id='block_1_4' title="bbox 742 1418 1356 1463">
    <p class='ocr_par' dir='ltr' id='par_1_4' title="bbox 742 1418 1356 1463">
     <span class='ocr_line' id='line_1_13' title="bbox 742 1418 1356 1463; baseline 0.005 -3"><span class='ocrx_word' id='word_1_55' title='bbox 742 1419 1095 1461; x_wconf 87' lang='lat' dir='ltr'>PALAESTRIO</span> <span class='ocrx_word' id='word_1_56' title='bbox 1137 1418 1356 1463; x_wconf 87' lang='lat' dir='ltr'>SERUOS</span> 
     </span>
    </p>
   </div>
   <div class='ocr_carea' id='block_1_5' title="bbox 319 1533 1780 2311">
    <p class='ocr_par' dir='ltr' id='par_1_5' title="bbox 320 1533 1609 1587">
     <span class='ocr_line' id='line_1_14' title="bbox 320 1533 1609 1587; baseline 0.001 -11"><span class='ocrx_word' id='word_1_57' title='bbox 320 1534 426 1576; x_wconf 87' lang='lat' dir='ltr'>Mihi</span> <span class='ocrx_word' id='word_1_58' title='bbox 457 1533 514 1576; x_wconf 89' lang='lat' dir='ltr'>ad</span> <span class='ocrx_word' id='word_1_59' title='bbox 546 1533 836 1575; x_wconf 86' lang='lat' dir='ltr'>enarrandum</span> <span class='ocrx_word' id='word_1_60' title='bbox 867 1534 950 1575; x_wconf 90' lang='lat' dir='ltr'>hoc</span> <span class='ocrx_word' id='word_1_61' title='bbox 983 1538 1284 1587; x_wconf 87' lang='lat' dir='ltr'>argumentum</span> <span class='ocrx_word' id='word_1_62' title='bbox 1317 1539 1384 1576; x_wconf 87' lang='lat' dir='ltr'>est</span> <span class='ocrx_word' id='word_1_63' title='bbox 1414 1536 1609 1586; x_wconf 88' lang='lat' dir='ltr'>comitas,</span> 
     </span>
    </p>

    <p class='ocr_par' dir='ltr' id='par_1_6' title="bbox 321 1605 1780 1733">
     <span class='ocr_line' id='line_1_15' title="bbox 321 1605 1780 1660; baseline 0.003 -12"><span class='ocrx_word' id='word_1_64' title='bbox 321 1607 365 1648; x_wconf 85' lang='lat' dir='ltr'>Si</span> <span class='ocrx_word' id='word_1_65' title='bbox 397 1606 449 1648; x_wconf 89' lang='lat' dir='ltr'>ad</span> <span class='ocrx_word' id='word_1_66' title='bbox 483 1605 817 1648; x_wconf 87' lang='lat' dir='ltr'>auscultandum</span> <span class='ocrx_word' id='word_1_67' title='bbox 851 1610 1000 1648; x_wconf 84' lang='lat' dir='ltr'>uostra</span> <span class='ocrx_word' id='word_1_68' title='bbox 1030 1607 1112 1647; x_wconf 84' lang='lat' dir='ltr'>erit</span> <span class='ocrx_word' id='word_1_69' title='bbox 1143 1606 1404 1660; x_wconf 86' lang='lat' dir='ltr'>benignitas.</span> <span class='ocrx_word' id='word_1_70' title='bbox 1735 1620 1780 1653; x_wconf 84' lang='grc'>80</span> 
     </span>
     <span class='ocr_line' id='line_1_16' title="bbox 322 1678 1422 1733; baseline 0.003 -14"><span class='ocrx_word' id='word_1_71' title='bbox 322 1678 401 1728; x_wconf 87' lang='lat' dir='ltr'>Qui</span> <span class='ocrx_word' id='word_1_72' title='bbox 434 1682 580 1720; x_wconf 89' lang='lat' dir='ltr'>autem</span> <span class='ocrx_word' id='word_1_73' title='bbox 612 1678 862 1720; x_wconf 86' lang='lat' dir='ltr'>auscultare</span> <span class='ocrx_word' id='word_1_74' title='bbox 893 1678 1023 1730; x_wconf 88' lang='lat' dir='ltr'>nolet,</span> <span class='ocrx_word' id='word_1_75' title='bbox 1055 1683 1261 1733; x_wconf 83' lang='lat' dir='ltr'>exsurgat</span> <span class='ocrx_word' id='word_1_76' title='bbox 1290 1679 1422 1731; x_wconf 85' lang='lat' dir='ltr'>foras,</span> 
     </span>
    </p>

    <p class='ocr_par' dir='ltr' id='par_1_7' title="bbox 319 1750 1380 1805">
     <span class='ocr_line' id='line_1_17' title="bbox 319 1750 1380 1805; baseline 0.001 -12"><span class='ocrx_word' id='word_1_77' title='bbox 319 1751 378 1793; x_wconf 85' lang='lat' dir='ltr'>Ut</span> <span class='ocrx_word' id='word_1_78' title='bbox 410 1752 466 1792; x_wconf 91' lang='lat' dir='ltr'>sit</span> <span class='ocrx_word' id='word_1_79' title='bbox 496 1750 570 1792; x_wconf 91' lang='lat' dir='ltr'>ubi</span> <span class='ocrx_word' id='word_1_80' title='bbox 602 1750 754 1792; x_wconf 87' lang='lat' dir='ltr'>sedeat</span> <span class='ocrx_word' id='word_1_81' title='bbox 783 1750 855 1792; x_wconf 84' lang='lat' dir='ltr'>ille</span> <span class='ocrx_word' id='word_1_82' title='bbox 887 1752 961 1805; x_wconf 90' lang='lat' dir='ltr'>qui</span> <span class='ocrx_word' id='word_1_83' title='bbox 994 1751 1242 1793; x_wconf 86' lang='lat' dir='ltr'>auscultare</span> <span class='ocrx_word' id='word_1_84' title='bbox 1272 1752 1380 1794; x_wconf 86' lang='lat' dir='ltr'>uolt.</span> 
     </span>
    </p>

    <p class='ocr_par' dir='ltr' id='par_1_8' title="bbox 319 1823 1398 1877">
     <span class='ocr_line' id='line_1_18' title="bbox 319 1823 1398 1877; baseline 0.001 -12"><span class='ocrx_word' id='word_1_85' title='bbox 319 1824 444 1865; x_wconf 90' lang='lat' dir='ltr'>Nunc</span> <span class='ocrx_word' id='word_1_86' title='bbox 475 1836 562 1877; x_wconf 89' lang='lat' dir='ltr'>qua</span> <span class='ocrx_word' id='word_1_87' title='bbox 594 1823 828 1865; x_wconf 84' lang='lat' dir='ltr'>adsedistis</span> <span class='ocrx_word' id='word_1_88' title='bbox 860 1836 994 1865; x_wconf 87' lang='lat' dir='ltr'>causa</span> <span class='ocrx_word' id='word_1_89' title='bbox 1023 1825 1066 1864; x_wconf 88' lang='lat' dir='ltr'>in</span> <span class='ocrx_word' id='word_1_90' title='bbox 1099 1824 1257 1865; x_wconf 85' lang='lat' dir='ltr'>festino</span> <span class='ocrx_word' id='word_1_91' title='bbox 1289 1824 1398 1876; x_wconf 87' lang='lat' dir='ltr'>loco,</span> 
     </span>
    </p>

    <p class='ocr_par' dir='ltr' id='par_1_9' title="bbox 321 1895 1221 1949">
     <span class='ocr_line' id='line_1_19' title="bbox 321 1895 1221 1949; baseline 0 -12"><span class='ocrx_word' id='word_1_92' title='bbox 321 1895 582 1945; x_wconf 87' lang='lat' dir='ltr'>Comoediai‚</span> <span class='ocrx_word' id='word_1_93' title='bbox 616 1909 745 1949; x_wconf 88' lang='lat' dir='ltr'>quam</span> <span class='ocrx_word' id='word_1_94' title='bbox 776 1910 854 1937; x_wconf 89' lang='lat' dir='ltr'>nos</span> <span class='ocrx_word' id='word_1_95' title='bbox 886 1897 1028 1937; x_wconf 87' lang='lat' dir='ltr'>acturi</span> <span class='ocrx_word' id='word_1_96' title='bbox 1061 1910 1221 1946; x_wconf 89' lang='lat' dir='ltr'>sumus,</span> 
     </span>
    </p>

    <p class='ocr_par' dir='ltr' id='par_1_10' title="bbox 319 1967 1779 2093">
     <span class='ocr_line' id='line_1_20' title="bbox 319 1967 1779 2023; baseline 0.004 -15"><span class='ocrx_word' id='word_1_97' title='bbox 319 1968 375 2009; x_wconf 86' lang='lat' dir='ltr'>Et</span> <span class='ocrx_word' id='word_1_98' title='bbox 406 1974 706 2020; x_wconf 84' lang='lat' dir='ltr'>argumentum</span> <span class='ocrx_word' id='word_1_99' title='bbox 737 1973 781 2009; x_wconf 91' lang='lat' dir='ltr'>et</span> <span class='ocrx_word' id='word_1_100' title='bbox 810 1982 965 2010; x_wconf 90' lang='lat' dir='ltr'>nomen</span> <span class='ocrx_word' id='word_1_101' title='bbox 996 1967 1122 2010; x_wconf 89' lang='lat' dir='ltr'>uobis</span> <span class='ocrx_word' id='word_1_102' title='bbox 1155 1968 1348 2023; x_wconf 85' lang='lat' dir='ltr'>eloquar.</span> <span class='ocrx_word' id='word_1_103' title='bbox 1735 1981 1779 2014; x_wconf 86' lang='lat'>85</span> 
     </span>
     <span class='ocr_line' id='line_1_21' title="bbox 319 2040 1399 2093; baseline 0.002 -12"><span class='ocrx_word' id='word_1_104' title='bbox 319 2040 477 2082; x_wconf 84' lang='lat' dir='ltr'>Alazon</span> <span class='ocrx_word' id='word_1_105' title='bbox 511 2040 676 2081; x_wconf 85' lang='lat' dir='ltr'>Graece</span> <span class='ocrx_word' id='word_1_106' title='bbox 708 2040 811 2081; x_wconf 89' lang='lat' dir='ltr'>huic</span> <span class='ocrx_word' id='word_1_107' title='bbox 840 2055 996 2082; x_wconf 89' lang='lat' dir='ltr'>nomen</span> <span class='ocrx_word' id='word_1_108' title='bbox 1029 2045 1096 2082; x_wconf 91' lang='lat' dir='ltr'>est</span> <span class='ocrx_word' id='word_1_109' title='bbox 1127 2040 1399 2093; x_wconf 82' lang='lat' dir='ltr'>comoediae3</span> 
     </span>
    </p>

    <p class='ocr_par' dir='ltr' id='par_1_11' title="bbox 319 2111 1155 2166">
     <span class='ocr_line' id='line_1_22' title="bbox 319 2111 1155 2166; baseline 0.001 -13"><span class='ocrx_word' id='word_1_110' title='bbox 319 2113 367 2153; x_wconf 88' lang='lat' dir='ltr'>Id</span> <span class='ocrx_word' id='word_1_111' title='bbox 399 2126 475 2153; x_wconf 89' lang='lat' dir='ltr'>nos</span> <span class='ocrx_word' id='word_1_112' title='bbox 508 2111 662 2154; x_wconf 88' lang='lat' dir='ltr'>Latine</span> <span class='ocrx_word' id='word_1_113' title='bbox 693 2112 929 2166; x_wconf 86' lang='lat' dir='ltr'>gloriosum</span> <span class='ocrx_word' id='word_1_114' title='bbox 960 2113 1155 2154; x_wconf 88' lang='lat' dir='ltr'>dicimus.</span> 
     </span>
    </p>

    <p class='ocr_par' dir='ltr' id='par_1_12' title="bbox 319 2184 1567 2239">
     <span class='ocr_line' id='line_1_23' title="bbox 319 2184 1567 2239; baseline 0 -13"><span class='ocrx_word' id='word_1_115' title='bbox 319 2184 412 2226; x_wconf 88' lang='lat' dir='ltr'>Hoc</span> <span class='ocrx_word' id='word_1_116' title='bbox 444 2184 650 2239; x_wconf 88' lang='lat' dir='ltr'>oppidum</span> <span class='ocrx_word' id='word_1_117' title='bbox 683 2184 968 2238; x_wconf 81' lang='lat' dir='ltr'>Ephesumst3</span> <span class='ocrx_word' id='word_1_118' title='bbox 1000 2185 1118 2227; x_wconf 87' lang='lat' dir='ltr'>illest</span> <span class='ocrx_word' id='word_1_119' title='bbox 1148 2185 1271 2227; x_wconf 88' lang='lat' dir='ltr'>miles</span> <span class='ocrx_word' id='word_1_120' title='bbox 1303 2199 1424 2228; x_wconf 89' lang='lat' dir='ltr'>meus</span> <span class='ocrx_word' id='word_1_121' title='bbox 1456 2199 1567 2235; x_wconf 86' lang='lat' dir='ltr'>erus,</span> 
     </span>
    </p>

    <p class='ocr_par' dir='ltr' id='par_1_13' title="bbox 321 2255 1456 2311">
     <span class='ocr_line' id='line_1_24' title="bbox 321 2255 1456 2311; baseline 0.003 -15"><span class='ocrx_word' id='word_1_122' title='bbox 321 2255 399 2305; x_wconf 84' lang='lat' dir='ltr'>Qui</span> <span class='ocrx_word' id='word_1_123' title='bbox 433 2256 532 2297; x_wconf 87' lang='lat' dir='ltr'>hinc</span> <span class='ocrx_word' id='word_1_124' title='bbox 564 2256 619 2297; x_wconf 84' lang='lat' dir='ltr'>ad</span> <span class='ocrx_word' id='word_1_125' title='bbox 651 2256 791 2298; x_wconf 88' lang='lat' dir='ltr'>forum</span> <span class='ocrx_word' id='word_1_126' title='bbox 822 2257 940 2308; x_wconf 84' lang='lat' dir='ltr'>abiit,</span> <span class='ocrx_word' id='word_1_127' title='bbox 974 2258 1200 2311; x_wconf 86' lang='lat' dir='ltr'>gloriosus,</span> <span class='ocrx_word' id='word_1_128' title='bbox 1232 2258 1456 2311; x_wconf 85' lang='lat' dir='ltr'>inpudens,</span> 
     </span>
    </p>
   </div>
   <div class='ocr_carea' id='block_1_6' title="bbox 317 2391 1778 2835">
    <p class='ocr_par' dir='ltr' id='par_1_14' title="bbox 317 2391 1778 2835">
     <span class='ocr_line' id='line_1_25' title="bbox 408 2391 1778 2435; baseline -0.002 -7"><span class='ocrx_word' id='word_1_129' title='bbox 408 2395 452 2428; x_wconf 79' lang='lat'>72</span> <span class='ocrx_word' id='word_1_130' title='bbox 477 2397 537 2428; x_wconf 84' lang='lat' dir='ltr'>eat</span> <span class='ocrx_word' id='word_1_131' title='bbox 561 2405 643 2428; x_wconf 80' lang='lat' dir='ltr'>mus</span> <span class='ocrx_word' id='word_1_132' title='bbox 670 2396 709 2426; x_wconf 85' lang='lat' dir='ltr'>at</span> <span class='ocrx_word' id='word_1_133' title='bbox 734 2392 763 2427; x_wconf 79' lang='lat' dir='ltr'><strong><em>G</em></strong></span> <span class='ocrx_word' id='word_1_134' title='bbox 849 2394 892 2427; x_wconf 88' lang='grc'>73</span> <span class='ocrx_word' id='word_1_135' title='bbox 919 2394 970 2427; x_wconf 82' lang='lat' dir='ltr'>eri</span> <span class='ocrx_word' id='word_1_136' title='bbox 998 2394 1041 2435; x_wconf 81' lang='lat' dir='ltr'>A,</span> <span class='ocrx_word' id='word_1_137' title='bbox 1069 2394 1144 2427; x_wconf 86' lang='lat' dir='ltr'>aeri</span> <span class='ocrx_word' id='word_1_138' title='bbox 1169 2392 1236 2428; x_wconf 82' lang='lat' dir='ltr'>BG</span> <span class='ocrx_word' id='word_1_139' title='bbox 1316 2395 1360 2427; x_wconf 83' lang='lat'>74</span> <span class='ocrx_word' id='word_1_140' title='bbox 1383 2393 1612 2428; x_wconf 85' lang='lat' dir='ltr'>Latronibus</span> <span class='ocrx_word' id='word_1_141' title='bbox 1637 2391 1683 2435; x_wconf 89' lang='lat' dir='ltr'>B,</span> <span class='ocrx_word' id='word_1_142' title='bbox 1709 2391 1778 2425; x_wconf 91' lang='lat' dir='ltr'>La-</span> 
     </span>
     <span class='ocr_line' id='line_1_26' title="bbox 319 2449 1691 2493; baseline -0.001 -9"><span class='ocrx_word' id='word_1_143' title='bbox 319 2451 438 2484; x_wconf 82' lang='lat' dir='ltr'>tronis</span> <span class='ocrx_word' id='word_1_144' title='bbox 465 2451 530 2484; x_wconf 89' lang='lat' dir='ltr'>bus</span> <span class='ocrx_word' id='word_1_145' title='bbox 559 2450 587 2485; x_wconf 83' lang='lat' dir='ltr'><strong><em>C</em></strong></span> <span class='ocrx_word' id='word_1_146' title='bbox 680 2450 919 2484; x_wconf 85' lang='lat' dir='ltr'>denumerem</span> <span class='ocrx_word' id='word_1_147' title='bbox 945 2450 988 2493; x_wconf 86' lang='lat' dir='ltr'>B,</span> <span class='ocrx_word' id='word_1_148' title='bbox 1016 2449 1262 2485; x_wconf 83' lang='lat' dir='ltr'>denumerent</span> <span class='ocrx_word' id='word_1_149' title='bbox 1290 2450 1318 2485; x_wconf 85' lang='lat' dir='ltr'><strong><em>G</em></strong></span> <span class='ocrx_word' id='word_1_150' title='bbox 1409 2450 1635 2485; x_wconf 80' lang='lat' dir='ltr'>stibendium</span> <span class='ocrx_word' id='word_1_151' title='bbox 1663 2449 1691 2484; x_wconf 87' lang='lat' dir='ltr'><strong><em>G</em></strong></span> 
     </span>
     <span class='ocr_line' id='line_1_27' title="bbox 317 2505 1691 2551; baseline -0.001 -10"><span class='ocrx_word' id='word_1_152' title='bbox 317 2509 361 2542; x_wconf 86' lang='lat'>75</span> <span class='ocrx_word' id='word_1_153' title='bbox 387 2508 644 2542; x_wconf 82' lang='lat' dir='ltr'>resseleuticus</span> <span class='ocrx_word' id='word_1_154' title='bbox 669 2505 714 2546; x_wconf 88' lang='lat' dir='ltr'>B,</span> <span class='ocrx_word' id='word_1_155' title='bbox 739 2518 800 2541; x_wconf 89' lang='lat' dir='ltr'>res</span> <span class='ocrx_word' id='word_1_156' title='bbox 826 2507 992 2541; x_wconf 85' lang='lat' dir='ltr'>seleucus</span> <span class='ocrx_word' id='word_1_157' title='bbox 1020 2506 1048 2541; x_wconf 81' lang='lat' dir='ltr'>C</span> <span class='ocrx_word' id='word_1_158' title='bbox 1136 2518 1269 2551; x_wconf 84' lang='lat' dir='ltr'>operae</span> <span class='ocrx_word' id='word_1_159' title='bbox 1299 2506 1328 2542; x_wconf 85' lang='lat' dir='ltr'>C</span> <span class='ocrx_word' id='word_1_160' title='bbox 1405 2508 1449 2542; x_wconf 84' lang='lat'>&#39;76</span> <span class='ocrx_word' id='word_1_161' title='bbox 1474 2507 1636 2541; x_wconf 86' lang='lat' dir='ltr'>latranes</span> <span class='ocrx_word' id='word_1_162' title='bbox 1663 2505 1691 2540; x_wconf 84' lang='lat' dir='ltr'><strong><em>G</em></strong></span> 
     </span>
     <span class='ocr_line' id='line_1_28' title="bbox 317 2563 1778 2607; baseline -0.001 -10"><span class='ocrx_word' id='word_1_163' title='bbox 317 2565 362 2598; x_wconf 84' lang='lat'>77</span> <span class='ocrx_word' id='word_1_164' title='bbox 400 2565 464 2599; x_wconf 83' lang='lat' dir='ltr'>Rei</span> <span class='ocrx_word' id='word_1_165' title='bbox 577 2564 634 2598; x_wconf 81' lang='lat' dir='ltr'>die</span> <span class='ocrx_word' id='word_1_166' title='bbox 672 2563 741 2597; x_wconf 82' lang='lat' dir='ltr'>BC</span> <span class='ocrx_word' id='word_1_167' title='bbox 851 2563 1025 2597; x_wconf 79' lang='lat' dir='ltr'>deoretus</span> <span class='ocrx_word' id='word_1_168' title='bbox 1063 2563 1091 2598; x_wconf 89' lang='lat' dir='ltr'>C&#39;</span> <span class='ocrx_word' id='word_1_169' title='bbox 1201 2565 1245 2598; x_wconf 80' lang='lat'>78</span> <span class='ocrx_word' id='word_1_170' title='bbox 1281 2565 1361 2607; x_wconf 69' lang='lat' dir='ltr'>Age</span> <span class='ocrx_word' id='word_1_171' title='bbox 1398 2567 1567 2598; x_wconf 86' lang='lat' dir='ltr'>tenemus</span> <span class='ocrx_word' id='word_1_172' title='bbox 1603 2563 1655 2605; x_wconf 81' lang='grc' dir='ltr'>Β,</span> <span class='ocrx_word' id='word_1_173' title='bbox 1700 2565 1778 2606; x_wconf 83' lang='lat' dir='ltr'>Age</span> 
     </span>
     <span class='ocr_line' id='line_1_29' title="bbox 320 2619 1689 2665; baseline 0.001 -13"><span class='ocrx_word' id='word_1_174' title='bbox 320 2626 438 2655; x_wconf 68' lang='lat' dir='ltr'>tomus</span> <span class='ocrx_word' id='word_1_175' title='bbox 472 2622 501 2656; x_wconf 82' lang='lat' dir='ltr'>O</span> <span class='ocrx_word' id='word_1_176' title='bbox 602 2621 773 2653; x_wconf 73' lang='lat' dir='ltr'>satellitis</span> <span class='ocrx_word' id='word_1_177' title='bbox 805 2619 859 2663; x_wconf 88' lang='lat' dir='ltr'>B,</span> <span class='ocrx_word' id='word_1_178' title='bbox 893 2621 1034 2655; x_wconf 76' lang='lat' dir='ltr'>satellis</span> <span class='ocrx_word' id='word_1_179' title='bbox 1066 2621 1240 2665; x_wconf 72' lang='lat' dir='ltr'>pah-strio</span> <span class='ocrx_word' id='word_1_180' title='bbox 1275 2622 1303 2655; x_wconf 82' lang='lat' dir='ltr'><strong><em>G</em></strong></span> <span class='ocrx_word' id='word_1_181' title='bbox 1404 2622 1447 2655; x_wconf 81' lang='lat'>79</span> <span class='ocrx_word' id='word_1_182' title='bbox 1479 2626 1619 2656; x_wconf 83' lang='lat' dir='ltr'>eomtas</span> <span class='ocrx_word' id='word_1_183' title='bbox 1653 2621 1689 2655; x_wconf 90' lang='lat' dir='ltr'><em>B</em></span> 
     </span>
     <span class='ocr_line' id='line_1_30' title="bbox 318 2677 1778 2722; baseline 0 -11"><span class='ocrx_word' id='word_1_184' title='bbox 318 2678 362 2711; x_wconf 72' lang='lat'>80</span> <span class='ocrx_word' id='word_1_185' title='bbox 389 2686 424 2711; x_wconf 78' lang='lat' dir='ltr'>at</span> <span class='ocrx_word' id='word_1_186' title='bbox 508 2681 546 2711; x_wconf 66' lang='lat' dir='ltr'>&amp;l</span> <span class='ocrx_word' id='word_1_187' title='bbox 578 2677 844 2711; x_wconf 74' lang='lat' dir='ltr'>auscultabunt</span> <span class='ocrx_word' id='word_1_188' title='bbox 869 2677 984 2711; x_wconf 87' lang='lat' dir='ltr'>nollet</span> <span class='ocrx_word' id='word_1_189' title='bbox 1065 2680 1107 2712; x_wconf 79' lang='lat'>84</span> <span class='ocrx_word' id='word_1_190' title='bbox 1134 2678 1330 2712; x_wconf 81' lang='lat' dir='ltr'>Coniediae</span> <span class='ocrx_word' id='word_1_191' title='bbox 1421 2678 1568 2722; x_wconf 87' lang='lat' dir='ltr'>quando</span> <span class='ocrx_word' id='word_1_192' title='bbox 1593 2677 1639 2720; x_wconf 85' lang='grc' dir='ltr'>Β,</span> <span class='ocrx_word' id='word_1_193' title='bbox 1665 2689 1778 2721; x_wconf 84' lang='lat' dir='ltr'>quan-</span> 
     </span>
     <span class='ocr_line' id='line_1_31' title="bbox 320 2733 1688 2780; baseline 0.001 -12"><span class='ocrx_word' id='word_1_194' title='bbox 320 2735 387 2768; x_wconf 83' lang='lat' dir='ltr'>dos</span> <span class='ocrx_word' id='word_1_195' title='bbox 419 2734 448 2770; x_wconf 84' lang='lat' dir='ltr'><strong><em>C</em></strong></span> <span class='ocrx_word' id='word_1_196' title='bbox 549 2734 691 2768; x_wconf 81' lang='lat' dir='ltr'>aucturi</span> <span class='ocrx_word' id='word_1_197' title='bbox 797 2735 841 2768; x_wconf 74' lang='lat'>86</span> <span class='ocrx_word' id='word_1_198' title='bbox 876 2746 980 2769; x_wconf 82' lang='lat' dir='ltr'>crece</span> <span class='ocrx_word' id='word_1_199' title='bbox 1012 2735 1041 2769; x_wconf 85' lang='lat' dir='ltr'><strong><em>C</em></strong></span> <span class='ocrx_word' id='word_1_200' title='bbox 1144 2747 1279 2770; x_wconf 83' lang='lat' dir='ltr'>nomen</span> <span class='ocrx_word' id='word_1_201' title='bbox 1313 2735 1465 2780; x_wconf 85' lang='lat' dir='ltr'>eloquar</span> <span class='ocrx_word' id='word_1_202' title='bbox 1497 2733 1688 2769; x_wconf 86' lang='lat' dir='ltr'>comediae</span> 
     </span>
     <span class='ocr_line' id='line_1_32' title="bbox 317 2790 912 2835; baseline 0.002 -10"><span class='ocrx_word' id='word_1_203' title='bbox 317 2796 361 2826; x_wconf 65' lang='lat' dir='ltr'>b&amp;</span> <span class='ocrx_word' id='word_1_204' title='bbox 388 2798 497 2835; x_wconf 76' lang='lat' dir='ltr'>epesu‘</span> <span class='ocrx_word' id='word_1_205' title='bbox 523 2798 541 2826; x_wconf 78' lang='lat' dir='ltr'>o</span> <span class='ocrx_word' id='word_1_206' title='bbox 634 2790 692 2826; x_wconf 76' lang='lat' dir='ltr'>ide</span> <span class='ocrx_word' id='word_1_207' title='bbox 718 2791 762 2834; x_wconf 92' lang='lat' dir='ltr'>B,</span> <span class='ocrx_word' id='word_1_208' title='bbox 790 2802 854 2826; x_wconf 87' lang='lat' dir='ltr'>om.</span> <span class='ocrx_word' id='word_1_209' title='bbox 883 2791 912 2826; x_wconf 81' lang='lat'><em>0</em></span> 
     </span>
    </p>
   </div>
  </div>
 </body>
</html>
