1963 3243
327 215 408 254 242
961 211 1174 247 Pseudolus.

327 344 372 378 ut
407 341 553 378 nummi
591 342 632 377 in
669 353 852 377 crumena
893 342 1089 387 concussi;
1135 341 1181 378 cf.
1214 340 1290 378 Cic.
1324 341 1371 378 ad
1412 341 1494 378 Att.
1526 341 1630 389 XIV,
1663 343 1726 387 21,
1759 342 1803 379 4:

330 412 537 458 „exspecto
557 438 564 445 .
585 438 592 446 .
613 439 621 446 .
641 407 780 457 ecquid
810 407 1013 445 Dolabella
1042 406 1208 445 tinniat“
1252 406 1295 454 (i.
1327 423 1359 447 e.
1392 409 1530 459 ecquid
1561 423 1804 447 nummorum

326 474 480 523 afferat)
529 490 600 524 „an
644 477 684 513 in
725 488 808 512 meo
849 477 1003 512 nomine
1040 475 1193 514 tabulas
1231 489 1349 514 novas
1389 475 1564 514 fecerit“.
1611 497 1665 503 —
1712 479 1804 516 310.

325 540 464 593 Atque
494 553 577 593 690,
611 544 657 580 cf.
695 544 848 592 „Atque
879 540 1042 592 edepol“
1076 543 1177 581 infra
1210 545 1301 581 788.
1338 545 1455 582 1026.
1489 565 1543 570 —
1584 546 1676 583 312.
1707 555 1805 594 sup-

320 607 453 659 plicat
480 612 525 649 A.
557 630 613 635 —
646 612 737 648 313.
779 611 1011 659 amentata,
1044 615 1089 648 ut
1119 615 1306 661 argentea
1335 613 1408 658 46,
1447 613 1496 649 al.
1527 633 1584 638 —
1623 614 1714 650 314.
1747 610 1805 651 la-

325 679 507 717 mentare
537 679 670 716 Lamb.
697 698 750 704 —
777 680 867 716 315.
912 675 1041 727 Apud
1068 689 1297 726 nouercam,
1329 682 1353 717 i.
1374 693 1407 716 e.
1434 681 1537 729 apud
1562 694 1661 726 eum,
1694 694 1804 730 quem

326 761 402 785 non
449 747 571 794 magis
624 748 681 783 tui
733 748 893 784 miseret
940 760 1054 796 quam
1110 760 1314 784 novercam
1371 749 1554 797 privigni.
1609 768 1660 774 ——
1712 745 1806 786 Eho

326 828 410 852 cum
451 817 629 863 proxima
668 815 793 851 vocali
831 814 1033 860 coalescit3
1081 815 1213 852 hiatur
1252 817 1292 852 in
1330 815 1512 869 diaeresi3
1588 816 1632 853 R.
1669 814 1802 862 ‚,Eho“

327 882 504 928 delebat3
537 881 595 919 Fl.
625 881 733 928 „Eho
766 895 813 918 an
836 880 903 919 tu“
940 882 999 918 ed.
1059 883 1119 919 An
1143 887 1197 928 tu,
1230 884 1441 932 respondet
1464 883 1691 930 Pseudolus,
1725 886 1806 922 eius

327 963 496 987 noverca
519 963 558 986 es
582 953 651 986 aut
681 963 763 986 cum
796 953 911 998 patre
944 951 1026 987 eius
1051 951 1244 1000 impudice
1269 949 1532 988 consuevisti?
1564 951 1609 989 cf.
1630 951 1722 989 Cist.
1740 953 1804 990 44.

327 1038 380 1043 —-
399 1019 490 1055 316.
526 1013 588 1055 Di
618 1014 790 1055 meliora
818 1013 957 1065 faxint
987 1022 1026 1055 et
1053 1014 1159 1056 Face
1184 1016 1293 1068 quod
1315 1019 1362 1056 A.
1394 1039 1439 1044 —
1467 1021 1559 1057 317.
1591 1016 1690 1057 Mea
1713 1014 1806 1068 fide,

325 1086 420 1123 mihi
451 1084 629 1122 confisus.
662 1105 718 1110 —-
753 1081 801 1122 in
831 1081 904 1122 hoc
933 1081 1082 1134 triduo,
1117 1087 1162 1124 cf.
1182 1100 1215 1125 v.
1235 1088 1271 1124 9.
1303 1107 1357 1112 —-
1391 1088 1483 1124 318.
1516 1087 1589 1125 aut
1617 1084 1808 1125 alicunde

326 1153 539 1202 Bergkius3
585 1153 630 1190 R.
675 1153 878 1200 „alicunde
920 1153 1091 1203 aliqua“.
1136 1176 1192 1180 —
1237 1151 1441 1200 euoluam,
1487 1155 1712 1205 expediam,
1759 1155 1806 1193 cf.

326 1222 466 1270 fragm.
497 1225 547 1258 tr.
579 1221 693 1258 Rhet.
726 1222 774 1258 ad
813 1221 981 1258 Herenn.
1014 1222 1070 1264 ΙΙ,
1114 1224 1185 1273 26,
1218 1224 1290 1260 42;
1343 1236 1535 1272 „neque0,
1575 1223 1658 1269 Qua
1693 1236 1809 1260 causa

328 1303 500 1327 accusam
533 1289 646 1335 hunc,
680 1288 904 1338 exputando
928 1287 1152 1327 euoluere“.
1177 1311 1231 1315 —
1268 1292 1360 1328 319.
1394 1301 1474 1340 qua
1506 1301 1626 1339 opera
1644 1322 1650 1328 .
1671 1322 1678 1328 .
1699 1322 1705 1328 .
1723 1301 1809 1329 una

330 1368 463 1406 opera,
503 1371 537 1394 v.
572 1356 619 1394 ad
649 1357 757 1394 Asin.
791 1358 855 1394 98.
901 1376 950 1381 —
991 1359 1070 1395 320
1104 1358 1217 1396 affert
1246 1360 1397 1396 Nonius
1428 1373 1465 1408 p.
1501 1360 1598 1397 331:
1645 1359 1809 1406 „Lactes
1881 1356 1886 1360 ’

327 1427 510 1463 dicuntur
547 1423 772 1471 intestina“,
821 1428 926 1462 tum:
988 1427 1160 1473 „allicem
1214 1428 1425 1475 fugitiuum
1474 1425 1646 1465 canem“.
1735 1428 1808 1474 Qui

327 1496 510 1543 quoniam
549 1494 589 1529 in
628 1493 837 1530 verborum
879 1494 1015 1530 ordine
1048 1507 1131 1531 cum
1164 1494 1198 1530 A
1231 1496 1448 1544 ceterisque
1480 1497 1690 1545 conspirat,
1724 1496 1807 1533 hia-

326 1566 410 1599 tum
447 1566 537 1610 post
576 1570 716 1598 canem
754 1561 914 1610 reliqui,
960 1574 996 1599 v.
1030 1561 1181 1610 Proleg.
1223 1576 1260 1612 p.
1295 1564 1386 1601 224.
1464 1563 1717 1601 Proverbium
1763 1576 1810 1601 ex

329 1630 462 1667 Graeco
501 1629 680 1666 ductum:
727 1630 819 1665 κύων
851 1630 925 1677 παρ’
955 1631 1112 1679 ἐντέροις,
1145 1644 1179 1668 v.
1214 1630 1388 1668 Paroem.
1444 1630 1566 1668 Graec.
1598 1632 1616 1668 I
1645 1645 1682 1681 p.
1719 1632 1820 1669 164.-
1895 1652 1898 1656 ,

328 1697 464 1735 Perdit
501 1710 659 1746 operam
698 1698 765 1746 qui
803 1710 934 1734 canem
973 1699 1085 1747 quasi
1121 1700 1322 1736 custodem
1360 1699 1463 1748 apud
1503 1699 1624 1737 lactes
1664 1700 1810 1737 vincire

329 1769 507 1812 conatur,
539 1778 627 1802 nam
659 1778 722 1802 eas
755 1766 862 1803 brevi
893 1765 1082 1802 comedet.
1115 1786 1169 1791 —-
1201 1768 1293 1804 322.
1327 1763 1490 1816 aliquo-s·
1518 1768 1564 1814 A,
1598 1781 1633 1804 v.
1651 1767 1698 1804 ad
1718 1768 1809 1805 284.

333 1853 377 1858 —
415 1834 506 1870 325.
539 1830 694 1881 faciam
725 1830 951 1880 laetantem,
985 1835 1032 1871 cf.
1070 1835 1187 1872 1042.
1236 1835 1354 1872 Poen.
1383 1836 1475 1873 374.
1522 1835 1662 1884 Amph.
1693 1836 1810 1873 1023.

330 1903 436 1938 Asin.
468 1903 533 1938 47.
595 1902 698 1939 Men.
743 1902 834 1940 364.
899 1901 1019 1940 Stich.
1052 1903 1146 1940 408.
1208 1904 1324 1940 etiam
1362 1903 1473 1940 Curc.
1509 1904 1579 1941 87:
1631 1902 1681 1949 „fi
1717 1903 1812 1940 mihi

329 1965 585 2018 obsequens“.
618 1989 670 1994 —
712 1971 804 2007 326.
851 1966 936 2007 iam
977 1983 1024 2007 ex
1063 1972 1239 2018 vestigiis
1270 1970 1300 2007 B
1333 1971 1377 2008 R..
1420 1991 1471 1996 —
1513 1971 1604 2008 327.
1652 1980 1813 2009 arcesse

330 2037 556 2075 Beroaldus.
582 2057 636 2062 —
663 2039 753 2076 328.
791 2037 982 2085 „Victima
1006 2041 1131 2076 maior
1154 2042 1224 2085 est,
1256 2039 1384 2076 hostia
1408 2036 1556 2076 minor“
1588 2041 1644 2076 ait
1666 2039 1812 2077 Fronto

332 2105 379 2142 de
410 2105 640 2142 differentiis
678 2119 762 2143 voc.
795 2109 906 2152 extr.,
937 2106 982 2142 cf.
1015 2106 1119 2143 Fest.
1144 2105 1217 2155 Ep.
1250 2108 1345 2143 126:
1383 2107 1617 2154 „Maximam
1647 2106 1812 2144 hostiam

332 2173 439 2211 ovilli
478 2175 629 2222 pecoris
668 2171 959 2224 appellabant“.
992 2193 1047 2198 —
1078 2173 1196 2211 Deest
1237 2174 1386 2223 syllaba
1425 2178 1566 2224 quarto
1611 2175 1720 2224 pedi,
1766 2173 1810 2211 R.

336 2239 496 2287 ,‚huice“
539 2241 620 2287 ed.,
667 2241 857 2279 Fleckeis.
903 2241 1016 2288 „huic
1064 2246 1109 2278 ut
1147 2240 1258 2291 ego“,
1314 2242 1470 2280 Miiller.
1507 2243 1644 2290 „hodie
1684 2239 1810 2288 huic“,

333 2309 396 2346 ΒΓ.
442 2309 555 2356 „huic
594 2307 694 2346 hic“.
745 2329 791 2334 —
841 2318 1000 2346 summo
1037 2305 1151 2356 Iovi,
1198 2309 1244 2347 cf.
1285 2309 1393 2359 capt.
1428 2311 1526 2348 857:
1578 2322 1672 2358 „ego
1713 2323 1813 2347 nunc
1846 2319 1848 2321 ’

332 2378 404 2413 tibi
429 2390 515 2414 sum
539 2390 710 2414 summus
733 2376 951 2427 Iuppiter⁴‘.
971 2397 1024 2401 —
1046 2378 1138 2414 329.
1171 2387 1294 2427 quam
1310 2379 1355 2415 A.
1381 2398 1435 2403 —-
1461 2379 1552 2416 330.
1585 2374 1750 2428 aquini-5
1765 2378 1810 2424 A,

334 2448 372 2481 et
401 2445 454 2481 sic
485 2446 673 2494 scriptum
705 2445 824 2482 fuisse
854 2446 1055 2495 proximus
1088 2458 1220 2482 versus
1251 2450 1387 2495 aperte
1418 2446 1600 2483 ostendit.
1660 2446 1813 2494 Agnina

334 2517 444 2557 exta,
491 2516 628 2561 utpote
666 2526 712 2550 ex
751 2513 967 2550 minoribus
998 2513 1146 2558 hostiis,
1189 2518 1228 2549 et
1259 2515 1435 2551 victimas
1466 2516 1566 2551 inter
1597 2527 1637 2550 se
1669 2513 1813 2564 opponi

333 2593 447 2629 posse
479 2585 642 2630 apparet
673 2594 718 2618 ex
750 2595 784 2618 v.
820 2582 898 2619 327
931 2594 1001 2630 sq.,
1042 2581 1109 2618 sed
1148 2594 1222 2618 non
1265 2583 1388 2618 minus
1419 2585 1582 2631 apparet
1612 2582 1647 2619 h.
1680 2582 1705 2619 l.
1736 2593 1812 2618 non

335 2648 469 2696 epulas
511 2649 575 2685 sed
616 2651 817 2698 pecuniam
856 2649 1079 2696 significari.
1155 2649 1235 2686 Hoc
1276 2654 1317 2686 ut
1350 2649 1564 2695 efficerent,
1606 2650 1679 2686 viri
1710 2649 1813 2687 docti

336 2717 444 2752 varia
476 2721 689 2763 tentarunt,
722 2716 893 2766 Scaliger
921 2714 1153 2762 ,‚1ninimis‘'.
1187 2729 1262 2765 quo
1293 2717 1407 2755 simul
1439 2717 1485 2754 ad
1516 2718 1639 2754 minas
1663 2717 1813 2767 argenti

335 2784 473 2833 respici
513 2784 697 2833 putabat,
742 2784 915 2834 Lipsius.
957 2798 1069 2832 quem
1111 2785 1153 2821 R.
1187 2785 1387 2833 sequitur,
1432 2785 1650 2832 ,‚1niniuis“,
1690 2785 1812 2822 minas
