1963 3243
330 173 383 211 82
994 170 1117 205 Plauti
1521 171 1584 214 lv,
1611 174 1641 216 2,
1666 174 1779 208 5—-15

318 281 412 344 'Qui
444 299 630 349 aucupet
659 309 726 336 me
758 295 858 350 quid
891 309 1030 349 agam,
1060 309 1195 349 neque
1227 296 1279 337 de
1311 297 1485 349 uesperi
1516 297 1640 339 uiuat-
1669 299 1776 340 suo?

327 366 412 409 Eos
427 381 541 408 nunc
557 366 755 408 homines
773 371 918 409 metuo
935 367 1039 408 mihi
1056 381 1108 408 ne
1127 368 1273 409 obsint
1289 381 1395 409 neue
1407 367 1582 410 obstent
1593 370 1776 422 uspiam,

329 439 441 480 Dum
487 439 568 480 sibi
613 439 802 480 iaculum
833 439 916 480 huc
960 439 1244 488 transmittat,
1285 453 1396 493 quae
1434 439 1560 481 huius
1600 441 1777 494 cupiens

1411 512 1642 565 corporist‚

328 581 445 632 Quae
477 586 596 623 amat
625 582 738 623 hunc
769 582 985 624 hominem
1017 583 1194 624 nimium
1226 582 1416 636 lepidum
1448 587 1491 624 et
1521 584 1654 625 nimia
1683 584 1776 638 pul-

497 693 502 696 .
1409 655 1636 706 critudine‚
1664 677 1667 679 Δ

325 711 508 753 Militem
539 710 924 764 Pyrgopolinicem.

827 812 1275 866 Pyrgopolinices

890 883 1014 926 Satin
1045 884 1152 926 haec
1183 899 1355 939 quoque
1387 900 1454 928 me
1486 885 1680 940 deperit?
1711 897 1778 931 995

327 956 467 997 Meam
497 955 650 997 laudat
681 957 879 1009 speciem.

902 1057 1200 1101 Palaestrio

645 1130 812 1184 Edepol
844 1130 971 1173 huius
1004 1146 1143 1174 sermo
1175 1131 1292 1173 haud
1324 1133 1512 1174 cinerem
1544 1133 1774 1186 quaeritat.

827 1233 1275 1288 Pyrgopolinices

325 1289 417 1339 Quo
449 1290 735 1344 argumento?

902 1370 1203 1413 Palaestrio

639 1441 749 1491 Quia
781 1443 893 1483 enim
924 1442 1119 1497 loquitur
1148 1442 1266 1484 laute
1298 1447 1341 1484 et
1370 1443 1559 1484 minume
1590 1442 1775 1485 sordide.

325 1513 545 1567 Quidquid
572 1515 708 1555 istaec
741 1514 792 1556 <le
823 1519 866 1556 te
898 1515 1107 1570 loquitur,
1140 1515 1248 1556 nihil
1280 1518 1488 1556 attrectat
1520 1515 1706 1556 sordide.

323 1585 432 1627 Tum
449 1590 593 1627 autem
609 1586 685 1627 illa
702 1587 844 1640 ipsast
860 1588 1038 1629 nimium
1055 1587 1201 1640 lepida
1217 1588 1431 1641 nimisque
1449 1587 1589 1629 nitida
1605 1586 1778 1629 femina.

829 1689 1276 1745 Pyrgopolinices

325 1760 478 1803 Hercle
510 1775 613 1802 uero
645 1762 731 1803 iam
763 1762 1009 1804 adlubescit
1039 1761 1285 1815 primulum,
1318 1761 1573 1803 Palaestrio.
1692 1774 1780 1807 1000

897 1864 1208 1906 Palaestrio

325 1935 503 1978 Priusne
535 1950 667 1990 quam
696 1937 817 1978 illam
849 1937 984 1978 oculis
1016 1936 1194 1978 uidisti?

827 2039 1275 2094 Pyrgopolinices

1140 2110 1277 2152 Uideo
1308 2111 1351 2152 id
1377 2110 1493 2164 quod
1525 2112 1654 2154 credo
1685 2111 1777 2153 tibi.

325 2181 433 2222 Tum
464 2182 572 2224 haec
603 2183 798 2225 celocula
828 2185 947 2226 illam
979 2183 1203 2225 absentem
1236 2182 1398 2235 subigit
1427 2197 1494 2225 me
1526 2190 1574 2225 ut
1598 2197 1748 2226 amem.

414 2326 478 2359 991
505 2325 593 2370 quid
620 2333 714 2371 aqua
739 2327 850 2371 quide
874 2327 1022 2370 uesperi
1101 2327 1139 2359 iu
1163 2326 1216 2360 iat
1239 2325 1275 2360 Β
1350 2327 1417 2361 992
1442 2329 1527 2371 opte
1551 2326 1597 2371 B,
1623 2327 1728 2362 obtet
1754 2326 1785 2362 G

415 2383 480 2416 993
506 2382 717 2418 Domosibit
742 2395 784 2418 ac
815 2384 902 2418 dum
926 2383 976 2426 Β,
1015 2383 1154 2417 Domus
1188 2383 1256 2418 ibit
1285 2395 1326 2418 ae
1361 2384 1447 2418 dum
1474 2383 1501 2418 G
1602 2384 1779 2419 transiuit

325 2439 400 2482 atq'
493 2440 560 2473 994
584 2440 735 2475 nimiam
760 2440 796 2475 Β
889 2441 1166 2485 pulchritudine
1190 2439 1226 2474 B
1317 2442 1383 2475 995
1407 2441 1554 2475 Pilitem
1578 2441 1614 2476 Β
1705 2441 1778 2478 hoc

324 2495 359 2529 B
453 2495 593 2540 deperii
618 2497 654 2531 B
745 2499 811 2532 996
835 2497 897 2531 PA
923 2508 988 2532 om.
1083 2498 1260 2532 sermonis
1353 2501 1416 2532 aut
1442 2505 1560 2534 emere
1584 2498 1620 2534 B
1711 2501 1778 2535 997

325 2551 385 2585 PA
411 2551 490 2595 Quo
516 2553 762 2596 argumento?
789 2555 876 2598 quia
938 2554 1045 2590 laude
1071 2555 1106 2589 Β
1198 2555 1264 2589 998
1289 2553 1383 2598 Quid
1407 2555 1521 2590 istaec
1545 2568 1639 2601 quae
1664 2560 1775 2602 teteq.

326 2609 368 2650 A,
394 2607 488 2650 Quid
515 2610 566 2643 ait
590 2611 661 2645 ista
685 2611 752 2646 hec
780 2612 825 2645 de
851 2616 886 2645 te
912 2611 956 2647 Β,
982 2610 1075 2654 Quid
1101 2613 1146 2647 ad
1174 2614 1244 2647 ista
1268 2611 1349 2645 haec
1376 2611 1420 2645 de
1446 2615 1482 2646 te
1506 2612 1535 2647 C'
1633 2615 1698 2648 999
1724 2614 1778 2649 Tu

324 2664 394 2699 ΒΟ
494 2667 593 2700 milia
616 2669 698 2712 ipsa
721 2667 758 2703 Β
862 2668 1022 2712 lepidam
1049 2670 1083 2703 Β
1179 2669 1270 2704 1ιίᾶὲ
1294 2667 1330 2702 Β
1425 2671 1508 2703 1001
1536 2670 1635 2704 iliam
1662 2671 1777 2705 oculis

323 2722 407 2757 tuis.
434 2722 503 2758 PY.
597 2726 681 2759 ideo
707 2724 743 2759 B
835 2728 875 2760 ut
902 2725 930 2760 Ο
1022 2728 1110 2759 1002
1140 2726 1230 2760 Cum
1322 2725 1447 2760 locuta
1471 2725 1516 2770 B,
1544 2727 1725 2762 elocutam
1752 2727 1781 2763 G

324 2779 424 2813 illam
451 2784 573 2815 autem
600 2783 791 2816 absentem
891 2783 1024 2816 metuit
1048 2783 1119 2816 PA.
1148 2795 1253 2818 amen
1280 2782 1315 2818 B
1720 2776 1722 2780 ‚
