1963 3243
81 233 149 274 ῙΠ,
172 233 205 273 2.
230 231 343 266 '7—16
650 229 757 264 Miles
783 229 979 272 gloriosus.
1480 231 1532 271 67

80 415 116 467 Q
152 414 191 456 ‘d
307 413 333 455 b
365 413 408 454 t?
649 353 961 395 Palaestrio

118 429 162 458 m
196 448 205 459 .
236 427 305 455 sor
338 427 359 454 e

708 490 904 532 Lucrio

487 562 596 605 Illud
633 548 828 610 „stertit“
867 563 985 604 uolui
1017 563 1180 613 dicere;
1468 574 1537 608 820

81 639 162 683 Sed
194 638 298 693 quia
330 636 549 678 consimile
581 640 657 681 est.
691 650 818 690 quom
852 639 1026 679 stertas,
1060 636 1183 689 quasi
1215 635 1407 678 sorbeas.
1442 659 1492 664 —

650 749 965 790 Palaestrio

80 823 173 867 Eho
205 837 261 864 an
292 822 452 864 dormit
482 821 711 863 Sceledrus
742 822 887 863 intus?

712 935 907 977 Lucrio

950 994 1043 1035 Non
1074 1007 1178 1035 naso
1210 993 1402 1048 quidem3

81 1066 189 1109 Nam
222 1081 271 1108 eo
303 1079 504 1119 magnum
537 1065 709 1107 clamat.
769 1065 932 1118 Tetigit
962 1066 1140 1107 calicem
1173 1065 1430 1111 clanculum,

82 1140 191 1181 Dum
223 1139 341 1180 misit
370 1138 554 1180 nardum
586 1139 628 1179 in
661 1138 916 1192 amphoram
949 1138 1165 1180 cellarius.

652 1252 965 1294 Palaestrio

81 1324 173 1367 Eho
205 1329 265 1370 tu,
299 1324 496 1370 sceleste,
530 1326 602 1378 qui
635 1324 696 1366 illi
729 1339 1010 1379 suppromus3
1043 1325 1124 1366 eho
1158 1347 1206 1353 -
1472 1336 1539 1369 825

715 1439 908 1481 Lucrio

82 1495 192 1546 Quid
223 1495 318 1537 uis?

653 1591 966 1634 Palaestrio

381 1662 463 1714 Qui
492 1663 724 1706 lubitumst
754 1664 818 1706 illi
850 1664 1231 1706 condormiscere‘?

709 1778 908 1820 Lucrio

83 1835 246 1885 Oculis,
278 1836 444 1891 opinor.

654 1930 967 1973 Palaestrio

490 2002 585 2044 Non
618 2009 661 2044 te
693 2004 807 2044 istuc
837 2004 993 2057 rogito,
1025 2003 1180 2044 scelus.

81 2074 269 2117 Procede
300 2075 403 2126 huc;
433 2075 602 2130 periisti
633 2077 732 2124 iam,
765 2077 846 2118 nisi
880 2090 1030 2117 uerum
1063 2077 1165 2117 scio.

83 2147 340 2202 Prompsisti
371 2151 418 2188 tu
449 2147 513 2189 illi
545 2148 724 2189 uinum?

715 2262 910 2305 Lucrio

789 2334 885 2377 Non
919 2336 1124 2389 prompsi.

657 2448 968 2491 Palaestrio

1166 2505 1340 2559 Negas?

174 2633 242 2666 820
265 2631 413 2665 steterit
436 2629 482 2669 Β,
509 2631 673 2671 stertei-it
701 2629 730 2665 C
795 2631 858 2664 821
886 2630 986 2676 quod
1065 2635 1213 2664 stercas'
1230 2629 1263 2661 B
1336 2631 1403 2664 822
1427 2630 1482 2664 Eo
1507 2629 1543 2664 Β

175 2699 318 2722 nonaso
343 2689 378 2723 Β
491 2690 559 2722 824
584 2688 730 2721 Dormis
763 2688 813 2721 ita
845 2688 1038 2723 arclimina
1071 2687 1188 2731 phora
1212 2686 1263 2729 B,
1303 2687 1402 2721 domi
1434 2688 1540 2722 sitam

83 2745 216 2779 ardimi
240 2756 326 2779 nam
352 2745 568 2790 amphoram
597 2744 625 2780 C
715 2744 926 2779 cellararius
955 2744 983 2780 C
1072 2745 1138 2778 825
1164 2743 1246 2777 th
1270 2743 1305 2778 B
1398 2743 1543 2788 suppm‘

86 2801 174 2836 sebo
199 2801 234 2835 B
336 2803 403 2836 826
427 2801 521 2844 Quid
546 2802 702 2835 lubitum
730 2802 811 2835 est?
916 2802 983 2835 827
1008 2802 1094 2834 istic
1119 2800 1155 2834 B
1258 2801 1400 2842 rogites
1427 2800 1456 2835 Ο

86 2858 152 2892 328
178 2857 249 2893 LU.
275 2858 440 2893 Procede
466 2858 552 2892 huic
577 2857 612 2892 Β
705 2859 772 2892 829
798 2859 870 2892 ΡΑ.
898 2858 1090 2892 Promsisti
1118 2856 1153 2891 Β

1271 2925 1316 2959 5⁴}
