1963 3243
137 209 167 254 I,
192 209 223 249 8.
247 207 381 242 20-27
774 203 971 239 Mercator.
1513 203 1587 241 139

142 338 193 378 At
231 335 360 376 etiam
401 331 558 373 adsto?
599 337 644 372 at
683 331 812 372 otiam
848 344 970 371 cesso
1004 329 1170 371 foribus
1204 327 1347 369 facere
1380 328 1496 368 hisce
1529 341 1595 368 as—

1222 400 1370 442 sulas?

141 478 317 534 'Aperite
338 476 510 529 aliquis.
558 475 641 517 Ubi
668 473 882 516 Charinus
903 474 1032 516 erus?
1057 473 1273 514 dominest
1300 486 1354 513 an
1380 470 1514 512 soris?
1536 483 1598 515 130

143 551 251 593 Num
285 550 513 603 quisquam
548 548 668 589 adire
701 547 755 589 ad
790 547 946 588 ostium
982 546 1156 600 dignum
1191 544 1456 586 arbitratur?

731 671 998 714 Charinus

1376 742 1486 784 Ecce
1519 755 1601 793 me,

143 819 367 870 Acanthio,
399 832 525 873 quem
558 818 747 873 quaeris.

738 921 771 961 A
784 933 876 962 can
891 919 946 961 th
959 920 1007 961 io

822 991 1093 1046 Nusquamst
1125 991 1355 1045 disciplina
1387 990 1599 1043 ignauior.

744 1110 1008 1152 Charinus

145 1187 264 1238 Quae
294 1190 337 1227 te
369 1184 508 1226 malae
540 1198 609 1226 res
643 1184 840 1238 agitant?

741 1310 1010 1352 Acanthio

959 1382 1136 1434 Multae,
1169 1396 1254 1432 ere,
1286 1387 1326 1422 te
1359 1385 1491 1434 atque
1524 1392 1603 1421 me.

744 1485 775 1528 C
787 1487 813 1527 h
825 1487 978 1528 arinu
993 1501 1011 1527 s

148 1560 258 1611 Quid
290 1564 356 1602 est
385 1559 561 1612 negoti?

746 1663 779 1702 A
791 1675 884 1703 can
897 1661 952 1702 th
966 1662 1012 1702 io

622 1733 850 1776 Periimus.

747 1851 1014 1894 Charinus

152 1924 410 1979 Principium
441 1925 488 1966 id
515 1925 700 1968 inimicis
734 1925 851 1968 dato.
1544 1933 1608 1966 135

750 2040 1015 2082 Acanthio

153 2112 208 2153 At
237 2110 317 2153 tibi
350 2112 505 2153 sortito
537 2111 581 2153 id
613 2113 782 2166 optigit.

750 2214 1017 2258 Charinus

159 2285 353 2339 Loquere
386 2287 427 2328 id
459 2289 620 2339 negoti,
653 2289 867 2342 quidquid
900 2297 977 2331 est.

750 2391 1018 2433 Acanthio

958 2465 1153 2516 Placide3
1185 2464 1283 2506 uolo
1316 2463 1609 2516 adquiescere.

157 2531 247 2574 Tua
279 2546 411 2575 causa
441 2536 540 2588 rupi
573 2537 780 2588 ramices3
812 2539 895 2579 iam
930 2538 1092 2579 dudum
1125 2540 1253 2591 sputo
1286 2535 1553 2588 sanguinem.

251 2717 314 2750 129
326 2715 434 2750 ACH.
448 2719 498 2750 At
591 2730 630 2752 as
644 2725 723 2753 stro
739 2719 767 2754 C
857 2720 912 2754 his
927 2721 1091 2755 cassulae
1187 2720 1252 2752 130
1265 2717 1418 2752 charinfi
1432 2727 1562 2750 seruus
1576 2715 1611 2749 Β

249 2772 395 2807 domine
409 2777 509 2808 stant
533 2774 629 2808 fores
656 2775 692 2809 Β
788 2779 850 2811 133
876 2789 934 2812 res
960 2778 1056 2811 mala
1080 2776 1116 2811 B
1208 2775 1324 2808 multa
1349 2772 1522 2807 ececteB

164 2824 226 2856 134
248 2828 407 2873 perimus
505 2832 568 2865 135
592 2831 631 2866 id
655 2842 722 2866 om.
818 2836 882 2870 138
905 2836 1056 2869 ramites
1080 2833 1126 2876 B,
1152 2832 1318 2867 tramites
1344 2830 1372 2868 G
