<?xml version="1.0" encoding="UTF-8"?>
<!DOCTYPE html PUBLIC "-//W3C//DTD XHTML 1.0 Transitional//EN"
    "http://www.w3.org/TR/xhtml1/DTD/xhtml1-transitional.dtd">
<html xmlns="http://www.w3.org/1999/xhtml" xml:lang="en" lang="en">
 <head>
  <title>
</title>
<meta http-equiv="Content-Type" content="text/html;charset=utf-8" />
  <meta name='ocr-system' content='tesseract 3.04.00' />
  <meta name='ocr-capabilities' content='ocr_page ocr_carea ocr_par ocr_line ocrx_word'/>
</head>
<body>
  <div class='ocr_page' id='page_1' title='image "./comoediaerecensu04plauuoft_0061.png"; bbox 0 0 1963 3243; ppageno 0'>
   <div class='ocr_carea' id='block_1_1' title="bbox 82 205 1537 251">
    <p class='ocr_par' dir='ltr' id='par_1_1' title="bbox 82 205 1537 251">
     <span class='ocr_line' id='line_1_1' title="bbox 82 205 1537 251; baseline -0.009 -7"><span class='ocrx_word' id='word_1_1' title='bbox 82 207 149 251; x_wconf 85' lang='lat' dir='ltr'>III,</span> <span class='ocrx_word' id='word_1_2' title='bbox 178 210 205 249; x_wconf 75' lang='lat'>1,</span> <span class='ocrx_word' id='word_1_3' title='bbox 230 208 305 242; x_wconf 79' lang='lat'>54--</span> <span class='ocrx_word' id='word_1_4' title='bbox 321 209 365 242; x_wconf 78' lang='lat'>69</span> <span class='ocrx_word' id='word_1_5' title='bbox 653 205 763 241; x_wconf 75' lang='lat' dir='ltr'>Miles</span> <span class='ocrx_word' id='word_1_6' title='bbox 788 206 984 248; x_wconf 66' lang='lat' dir='ltr'>gloriosus.</span> <span class='ocrx_word' id='word_1_7' title='bbox 1486 210 1537 248; x_wconf 79' lang='lat'>55</span> 
     </span>
    </p>
   </div>
   <div class='ocr_carea' id='block_1_2' title="bbox 84 332 1542 603">
    <p class='ocr_par' dir='ltr' id='par_1_2' title="bbox 84 332 1542 603">
     <span class='ocr_line' id='line_1_2' title="bbox 655 332 959 373; baseline -0.007 0"><span class='ocrx_word' id='word_1_8' title='bbox 655 332 959 373; x_wconf 78' lang='lat' dir='ltr'>Palaestrio</span> 
     </span>
     <span class='ocr_line' id='line_1_3' title="bbox 84 404 1504 458; baseline -0.002 -12"><span class='ocrx_word' id='word_1_9' title='bbox 84 405 119 447; x_wconf 95' lang='grc' dir='ltr'>Ο</span> <span class='ocrx_word' id='word_1_10' title='bbox 165 404 352 458; x_wconf 84' lang='lat' dir='ltr'>lepidum</span> <span class='ocrx_word' id='word_1_11' title='bbox 399 406 606 452; x_wconf 78' lang='lat' dir='ltr'>seuicem,</span> <span class='ocrx_word' id='word_1_12' title='bbox 655 404 791 445; x_wconf 85' lang='lat' dir='ltr'>omnis</span> <span class='ocrx_word' id='word_1_13' title='bbox 838 404 871 444; x_wconf 80' lang='lat' dir='ltr'>si</span> <span class='ocrx_word' id='word_1_14' title='bbox 919 417 1027 457; x_wconf 76' lang='lat' dir='ltr'>quas</span> <span class='ocrx_word' id='word_1_15' title='bbox 1075 409 1280 444; x_wconf 80' lang='lat' dir='ltr'>memorat</span> <span class='ocrx_word' id='word_1_16' title='bbox 1328 404 1504 444; x_wconf 84' lang='lat' dir='ltr'>uirtutis</span> 
     </span>
     <span class='ocr_line' id='line_1_4' title="bbox 1123 474 1542 521; baseline 0.005 -6"><span class='ocrx_word' id='word_1_17' title='bbox 1123 474 1267 521; x_wconf 80' lang='lat' dir='ltr'>habet,</span> <span class='ocrx_word' id='word_1_18' title='bbox 1475 487 1542 518; x_wconf 75' lang='lat'><strong>(350</strong></span> 
     </span>
     <span class='ocr_line' id='line_1_5' title="bbox 85 546 1440 603; baseline -0.001 -13"><span class='ocrx_word' id='word_1_19' title='bbox 85 551 224 603; x_wconf 81' lang='lat' dir='ltr'><strong>Atque</strong></span> <span class='ocrx_word' id='word_1_20' title='bbox 256 548 455 602; x_wconf 79' lang='lat' dir='ltr'>equidem</span> <span class='ocrx_word' id='word_1_21' title='bbox 491 549 617 602; x_wconf 79' lang='lat' dir='ltr'>plane</span> <span class='ocrx_word' id='word_1_22' title='bbox 649 548 880 589; x_wconf 88' lang='lat' dir='ltr'>educatum</span> <span class='ocrx_word' id='word_1_23' title='bbox 911 548 954 589; x_wconf 91' lang='lat' dir='ltr'>in</span> <span class='ocrx_word' id='word_1_24' title='bbox 986 547 1207 588; x_wconf 87' lang='lat' dir='ltr'>nutricatu</span> <span class='ocrx_word' id='word_1_25' title='bbox 1241 546 1440 588; x_wconf 88' lang='lat' dir='ltr'>Uenerio.</span> 
     </span>
    </p>
   </div>
   <div class='ocr_carea' id='block_1_3' title="bbox 83 660 1545 1218">
    <p class='ocr_par' dir='ltr' id='par_1_3' title="bbox 572 660 1050 715">
     <span class='ocr_line' id='line_1_6' title="bbox 572 660 1050 715; baseline -0.002 -12"><span class='ocrx_word' id='word_1_26' title='bbox 572 660 1050 715; x_wconf 86' lang='lat' dir='ltr'>Periplecomenus</span> 
     </span>
    </p>

    <p class='ocr_par' dir='ltr' id='par_1_4' title="bbox 84 732 1389 788">
     <span class='ocr_line' id='line_1_7' title="bbox 84 732 1389 788; baseline -0.003 -12"><span class='ocrx_word' id='word_1_27' title='bbox 84 734 185 776; x_wconf 85' lang='lat' dir='ltr'>Plus</span> <span class='ocrx_word' id='word_1_28' title='bbox 217 734 345 782; x_wconf 78' lang='lat' dir='ltr'>dabo,</span> <span class='ocrx_word' id='word_1_29' title='bbox 377 748 504 788; x_wconf 83' lang='lat' dir='ltr'>quam</span> <span class='ocrx_word' id='word_1_30' title='bbox 540 733 804 787; x_wconf 83' lang='lat' dir='ltr'>praedicaui,</span> <span class='ocrx_word' id='word_1_31' title='bbox 838 747 888 773; x_wconf 85' lang='lat' dir='ltr'>ex</span> <span class='ocrx_word' id='word_1_32' title='bbox 922 746 986 773; x_wconf 89' lang='lat' dir='ltr'>me</span> <span class='ocrx_word' id='word_1_33' title='bbox 1019 733 1263 774; x_wconf 88' lang='lat' dir='ltr'>uenustatis</span> <span class='ocrx_word' id='word_1_34' title='bbox 1295 732 1389 773; x_wconf 89' lang='lat' dir='ltr'>tibi.</span> 
     </span>
    </p>

    <p class='ocr_par' dir='ltr' id='par_1_5' title="bbox 84 804 1541 859">
     <span class='ocr_line' id='line_1_8' title="bbox 84 804 1541 859; baseline -0.002 -11"><span class='ocrx_word' id='word_1_35' title='bbox 84 806 230 859; x_wconf 86' lang='lat' dir='ltr'>Neque</span> <span class='ocrx_word' id='word_1_36' title='bbox 264 807 451 847; x_wconf 76' lang='lat' dir='ltr'>alienum</span> <span class='ocrx_word' id='word_1_37' title='bbox 486 820 563 858; x_wconf 86' lang='lat' dir='ltr'>ego</span> <span class='ocrx_word' id='word_1_38' title='bbox 596 819 801 859; x_wconf 82' lang='lat' dir='ltr'>uinquam</span> <span class='ocrx_word' id='word_1_39' title='bbox 827 809 1016 846; x_wconf 86' lang='lat' dir='ltr'>scortum</span> <span class='ocrx_word' id='word_1_40' title='bbox 1043 804 1233 855; x_wconf 85' lang='lat' dir='ltr'>subigito</span> <span class='ocrx_word' id='word_1_41' title='bbox 1259 806 1300 846; x_wconf 89' lang='lat' dir='ltr'>in</span> <span class='ocrx_word' id='word_1_42' title='bbox 1327 805 1541 850; x_wconf 77' lang='lat' dir='ltr'>conuiuio,</span> 
     </span>
    </p>

    <p class='ocr_par' dir='ltr' id='par_1_6' title="bbox 83 877 1542 933">
     <span class='ocr_line' id='line_1_9' title="bbox 83 877 1542 933; baseline -0.002 -13"><span class='ocrx_word' id='word_1_43' title='bbox 83 878 232 933; x_wconf 81' lang='lat' dir='ltr'>Neque</span> <span class='ocrx_word' id='word_1_44' title='bbox 267 879 482 932; x_wconf 83' lang='lat' dir='ltr'>praeripio</span> <span class='ocrx_word' id='word_1_45' title='bbox 515 878 851 931; x_wconf 81' lang='lat' dir='ltr'>pulpamentum</span> <span class='ocrx_word' id='word_1_46' title='bbox 874 890 1012 931; x_wconf 86' lang='lat' dir='ltr'>neque</span> <span class='ocrx_word' id='word_1_47' title='bbox 1054 883 1287 930; x_wconf 83' lang='lat' dir='ltr'>praeuerto</span> <span class='ocrx_word' id='word_1_48' title='bbox 1329 877 1542 930; x_wconf 77' lang='lat' dir='ltr'>poculum,</span> 
     </span>
    </p>

    <p class='ocr_par' dir='ltr' id='par_1_7' title="bbox 84 948 1545 1072">
     <span class='ocr_line' id='line_1_10' title="bbox 84 948 1542 1004; baseline -0.002 -12"><span class='ocrx_word' id='word_1_49' title='bbox 84 950 233 1004; x_wconf 86' lang='lat' dir='ltr'>Neque</span> <span class='ocrx_word' id='word_1_50' title='bbox 274 965 349 1004; x_wconf 88' lang='lat' dir='ltr'>per</span> <span class='ocrx_word' id='word_1_51' title='bbox 388 951 534 991; x_wconf 89' lang='lat' dir='ltr'>uinum</span> <span class='ocrx_word' id='word_1_52' title='bbox 576 963 779 1003; x_wconf 84' lang='lat' dir='ltr'>umquam</span> <span class='ocrx_word' id='word_1_53' title='bbox 821 963 868 989; x_wconf 83' lang='lat' dir='ltr'>ex</span> <span class='ocrx_word' id='word_1_54' title='bbox 912 963 976 990; x_wconf 91' lang='lat' dir='ltr'>me</span> <span class='ocrx_word' id='word_1_55' title='bbox 1019 949 1210 990; x_wconf 83' lang='lat' dir='ltr'>exoritur</span> <span class='ocrx_word' id='word_1_56' title='bbox 1242 948 1467 990; x_wconf 71' lang='lat' dir='ltr'>discidium</span> <span class='ocrx_word' id='word_1_57' title='bbox 1502 949 1542 989; x_wconf 88' lang='lat' dir='ltr'>in</span> 
     </span>
     <span class='ocr_line' id='line_1_11' title="bbox 1169 1022 1545 1072; baseline 0.013 -10"><span class='ocrx_word' id='word_1_58' title='bbox 1169 1022 1390 1072; x_wconf 82' lang='lat' dir='ltr'>conuiui03</span> <span class='ocrx_word' id='word_1_59' title='bbox 1478 1033 1545 1066; x_wconf 82' lang='lat'>655</span> 
     </span>
    </p>

    <p class='ocr_par' dir='ltr' id='par_1_8' title="bbox 85 1093 1544 1148">
     <span class='ocr_line' id='line_1_12' title="bbox 85 1093 1544 1148; baseline -0.002 -10"><span class='ocrx_word' id='word_1_60' title='bbox 85 1095 128 1138; x_wconf 90' lang='lat' dir='ltr'>Si</span> <span class='ocrx_word' id='word_1_61' title='bbox 160 1096 256 1148; x_wconf 86' lang='lat' dir='ltr'>quis</span> <span class='ocrx_word' id='word_1_62' title='bbox 287 1094 346 1139; x_wconf 86' lang='lat' dir='ltr'>ibi</span> <span class='ocrx_word' id='word_1_63' title='bbox 380 1102 445 1136; x_wconf 85' lang='lat' dir='ltr'>est</span> <span class='ocrx_word' id='word_1_64' title='bbox 477 1094 663 1141; x_wconf 79' lang='lat' dir='ltr'>odiosus.</span> <span class='ocrx_word' id='word_1_65' title='bbox 698 1093 807 1135; x_wconf 86' lang='lat' dir='ltr'>abeo</span> <span class='ocrx_word' id='word_1_66' title='bbox 841 1093 1025 1142; x_wconf 81' lang='lat' dir='ltr'>domum,</span> <span class='ocrx_word' id='word_1_67' title='bbox 1068 1107 1308 1134; x_wconf 81' lang='lat' dir='ltr'>sermonem</span> <span class='ocrx_word' id='word_1_68' title='bbox 1344 1107 1544 1147; x_wconf 77' lang='lat' dir='ltr'>segreg03</span> 
     </span>
    </p>

    <p class='ocr_par' dir='ltr' id='par_1_9' title="bbox 86 1165 1423 1218">
     <span class='ocr_line' id='line_1_13' title="bbox 86 1165 1423 1218; baseline -0.003 -8"><span class='ocrx_word' id='word_1_69' title='bbox 86 1167 297 1211; x_wconf 86' lang='lat' dir='ltr'>Uenerem</span> <span class='ocrx_word' id='word_1_70' title='bbox 330 1181 520 1209; x_wconf 83' lang='lat' dir='ltr'>amorem</span> <span class='ocrx_word' id='word_1_71' title='bbox 553 1167 949 1218; x_wconf 82' lang='lat' dir='ltr'>amoenitatemque</span> <span class='ocrx_word' id='word_1_72' title='bbox 982 1165 1200 1207; x_wconf 83' lang='lat' dir='ltr'>accubans</span> <span class='ocrx_word' id='word_1_73' title='bbox 1233 1180 1423 1208; x_wconf 86' lang='lat' dir='ltr'>exerceo.</span> 
     </span>
    </p>
   </div>
   <div class='ocr_carea' id='block_1_4' title="bbox 85 1280 1451 1409">
    <p class='ocr_par' dir='ltr' id='par_1_10' title="bbox 85 1280 1451 1409">
     <span class='ocr_line' id='line_1_14' title="bbox 666 1280 966 1322; baseline 0 -1"><span class='ocrx_word' id='word_1_74' title='bbox 666 1280 966 1322; x_wconf 85' lang='lat' dir='ltr'>Pleusicles</span> 
     </span>
     <span class='ocr_line' id='line_1_15' title="bbox 85 1352 1451 1409; baseline -0.002 -12"><span class='ocrx_word' id='word_1_75' title='bbox 85 1355 147 1397; x_wconf 91' lang='lat' dir='ltr'>Tu</span> <span class='ocrx_word' id='word_1_76' title='bbox 179 1355 353 1409; x_wconf 84' lang='lat' dir='ltr'>quidem</span> <span class='ocrx_word' id='word_1_77' title='bbox 386 1353 537 1407; x_wconf 85' lang='lat' dir='ltr'>edepol</span> <span class='ocrx_word' id='word_1_78' title='bbox 571 1354 708 1394; x_wconf 86' lang='lat' dir='ltr'>omnis</span> <span class='ocrx_word' id='word_1_79' title='bbox 742 1367 881 1394; x_wconf 86' lang='lat' dir='ltr'>mores</span> <span class='ocrx_word' id='word_1_80' title='bbox 915 1352 968 1394; x_wconf 81' lang='lat' dir='ltr'>ad</span> <span class='ocrx_word' id='word_1_81' title='bbox 1000 1358 1275 1394; x_wconf 80' lang='lat' dir='ltr'>uenustatem</span> <span class='ocrx_word' id='word_1_82' title='bbox 1306 1366 1451 1394; x_wconf 85' lang='lat' dir='ltr'>uocas.</span> 
     </span>
    </p>
   </div>
   <div class='ocr_carea' id='block_1_5' title="bbox 88 1466 1546 1585">
    <p class='ocr_par' dir='ltr' id='par_1_11' title="bbox 88 1466 1546 1585">
     <span class='ocr_line' id='line_1_16' title="bbox 666 1466 967 1509; baseline 0 -1"><span class='ocrx_word' id='word_1_83' title='bbox 666 1466 967 1509; x_wconf 72' lang='lat' dir='ltr'>Palaestrio</span> 
     </span>
     <span class='ocr_line' id='line_1_17' title="bbox 88 1540 1546 1585; baseline -0.003 -1"><span class='ocrx_word' id='word_1_84' title='bbox 88 1543 203 1585; x_wconf 87' lang='lat' dir='ltr'>Cedo</span> <span class='ocrx_word' id='word_1_85' title='bbox 228 1544 310 1583; x_wconf 85' lang='lat' dir='ltr'>tris</span> <span class='ocrx_word' id='word_1_86' title='bbox 338 1541 441 1583; x_wconf 85' lang='lat' dir='ltr'>mihi</span> <span class='ocrx_word' id='word_1_87' title='bbox 469 1541 665 1583; x_wconf 84' lang='lat' dir='ltr'>homines</span> <span class='ocrx_word' id='word_1_88' title='bbox 683 1540 930 1582; x_wconf 85' lang='lat' dir='ltr'>aurichalco</span> <span class='ocrx_word' id='word_1_89' title='bbox 950 1546 1101 1583; x_wconf 85' lang='lat' dir='ltr'>contra</span> <span class='ocrx_word' id='word_1_90' title='bbox 1118 1554 1212 1582; x_wconf 88' lang='lat' dir='ltr'>cum</span> <span class='ocrx_word' id='word_1_91' title='bbox 1232 1541 1326 1582; x_wconf 83' lang='lat' dir='ltr'>istis</span> <span class='ocrx_word' id='word_1_92' title='bbox 1342 1540 1546 1581; x_wconf 83' lang='lat' dir='ltr'>moribus.</span> 
     </span>
    </p>
   </div>
   <div class='ocr_carea' id='block_1_6' title="bbox 88 1654 1550 1857">
    <p class='ocr_par' dir='ltr' id='par_1_12' title="bbox 88 1654 1550 1857">
     <span class='ocr_line' id='line_1_18' title="bbox 667 1654 966 1697; baseline 0 -1"><span class='ocrx_word' id='word_1_93' title='bbox 667 1654 966 1697; x_wconf 87' lang='lat' dir='ltr'>Pleusicles</span> 
     </span>
     <span class='ocr_line' id='line_1_19' title="bbox 88 1726 1550 1784; baseline -0.003 -13"><span class='ocrx_word' id='word_1_94' title='bbox 88 1733 142 1772; x_wconf 89' lang='lat' dir='ltr'>At</span> <span class='ocrx_word' id='word_1_95' title='bbox 173 1729 347 1784; x_wconf 87' lang='lat' dir='ltr'>quidem</span> <span class='ocrx_word' id='word_1_96' title='bbox 379 1729 483 1770; x_wconf 89' lang='lat' dir='ltr'>illuc</span> <span class='ocrx_word' id='word_1_97' title='bbox 513 1729 673 1770; x_wconf 83' lang='lat' dir='ltr'>aetatis</span> <span class='ocrx_word' id='word_1_98' title='bbox 706 1729 778 1783; x_wconf 88' lang='lat' dir='ltr'>qui</span> <span class='ocrx_word' id='word_1_99' title='bbox 811 1728 880 1777; x_wconf 86' lang='lat' dir='ltr'>sit,</span> <span class='ocrx_word' id='word_1_100' title='bbox 913 1741 996 1769; x_wconf 90' lang='lat' dir='ltr'>non</span> <span class='ocrx_word' id='word_1_101' title='bbox 1029 1728 1226 1768; x_wconf 86' lang='lat' dir='ltr'>inuenies</span> <span class='ocrx_word' id='word_1_102' title='bbox 1258 1726 1440 1768; x_wconf 79' lang='lat' dir='ltr'>alterum</span> <span class='ocrx_word' id='word_1_103' title='bbox 1482 1738 1550 1771; x_wconf 76' lang='lat'>660</span> 
     </span>
     <span class='ocr_line' id='line_1_20' title="bbox 88 1800 1545 1857; baseline -0.004 -12"><span class='ocrx_word' id='word_1_104' title='bbox 88 1802 359 1857; x_wconf 85' lang='lat' dir='ltr'>Lepidiorem</span> <span class='ocrx_word' id='word_1_105' title='bbox 393 1801 447 1842; x_wconf 84' lang='lat' dir='ltr'>ad</span> <span class='ocrx_word' id='word_1_106' title='bbox 480 1801 616 1842; x_wconf 88' lang='lat' dir='ltr'>omnis</span> <span class='ocrx_word' id='word_1_107' title='bbox 648 1814 717 1842; x_wconf 85' lang='lat' dir='ltr'>res</span> <span class='ocrx_word' id='word_1_108' title='bbox 749 1814 828 1842; x_wconf 86' lang='lat' dir='ltr'>nec</span> <span class='ocrx_word' id='word_1_109' title='bbox 861 1801 995 1853; x_wconf 83' lang='lat' dir='ltr'>magis</span> <span class='ocrx_word' id='word_1_110' title='bbox 1029 1801 1100 1854; x_wconf 88' lang='lat' dir='ltr'>qui</span> <span class='ocrx_word' id='word_1_111' title='bbox 1125 1801 1265 1840; x_wconf 81' lang='lat' dir='ltr'>amico</span> <span class='ocrx_word' id='word_1_112' title='bbox 1290 1800 1454 1840; x_wconf 83' lang='lat' dir='ltr'>amicus</span> <span class='ocrx_word' id='word_1_113' title='bbox 1478 1800 1545 1840; x_wconf 83' lang='lat' dir='ltr'>sit.</span> 
     </span>
    </p>
   </div>
   <div class='ocr_carea' id='block_1_7' title="bbox 88 1915 1488 2190">
    <p class='ocr_par' dir='ltr' id='par_1_13' title="bbox 88 1915 1488 2190">
     <span class='ocr_line' id='line_1_21' title="bbox 578 1915 1058 1969; baseline -0.006 -11"><span class='ocrx_word' id='word_1_114' title='bbox 578 1915 1058 1969; x_wconf 87' lang='lat' dir='ltr'>Periplecomenus</span> 
     </span>
     <span class='ocr_line' id='line_1_22' title="bbox 88 1986 1483 2035; baseline -0.004 -3"><span class='ocrx_word' id='word_1_115' title='bbox 88 1991 195 2032; x_wconf 91' lang='lat' dir='ltr'>Tute</span> <span class='ocrx_word' id='word_1_116' title='bbox 229 2004 294 2031; x_wconf 90' lang='lat' dir='ltr'>me</span> <span class='ocrx_word' id='word_1_117' title='bbox 327 1996 375 2031; x_wconf 93' lang='lat' dir='ltr'>ut</span> <span class='ocrx_word' id='word_1_118' title='bbox 406 1990 570 2030; x_wconf 81' lang='lat' dir='ltr'>fateare</span> <span class='ocrx_word' id='word_1_119' title='bbox 602 1989 757 2030; x_wconf 86' lang='lat' dir='ltr'>faciam</span> <span class='ocrx_word' id='word_1_120' title='bbox 791 2002 884 2029; x_wconf 86' lang='lat' dir='ltr'>esse</span> <span class='ocrx_word' id='word_1_121' title='bbox 917 1987 1237 2029; x_wconf 82' lang='lat' dir='ltr'>adulescentem</span> <span class='ocrx_word' id='word_1_122' title='bbox 1271 1986 1483 2035; x_wconf 76' lang='lat' dir='ltr'>moribus3</span> 
     </span>
     <span class='ocr_line' id='line_1_23' title="bbox 90 2059 1488 2117; baseline -0.004 -13"><span class='ocrx_word' id='word_1_123' title='bbox 90 2063 154 2105; x_wconf 85' lang='lat' dir='ltr'>Ita</span> <span class='ocrx_word' id='word_1_124' title='bbox 186 2064 300 2117; x_wconf 81' lang='lat' dir='ltr'>apud</span> <span class='ocrx_word' id='word_1_125' title='bbox 333 2062 473 2104; x_wconf 80' lang='lat' dir='ltr'>omnis</span> <span class='ocrx_word' id='word_1_126' title='bbox 507 2061 753 2115; x_wconf 84' lang='lat' dir='ltr'>conparebo</span> <span class='ocrx_word' id='word_1_127' title='bbox 786 2060 867 2101; x_wconf 88' lang='lat' dir='ltr'>tibi</span> <span class='ocrx_word' id='word_1_128' title='bbox 899 2074 968 2101; x_wconf 83' lang='lat' dir='ltr'>res</span> <span class='ocrx_word' id='word_1_129' title='bbox 1001 2059 1238 2100; x_wconf 82' lang='lat' dir='ltr'>benefactis</span> <span class='ocrx_word' id='word_1_130' title='bbox 1270 2059 1488 2112; x_wconf 83' lang='lat' dir='ltr'>frequens.</span> 
     </span>
     <span class='ocr_line' id='line_1_24' title="bbox 88 2132 1410 2190; baseline -0.005 -12"><span class='ocrx_word' id='word_1_131' title='bbox 88 2138 262 2190; x_wconf 85' lang='lat' dir='ltr'>Opusne</span> <span class='ocrx_word' id='word_1_132' title='bbox 294 2137 378 2178; x_wconf 85' lang='lat' dir='ltr'>erit</span> <span class='ocrx_word' id='word_1_133' title='bbox 408 2134 487 2176; x_wconf 90' lang='lat' dir='ltr'>tibi</span> <span class='ocrx_word' id='word_1_134' title='bbox 520 2134 735 2176; x_wconf 82' lang='lat' dir='ltr'>aduocato</span> <span class='ocrx_word' id='word_1_135' title='bbox 769 2134 896 2178; x_wconf 86' lang='lat' dir='ltr'>tristi,</span> <span class='ocrx_word' id='word_1_136' title='bbox 930 2132 1168 2174; x_wconf 78' lang='lat' dir='ltr'>iracundo?</span> <span class='ocrx_word' id='word_1_137' title='bbox 1201 2145 1298 2173; x_wconf 85' lang='lat' dir='ltr'>ecce</span> <span class='ocrx_word' id='word_1_138' title='bbox 1331 2146 1410 2172; x_wconf 91' lang='lat' dir='ltr'>me.</span> 
     </span>
    </p>
   </div>
   <div class='ocr_carea' id='block_1_8' title="bbox 88 2256 1552 2874">
    <p class='ocr_par' dir='ltr' id='par_1_14' title="bbox 177 2256 1547 2302">
     <span class='ocr_line' id='line_1_25' title="bbox 177 2256 1547 2302; baseline -0.004 -7"><span class='ocrx_word' id='word_1_139' title='bbox 177 2262 244 2295; x_wconf 87' lang='grc'>650</span> <span class='ocrx_word' id='word_1_140' title='bbox 268 2260 408 2295; x_wconf 81' lang='lat' dir='ltr'>semine</span> <span class='ocrx_word' id='word_1_141' title='bbox 422 2259 466 2302; x_wconf 99' lang='grc' dir='ltr'>Β,</span> <span class='ocrx_word' id='word_1_142' title='bbox 488 2260 708 2293; x_wconf 82' lang='lat' dir='ltr'>semisemne</span> <span class='ocrx_word' id='word_1_143' title='bbox 726 2257 755 2293; x_wconf 88' lang='lat' dir='ltr'><strong><em>C</em></strong></span> <span class='ocrx_word' id='word_1_144' title='bbox 843 2261 1073 2292; x_wconf 83' lang='lat' dir='ltr'>memoratur</span> <span class='ocrx_word' id='word_1_145' title='bbox 1091 2257 1164 2291; x_wconf 78' lang='lat' dir='ltr'>tuis</span> <span class='ocrx_word' id='word_1_146' title='bbox 1257 2257 1323 2291; x_wconf 83' lang='lat'>651</span> <span class='ocrx_word' id='word_1_147' title='bbox 1350 2256 1547 2290; x_wconf 83' lang='lat' dir='ltr'>aeduotum</span> 
     </span>
    </p>

    <p class='ocr_par' dir='ltr' id='par_1_15' title="bbox 88 2314 1552 2703">
     <span class='ocr_line' id='line_1_26' title="bbox 177 2314 1462 2362; baseline -0.004 -10"><span class='ocrx_word' id='word_1_148' title='bbox 177 2319 245 2353; x_wconf 84' lang='lat'>652</span> <span class='ocrx_word' id='word_1_149' title='bbox 268 2316 493 2362; x_wconf 84' lang='lat' dir='ltr'>praedicabo</span> <span class='ocrx_word' id='word_1_150' title='bbox 588 2320 762 2350; x_wconf 81' lang='lat' dir='ltr'>uenustas</span> <span class='ocrx_word' id='word_1_151' title='bbox 787 2314 822 2349; x_wconf 93' lang='lat' dir='ltr'><em>B</em></span> <span class='ocrx_word' id='word_1_152' title='bbox 915 2315 980 2349; x_wconf 89' lang='lat'>653</span> <span class='ocrx_word' id='word_1_153' title='bbox 1006 2326 1075 2359; x_wconf 88' lang='lat' dir='ltr'>ego</span> <span class='ocrx_word' id='word_1_154' title='bbox 1101 2325 1276 2358; x_wconf 86' lang='lat' dir='ltr'>umquam</span> <span class='ocrx_word' id='word_1_155' title='bbox 1303 2314 1462 2348; x_wconf 84' lang='lat' dir='ltr'>alienum</span> 
     </span>
     <span class='ocr_line' id='line_1_27' title="bbox 88 2369 1547 2419; baseline -0.005 -8"><span class='ocrx_word' id='word_1_156' title='bbox 88 2376 156 2411; x_wconf 80' lang='lat' dir='ltr'>sub</span> <span class='ocrx_word' id='word_1_157' title='bbox 189 2376 307 2419; x_wconf 75' lang='lat' dir='ltr'>digito</span> <span class='ocrx_word' id='word_1_158' title='bbox 338 2386 420 2409; x_wconf 85' lang='lat' dir='ltr'>meo</span> <span class='ocrx_word' id='word_1_159' title='bbox 455 2374 600 2409; x_wconf 73' lang='lat' dir='ltr'>couiuio</span> <span class='ocrx_word' id='word_1_160' title='bbox 627 2372 673 2416; x_wconf 89' lang='lat' dir='ltr'>B,</span> <span class='ocrx_word' id='word_1_161' title='bbox 706 2373 870 2416; x_wconf 82' lang='lat' dir='ltr'>subigito</span> <span class='ocrx_word' id='word_1_162' title='bbox 902 2373 979 2407; x_wconf 90' lang='lat' dir='ltr'>min</span> <span class='ocrx_word' id='word_1_163' title='bbox 1005 2372 1218 2407; x_wconf 84' lang='lat' dir='ltr'>conuiuium</span> <span class='ocrx_word' id='word_1_164' title='bbox 1248 2371 1275 2405; x_wconf 81' lang='lat' dir='ltr'><strong><em>C</em></strong></span> <span class='ocrx_word' id='word_1_165' title='bbox 1363 2372 1431 2405; x_wconf 85' lang='lat'>654</span> <span class='ocrx_word' id='word_1_166' title='bbox 1456 2369 1547 2404; x_wconf 82' lang='lat' dir='ltr'>Nae-</span> 
     </span>
     <span class='ocr_line' id='line_1_28' title="bbox 88 2427 1548 2478; baseline -0.004 -10"><span class='ocrx_word' id='word_1_167' title='bbox 88 2445 159 2478; x_wconf 87' lang='lat' dir='ltr'>que</span> <span class='ocrx_word' id='word_1_168' title='bbox 185 2433 214 2467; x_wconf 87' lang='lat' dir='ltr'><em>C</em></span> <span class='ocrx_word' id='word_1_169' title='bbox 304 2432 533 2476; x_wconf 86' lang='lat' dir='ltr'>pulmentum</span> <span class='ocrx_word' id='word_1_170' title='bbox 561 2430 607 2473; x_wconf 88' lang='lat' dir='ltr'>B,</span> <span class='ocrx_word' id='word_1_171' title='bbox 634 2430 961 2475; x_wconf 79' lang='lat' dir='ltr'>pulpamaenthum</span> <span class='ocrx_word' id='word_1_172' title='bbox 989 2429 1017 2464; x_wconf 82' lang='lat' dir='ltr'><strong><em>C</em></strong></span> <span class='ocrx_word' id='word_1_173' title='bbox 1109 2432 1288 2472; x_wconf 86' lang='lat' dir='ltr'>peruorto</span> <span class='ocrx_word' id='word_1_174' title='bbox 1316 2427 1344 2463; x_wconf 81' lang='grc' dir='ltr'><em>Ο</em></span> <span class='ocrx_word' id='word_1_175' title='bbox 1434 2439 1548 2472; x_wconf 90' lang='lat' dir='ltr'>copu-</span> 
     </span>
     <span class='ocr_line' id='line_1_29' title="bbox 89 2484 1458 2524; baseline -0.004 0"><span class='ocrx_word' id='word_1_176' title='bbox 89 2490 163 2524; x_wconf 87' lang='lat' dir='ltr'>lum</span> <span class='ocrx_word' id='word_1_177' title='bbox 255 2490 323 2524; x_wconf 83' lang='lat'>655</span> <span class='ocrx_word' id='word_1_178' title='bbox 346 2501 428 2523; x_wconf 84' lang='lat' dir='ltr'>mea</span> <span class='ocrx_word' id='word_1_179' title='bbox 521 2489 558 2522; x_wconf 91' lang='lat' dir='ltr'>in</span> <span class='ocrx_word' id='word_1_180' title='bbox 585 2498 641 2523; x_wconf 87' lang='lat' dir='ltr'>om</span> <span class='ocrx_word' id='word_1_181' title='bbox 678 2486 714 2521; x_wconf 94' lang='lat' dir='ltr'><strong><em>B</em></strong></span> <span class='ocrx_word' id='word_1_182' title='bbox 805 2488 872 2522; x_wconf 85' lang='lat'>656</span> <span class='ocrx_word' id='word_1_183' title='bbox 897 2488 967 2522; x_wconf 86' lang='lat' dir='ltr'>sibi</span> <span class='ocrx_word' id='word_1_184' title='bbox 995 2487 1145 2522; x_wconf 79' lang='lat' dir='ltr'>odiosus</span> <span class='ocrx_word' id='word_1_185' title='bbox 1171 2492 1190 2521; x_wconf 74' lang='lat' dir='ltr'>e</span> <span class='ocrx_word' id='word_1_186' title='bbox 1210 2484 1246 2519; x_wconf 90' lang='lat' dir='ltr'><em>B</em></span> <span class='ocrx_word' id='word_1_187' title='bbox 1338 2485 1458 2519; x_wconf 85' lang='lat' dir='ltr'>habeo</span> 
     </span>
     <span class='ocr_line' id='line_1_30' title="bbox 89 2541 1480 2589; baseline -0.005 -7"><span class='ocrx_word' id='word_1_188' title='bbox 89 2553 233 2583; x_wconf 77' lang='lat' dir='ltr'>secreto</span> <span class='ocrx_word' id='word_1_189' title='bbox 258 2546 294 2582; x_wconf 94' lang='lat' dir='ltr'><em>B</em></span> <span class='ocrx_word' id='word_1_190' title='bbox 385 2547 452 2581; x_wconf 84' lang='lat'>657</span> <span class='ocrx_word' id='word_1_191' title='bbox 477 2553 605 2581; x_wconf 59' lang='lat' dir='ltr'>amore</span> <span class='ocrx_word' id='word_1_192' title='bbox 698 2546 940 2579; x_wconf 82' lang='lat' dir='ltr'>amonitatem</span> <span class='ocrx_word' id='word_1_193' title='bbox 960 2555 1043 2589; x_wconf 85' lang='lat' dir='ltr'>qnae</span> <span class='ocrx_word' id='word_1_194' title='bbox 1065 2544 1222 2578; x_wconf 81' lang='lat' dir='ltr'>accubas</span> <span class='ocrx_word' id='word_1_195' title='bbox 1316 2543 1383 2576; x_wconf 85' lang='lat'>658</span> <span class='ocrx_word' id='word_1_196' title='bbox 1406 2541 1480 2576; x_wconf 79' lang='grc' dir='ltr'>ΡΑ.</span> 
     </span>
     <span class='ocr_line' id='line_1_31' title="bbox 89 2598 1548 2646; baseline -0.005 -7"><span class='ocrx_word' id='word_1_197' title='bbox 89 2605 203 2639; x_wconf 77' lang='lat' dir='ltr'>moris</span> <span class='ocrx_word' id='word_1_198' title='bbox 298 2608 492 2638; x_wconf 80' lang='lat' dir='ltr'>uenustate</span> <span class='ocrx_word' id='word_1_199' title='bbox 509 2602 538 2638; x_wconf 84' lang='lat' dir='ltr'><strong><em>G</em></strong></span> <span class='ocrx_word' id='word_1_200' title='bbox 627 2607 735 2637; x_wconf 78' lang='lat' dir='ltr'>uacet</span> <span class='ocrx_word' id='word_1_201' title='bbox 748 2601 794 2646; x_wconf 89' lang='grc' dir='ltr'>Β,</span> <span class='ocrx_word' id='word_1_202' title='bbox 820 2603 921 2637; x_wconf 88' lang='lat' dir='ltr'>uicet</span> <span class='ocrx_word' id='word_1_203' title='bbox 943 2601 972 2637; x_wconf 83' lang='lat'><em>0</em></span> <span class='ocrx_word' id='word_1_204' title='bbox 1060 2602 1128 2636; x_wconf 80' lang='lat'>659</span> <span class='ocrx_word' id='word_1_205' title='bbox 1152 2599 1224 2642; x_wconf 70' lang='grc' dir='ltr'>ΡΑ.</span> <span class='ocrx_word' id='word_1_206' title='bbox 1249 2610 1314 2634; x_wconf 85' lang='lat' dir='ltr'>om.</span> <span class='ocrx_word' id='word_1_207' title='bbox 1409 2598 1548 2633; x_wconf 83' lang='lat' dir='ltr'>Ceteris</span> 
     </span>
     <span class='ocr_line' id='line_1_32' title="bbox 90 2655 1552 2703; baseline -0.005 -7"><span class='ocrx_word' id='word_1_208' title='bbox 90 2662 178 2696; x_wconf 89' lang='lat' dir='ltr'>mihi</span> <span class='ocrx_word' id='word_1_209' title='bbox 203 2661 239 2696; x_wconf 90' lang='grc' dir='ltr'><em>Β</em></span> <span class='ocrx_word' id='word_1_210' title='bbox 331 2660 546 2695; x_wconf 81' lang='lat' dir='ltr'>hominibus</span> <span class='ocrx_word' id='word_1_211' title='bbox 570 2660 614 2703; x_wconf 90' lang='grc' dir='ltr'>Β,</span> <span class='ocrx_word' id='word_1_212' title='bbox 640 2660 802 2695; x_wconf 87' lang='lat' dir='ltr'>hominis</span> <span class='ocrx_word' id='word_1_213' title='bbox 828 2659 856 2694; x_wconf 84' lang='lat' dir='ltr'>C</span> <span class='ocrx_word' id='word_1_214' title='bbox 954 2663 1148 2694; x_wconf 69' lang='lat' dir='ltr'>contractu</span> <span class='ocrx_word' id='word_1_215' title='bbox 1173 2656 1218 2699; x_wconf 83' lang='grc' dir='ltr'>Β,</span> <span class='ocrx_word' id='word_1_216' title='bbox 1245 2660 1496 2691; x_wconf 86' lang='lat' dir='ltr'>contramtum</span> <span class='ocrx_word' id='word_1_217' title='bbox 1523 2655 1552 2690; x_wconf 85' lang='grc' dir='ltr'>Ο</span> 
     </span>
    </p>

    <p class='ocr_par' dir='ltr' id='par_1_16' title="bbox 91 2713 1548 2874">
     <span class='ocr_line' id='line_1_33' title="bbox 180 2713 1548 2762; baseline -0.004 -9"><span class='ocrx_word' id='word_1_218' title='bbox 180 2719 288 2754; x_wconf 74' lang='lat' dir='ltr'>histis</span> <span class='ocrx_word' id='word_1_219' title='bbox 382 2720 445 2753; x_wconf 78' lang='lat'>661</span> <span class='ocrx_word' id='word_1_220' title='bbox 473 2718 590 2761; x_wconf 80' lang='lat' dir='ltr'>magis</span> <span class='ocrx_word' id='word_1_221' title='bbox 617 2718 664 2762; x_wconf 90' lang='lat' dir='ltr'>qd</span> <span class='ocrx_word' id='word_1_222' title='bbox 692 2718 831 2752; x_wconf 78' lang='lat' dir='ltr'>amicus</span> <span class='ocrx_word' id='word_1_223' title='bbox 858 2717 994 2751; x_wconf 81' lang='lat' dir='ltr'>amicos</span> <span class='ocrx_word' id='word_1_224' title='bbox 1021 2717 1095 2750; x_wconf 78' lang='lat' dir='ltr'>sint</span> <span class='ocrx_word' id='word_1_225' title='bbox 1120 2715 1239 2759; x_wconf 77' lang='lat' dir='ltr'>magis</span> <span class='ocrx_word' id='word_1_226' title='bbox 1339 2715 1406 2748; x_wconf 83' lang='lat'>662</span> <span class='ocrx_word' id='word_1_227' title='bbox 1430 2713 1548 2748; x_wconf 79' lang='lat' dir='ltr'>fatear</span> 
     </span>
     <span class='ocr_line' id='line_1_34' title="bbox 91 2769 1548 2820; baseline -0.005 -8"><span class='ocrx_word' id='word_1_228' title='bbox 91 2782 128 2812; x_wconf 88' lang='lat' dir='ltr'>et</span> <span class='ocrx_word' id='word_1_229' title='bbox 221 2776 458 2811; x_wconf 79' lang='lat' dir='ltr'>adulescente</span> <span class='ocrx_word' id='word_1_230' title='bbox 473 2775 500 2809; x_wconf 84' lang='lat' dir='ltr'><strong><em>C</em></strong></span> <span class='ocrx_word' id='word_1_231' title='bbox 590 2775 658 2809; x_wconf 88' lang='lat'>663</span> <span class='ocrx_word' id='word_1_232' title='bbox 682 2775 893 2820; x_wconf 74' lang='lat' dir='ltr'>conparabo</span> <span class='ocrx_word' id='word_1_233' title='bbox 908 2773 944 2808; x_wconf 90' lang='lat' dir='ltr'>B</span> <span class='ocrx_word' id='word_1_234' title='bbox 1038 2775 1135 2807; x_wconf 84' lang='lat' dir='ltr'>bona</span> <span class='ocrx_word' id='word_1_235' title='bbox 1159 2772 1268 2806; x_wconf 75' lang='lat' dir='ltr'>factis</span> <span class='ocrx_word' id='word_1_236' title='bbox 1362 2772 1428 2806; x_wconf 83' lang='lat'>664</span> <span class='ocrx_word' id='word_1_237' title='bbox 1447 2769 1548 2814; x_wconf 70' lang='lat' dir='ltr'>Opus</span> 
     </span>
     <span class='ocr_line' id='line_1_35' title="bbox 91 2829 1086 2874; baseline -0.005 -5"><span class='ocrx_word' id='word_1_238' title='bbox 91 2846 159 2869; x_wconf 87' lang='lat' dir='ltr'>nec</span> <span class='ocrx_word' id='word_1_239' title='bbox 182 2834 217 2868; x_wconf 91' lang='lat' dir='ltr'><em>B</em></span> <span class='ocrx_word' id='word_1_240' title='bbox 309 2834 376 2868; x_wconf 76' lang='lat' dir='ltr'>tria</span> <span class='ocrx_word' id='word_1_241' title='bbox 402 2831 614 2867; x_wconf 79' lang='lat' dir='ltr'>stiracundo</span> <span class='ocrx_word' id='word_1_242' title='bbox 640 2831 684 2874; x_wconf 88' lang='grc' dir='ltr'>Β,</span> <span class='ocrx_word' id='word_1_243' title='bbox 709 2832 778 2866; x_wconf 78' lang='lat' dir='ltr'>tris</span> <span class='ocrx_word' id='word_1_244' title='bbox 803 2832 884 2866; x_wconf 81' lang='lat' dir='ltr'>fura</span> <span class='ocrx_word' id='word_1_245' title='bbox 909 2830 1031 2865; x_wconf 86' lang='lat' dir='ltr'>cundo</span> <span class='ocrx_word' id='word_1_246' title='bbox 1059 2829 1086 2864; x_wconf 90' lang='lat' dir='ltr'><strong><em>C</em></strong></span> 
     </span>
    </p>
   </div>
  </div>
 </body>
</html>
