1963 3243
156 226 198 268 V,
222 228 253 266 2.
277 227 411 261 40—47
781 226 977 260 Mercator.
1529 226 1608 264 293

752 352 1017 394 Charinus

157 425 417 478 Religionem
451 425 541 466 illic
573 426 630 466 me'
661 425 841 475 obiecit3
875 425 1078 478 recipiam
1113 439 1177 465 me
1211 424 1323 465 illuc.

743 527 1017 581 Eutychus

1339 585 1477 636 Sapis.

154 657 188 699 O
213 657 411 701 Charine.
437 665 590 700 contra
615 659 779 712 pariter
803 657 867 698 fer
893 657 1075 710 gradum
1101 663 1144 698 et
1170 657 1316 699 confer
1344 656 1508 710 pedem.
1541 668 1609 701 870

154 729 328 783 Porrige
361 729 597 772 brachium.

753 809 819 851 Ch
831 810 1012 850 cirinus

624 882 861 924 Prebeude.
924 881 1015 923 Iam
1048 882 1198 923 tenes?

736 984 1011 1039 Eutychus

1238 1041 1394 1083 Teneo.

746 1121 1012 1164 Charinus

1441 1178 1568 1220 Tene.

738 1261 1014 1315 Eutychus

152 1331 246 1382 Quo
277 1346 390 1374 nunc
421 1333 516 1375 ibas
527 1334 547 1374 ?

745 1413 776 1455 C
788 1414 1012 1455 barinus

553 1487 825 1529 Exsulatum.

736 1589 1012 1644 Eutychus

824 1662 936 1713 Quid
967 1662 1026 1704 ibi
1056 1664 1105 1704 ut
1132 1661 1330 1705 faceres?

742 1764 979 1807 Chariuu
992 1780 1010 1807 s

1302 1822 1427 1873 Quod
1460 1824 1600 1864 miser.

735 1903 1010 1957 Eutychus

147 1973 208 2015 Ne
241 1989 369 2028 paue;
399 1977 629 2017 restituam
660 1977 745 2017 iam
780 1990 858 2030 ego
883 1983 939 2028 te,
972 1977 1015 2017 in
1042 1975 1199 2029 gaudio
1225 1976 1404 2028 antiquo
1432 1981 1480 2016 ut
1504 1975 1600 2016 sies.

148 2045 345 2089 Maxume
377 2048 492 2102 quod
525 2049 593 2089 uis
626 2048 791 2099 audire,
824 2048 868 2089 id
901 2048 1071 2100 audies;
1105 2048 1221 2102 quod
1252 2047 1457 2101 gaudeas,

147 2117 344 2160 Studiose
375 2120 604 2172 adportans
635 2122 799 2163 amicus
832 2122 958 2162 uenio
991 2121 1173 2162 multum
1206 2119 1484 2162 beneuolens.
1535 2131 1602 2163 375

145 2188 277 2231 Tuam
311 2194 492 2234 amicam

743 2272 938 2315 Charin
951 2288 1007 2315 us

550 2345 663 2395 Quid
697 2347 821 2388 eam?

732 2449 1008 2504 Eutychus

817 2521 902 2564 Ubi
935 2523 1004 2573 sit,
1036 2535 1114 2575 ego
1146 2523 1247 2563 scic·

232 2633 298 2667 869
321 2633 375 2668 illi
403 2633 433 2669 C
520 2636 571 2669 mi
585 2646 650 2670 om.
745 2637 813 2670 870
838 2636 966 2678 garine
1058 2637 1122 2670 871
1152 2634 1343 2669 brachium
1370 2634 1510 2678 prende

146 2687 219 2724 CH.
243 2694 360 2726 teneo.
388 2691 460 2728 ΕΠ.
487 2697 574 2727 tene
672 2694 740 2727 872
764 2691 871 2736 Quod
972 2693 1106 2737 quitibi
1132 2692 1160 2726 G
1251 2696 1292 2726 ut
1317 2702 1382 2726 om.
1477 2691 1599 2726 facere

145 2745 202 2780 uio
224 2746 270 2790 B,
295 2747 395 2782 facer
419 2749 476 2784 his
504 2749 534 2784 C'
634 2750 746 2784 miser
771 2757 805 2784 st
831 2749 859 2785 O
961 2752 1027 2784 873
1054 2749 1286 2794 gaudiantiq’
1301 2748 1338 2789 C,
1361 2748 1550 2793 gaudiant'
1565 2748 1600 2782 B

233 2805 283 2838 niu
387 2807 455 2841 874
478 2806 516 2840 id
542 2805 659 2841 om.B
753 2808 858 2842 audis
951 2809 1017 2841 875
1045 2806 1177 2840 Studio
1204 2807 1344 2840 amicus
1365 2811 1403 2840 at
1425 2806 1532 2840 uenio
1562 2805 1596 2846 G,

147 2860 211 2898 Sta
234 2861 317 2897 ilico
340 2864 477 2898 amicus
503 2871 540 2897 at
566 2864 675 2897 uenio
700 2863 736 2897 B
831 2865 923 2899 bene
950 2864 1052 2899 uoles
