<?xml version="1.0" encoding="UTF-8"?>
<!DOCTYPE html PUBLIC "-//W3C//DTD XHTML 1.0 Transitional//EN"
    "http://www.w3.org/TR/xhtml1/DTD/xhtml1-transitional.dtd">
<html xmlns="http://www.w3.org/1999/xhtml" xml:lang="en" lang="en">
 <head>
  <title>
</title>
<meta http-equiv="Content-Type" content="text/html;charset=utf-8" />
  <meta name='ocr-system' content='tesseract 3.04.00' />
  <meta name='ocr-capabilities' content='ocr_page ocr_carea ocr_par ocr_line ocrx_word'/>
</head>
<body>
  <div class='ocr_page' id='page_1' title='image "./comoediaerecensu04plauuoft_0334.png"; bbox 0 0 1963 3243; ppageno 0'>
   <div class='ocr_carea' id='block_1_1' title="bbox 323 199 1141 242">
    <p class='ocr_par' dir='ltr' id='par_1_1' title="bbox 323 199 1141 242">
     <span class='ocr_line' id='line_1_1' title="bbox 323 199 1141 242; baseline -0.01 0"><span class='ocrx_word' id='word_1_1' title='bbox 323 203 403 242; x_wconf 78' lang='lat'>328</span> <span class='ocrx_word' id='word_1_2' title='bbox 947 199 1141 235; x_wconf 80' lang='lat' dir='ltr'>Mercator.</span> 
     </span>
    </p>
   </div>
   <div class='ocr_carea' id='block_1_2' title="bbox 321 329 1797 2835">
    <p class='ocr_par' dir='ltr' id='par_1_2' title="bbox 321 329 1779 1059">
     <span class='ocr_line' id='line_1_2' title="bbox 321 329 1773 380; baseline 0.001 -12"><span class='ocrx_word' id='word_1_3' title='bbox 321 331 380 369; x_wconf 90' lang='lat' dir='ltr'>De</span> <span class='ocrx_word' id='word_1_4' title='bbox 413 331 600 368; x_wconf 85' lang='lat' dir='ltr'>adverbio</span> <span class='ocrx_word' id='word_1_5' title='bbox 629 343 702 379; x_wconf 86' lang='lat' dir='ltr'>pro</span> <span class='ocrx_word' id='word_1_6' title='bbox 735 329 927 367; x_wconf 82' lang='lat' dir='ltr'>adiectivo</span> <span class='ocrx_word' id='word_1_7' title='bbox 958 343 993 367; x_wconf 88' lang='lat' dir='ltr'>v.</span> <span class='ocrx_word' id='word_1_8' title='bbox 1027 330 1074 367; x_wconf 84' lang='lat' dir='ltr'>ad</span> <span class='ocrx_word' id='word_1_9' title='bbox 1106 331 1247 380; x_wconf 89' lang='lat' dir='ltr'><strong>Amph.</strong></span> <span class='ocrx_word' id='word_1_10' title='bbox 1282 331 1358 368; x_wconf 99' lang='lat'>571</span> <span class='ocrx_word' id='word_1_11' title='bbox 1386 335 1426 369; x_wconf 89' lang='lat' dir='ltr'>et</span> <span class='ocrx_word' id='word_1_12' title='bbox 1448 331 1494 368; x_wconf 82' lang='lat' dir='ltr'>ad</span> <span class='ocrx_word' id='word_1_13' title='bbox 1521 332 1661 370; x_wconf 88' lang='lat' dir='ltr'>Pseud.</span> <span class='ocrx_word' id='word_1_14' title='bbox 1681 333 1773 370; x_wconf 92' lang='lat'>802.</span> 
     </span>
     <span class='ocr_line' id='line_1_3' title="bbox 322 397 1776 450; baseline 0.002 -15"><span class='ocrx_word' id='word_1_15' title='bbox 322 399 424 437; x_wconf 83' lang='lat' dir='ltr'>infra</span> <span class='ocrx_word' id='word_1_16' title='bbox 468 399 559 437; x_wconf 88' lang='lat'>386.</span> <span class='ocrx_word' id='word_1_17' title='bbox 619 397 721 435; x_wconf 92' lang='lat' dir='ltr'>Rud.</span> <span class='ocrx_word' id='word_1_18' title='bbox 765 399 883 436; x_wconf 91' lang='lat'>1086.</span> <span class='ocrx_word' id='word_1_19' title='bbox 915 417 969 423; x_wconf 89' lang='lat'>—</span> <span class='ocrx_word' id='word_1_20' title='bbox 1002 399 1094 436; x_wconf 85' lang='lat'>349.</span> <span class='ocrx_word' id='word_1_21' title='bbox 1133 397 1172 436; x_wconf 88' lang='lat' dir='ltr'>A</span> <span class='ocrx_word' id='word_1_22' title='bbox 1211 411 1267 436; x_wconf 79' lang='lat' dir='ltr'>me</span> <span class='ocrx_word' id='word_1_23' title='bbox 1306 400 1445 450; x_wconf 85' lang='lat' dir='ltr'>scripsi</span> <span class='ocrx_word' id='word_1_24' title='bbox 1474 413 1547 449; x_wconf 87' lang='lat' dir='ltr'>pro</span> <span class='ocrx_word' id='word_1_25' title='bbox 1582 399 1776 450; x_wconf 74' lang='lat' dir='ltr'>„Atque⁴‘.</span> 
     </span>
     <span class='ocr_line' id='line_1_4' title="bbox 321 463 1776 517; baseline 0 -12"><span class='ocrx_word' id='word_1_26' title='bbox 321 467 367 505; x_wconf 85' lang='lat' dir='ltr'>R.</span> <span class='ocrx_word' id='word_1_27' title='bbox 401 470 491 504; x_wconf 86' lang='lat' dir='ltr'>ante</span> <span class='ocrx_word' id='word_1_28' title='bbox 526 463 707 516; x_wconf 85' lang='lat' dir='ltr'>„Atque“</span> <span class='ocrx_word' id='word_1_29' title='bbox 743 466 934 503; x_wconf 84' lang='lat' dir='ltr'>excidisse</span> <span class='ocrx_word' id='word_1_30' title='bbox 973 479 1130 504; x_wconf 89' lang='lat' dir='ltr'>versum</span> <span class='ocrx_word' id='word_1_31' title='bbox 1168 467 1336 517; x_wconf 82' lang='lat' dir='ltr'>putabat</span> <span class='ocrx_word' id='word_1_32' title='bbox 1364 468 1483 505; x_wconf 86' lang='lat' dir='ltr'>talem</span> <span class='ocrx_word' id='word_1_33' title='bbox 1520 468 1660 515; x_wconf 80' lang='lat' dir='ltr'>„Malis</span> <span class='ocrx_word' id='word_1_34' title='bbox 1690 481 1776 505; x_wconf 89' lang='lat' dir='ltr'>uer-</span> 
     </span>
     <span class='ocr_line' id='line_1_5' title="bbox 321 532 1775 584; baseline 0 -12"><span class='ocrx_word' id='word_1_35' title='bbox 321 534 382 572; x_wconf 92' lang='lat' dir='ltr'>bis</span> <span class='ocrx_word' id='word_1_36' title='bbox 414 534 549 572; x_wconf 86' lang='lat' dir='ltr'>multis</span> <span class='ocrx_word' id='word_1_37' title='bbox 580 534 745 571; x_wconf 89' lang='lat' dir='ltr'>multum</span> <span class='ocrx_word' id='word_1_38' title='bbox 778 534 978 582; x_wconf 87' lang='lat' dir='ltr'>obiuriget</span> <span class='ocrx_word' id='word_1_39' title='bbox 1009 532 1110 573; x_wconf 90' lang='lat' dir='ltr'>me“.</span> <span class='ocrx_word' id='word_1_40' title='bbox 1142 555 1193 560; x_wconf 96' lang='lat'><strong>—</strong></span> <span class='ocrx_word' id='word_1_41' title='bbox 1229 536 1322 574; x_wconf 86' lang='lat'>350.</span> <span class='ocrx_word' id='word_1_42' title='bbox 1354 536 1472 580; x_wconf 81' lang='lat' dir='ltr'>domo,</span> <span class='ocrx_word' id='word_1_43' title='bbox 1499 549 1534 573; x_wconf 91' lang='lat' dir='ltr'>v.</span> <span class='ocrx_word' id='word_1_44' title='bbox 1562 535 1610 572; x_wconf 83' lang='lat' dir='ltr'>ad</span> <span class='ocrx_word' id='word_1_45' title='bbox 1634 534 1775 584; x_wconf 88' lang='lat' dir='ltr'><strong>Amph.</strong></span> 
     </span>
     <span class='ocr_line' id='line_1_6' title="bbox 324 600 1775 653; baseline -0.001 -12"><span class='ocrx_word' id='word_1_46' title='bbox 324 604 417 641; x_wconf 88' lang='lat'>631.</span> <span class='ocrx_word' id='word_1_47' title='bbox 450 621 504 628; x_wconf 94' lang='lat'><strong>—</strong></span> <span class='ocrx_word' id='word_1_48' title='bbox 534 603 617 640; x_wconf 71' lang='lat' dir='ltr'>dico</span> <span class='ocrx_word' id='word_1_49' title='bbox 654 615 727 652; x_wconf 89' lang='lat' dir='ltr'>pro</span> <span class='ocrx_word' id='word_1_50' title='bbox 771 600 943 650; x_wconf 85' lang='lat' dir='ltr'>„igitur“</span> <span class='ocrx_word' id='word_1_51' title='bbox 985 602 1159 641; x_wconf 88' lang='lat' dir='ltr'>Studem.</span> <span class='ocrx_word' id='word_1_52' title='bbox 1201 603 1313 641; x_wconf 80' lang='lat' dir='ltr'>Stud.</span> <span class='ocrx_word' id='word_1_53' title='bbox 1353 604 1381 640; x_wconf 90' lang='lat' dir='ltr'>I.</span> <span class='ocrx_word' id='word_1_54' title='bbox 1421 617 1459 653; x_wconf 91' lang='lat' dir='ltr'>p.</span> <span class='ocrx_word' id='word_1_55' title='bbox 1501 605 1565 642; x_wconf 88' lang='lat'>85.</span> <span class='ocrx_word' id='word_1_56' title='bbox 1595 623 1649 628; x_wconf 95' lang='lat'><strong>—</strong></span> <span class='ocrx_word' id='word_1_57' title='bbox 1682 604 1775 641; x_wconf 88' lang='lat'>351.</span> 
     </span>
     <span class='ocr_line' id='line_1_7' title="bbox 323 670 1777 719; baseline -0.001 -11"><span class='ocrx_word' id='word_1_58' title='bbox 323 671 508 708; x_wconf 80' lang='lat' dir='ltr'><strong>Imitatur</strong></span> <span class='ocrx_word' id='word_1_59' title='bbox 538 670 737 707; x_wconf 77' lang='lat' dir='ltr'><strong>Martialis</strong></span> <span class='ocrx_word' id='word_1_60' title='bbox 768 670 835 718; x_wconf 93' lang='lat' dir='ltr'>IX,</span> <span class='ocrx_word' id='word_1_61' title='bbox 869 672 934 717; x_wconf 90' lang='lat'>21,</span> <span class='ocrx_word' id='word_1_62' title='bbox 967 672 1013 709; x_wconf 88' lang='lat'>4:</span> <span class='ocrx_word' id='word_1_63' title='bbox 1051 672 1350 719; x_wconf 78' lang='lat' dir='ltr'>„Artemidorus</span> <span class='ocrx_word' id='word_1_64' title='bbox 1382 675 1497 719; x_wconf 81' lang='lat' dir='ltr'>amat,</span> <span class='ocrx_word' id='word_1_65' title='bbox 1530 670 1777 708; x_wconf 80' lang='lat' dir='ltr'>Calliodorus</span> 
     </span>
     <span class='ocr_line' id='line_1_8' title="bbox 323 736 1779 778; baseline 0.001 -2"><span class='ocrx_word' id='word_1_66' title='bbox 323 736 451 777; x_wconf 81' lang='lat' dir='ltr'>arat“.</span> <span class='ocrx_word' id='word_1_67' title='bbox 513 737 680 776; x_wconf 86' lang='lat' dir='ltr'><strong>Mueller</strong></span> <span class='ocrx_word' id='word_1_68' title='bbox 726 742 765 776; x_wconf 89' lang='lat' dir='ltr'>et</span> <span class='ocrx_word' id='word_1_69' title='bbox 805 739 908 777; x_wconf 92' lang='lat' dir='ltr'>hunc</span> <span class='ocrx_word' id='word_1_70' title='bbox 952 754 987 778; x_wconf 89' lang='lat' dir='ltr'>v.</span> <span class='ocrx_word' id='word_1_71' title='bbox 1035 743 1074 777; x_wconf 87' lang='lat' dir='ltr'>et</span> <span class='ocrx_word' id='word_1_72' title='bbox 1120 740 1200 778; x_wconf 92' lang='lat'>354</span> <span class='ocrx_word' id='word_1_73' title='bbox 1247 739 1470 777; x_wconf 85' lang='lat' dir='ltr'>damnabat.</span> <span class='ocrx_word' id='word_1_74' title='bbox 1502 758 1557 764; x_wconf 92' lang='lat'>-—</span> <span class='ocrx_word' id='word_1_75' title='bbox 1591 741 1681 777; x_wconf 87' lang='lat'>352.</span> <span class='ocrx_word' id='word_1_76' title='bbox 1721 750 1779 776; x_wconf 87' lang='lat' dir='ltr'>me</span> 
     </span>
     <span class='ocr_line' id='line_1_9' title="bbox 323 806 1776 858; baseline 0.001 -15"><span class='ocrx_word' id='word_1_77' title='bbox 323 806 413 845; x_wconf 86' lang='lat' dir='ltr'>add.</span> <span class='ocrx_word' id='word_1_78' title='bbox 454 806 500 845; x_wconf 89' lang='lat' dir='ltr'>R.</span> <span class='ocrx_word' id='word_1_79' title='bbox 539 825 595 831; x_wconf 87' lang='lat'><strong>—</strong></span> <span class='ocrx_word' id='word_1_80' title='bbox 628 808 721 845; x_wconf 89' lang='lat'>353.</span> <span class='ocrx_word' id='word_1_81' title='bbox 766 807 844 854; x_wconf 90' lang='lat' dir='ltr'>„ibi</span> <span class='ocrx_word' id='word_1_82' title='bbox 884 807 957 845; x_wconf 80' lang='lat' dir='ltr'>boc</span> <span class='ocrx_word' id='word_1_83' title='bbox 997 807 1179 845; x_wconf 84' lang='lat' dir='ltr'>damnum</span> <span class='ocrx_word' id='word_1_84' title='bbox 1221 806 1379 845; x_wconf 90' lang='lat' dir='ltr'>inueni“</span> <span class='ocrx_word' id='word_1_85' title='bbox 1422 807 1563 858; x_wconf 87' lang='lat' dir='ltr'>Speng.</span> <span class='ocrx_word' id='word_1_86' title='bbox 1597 827 1651 833; x_wconf 96' lang='lat'><strong>—</strong></span> <span class='ocrx_word' id='word_1_87' title='bbox 1684 807 1776 845; x_wconf 87' lang='lat'>356.</span> 
     </span>
     <span class='ocr_line' id='line_1_10' title="bbox 322 876 1776 923; baseline -0.001 -10"><span class='ocrx_word' id='word_1_88' title='bbox 322 885 468 922; x_wconf 75' lang='lat' dir='ltr'>musca,</span> <span class='ocrx_word' id='word_1_89' title='bbox 502 876 548 914; x_wconf 87' lang='lat' dir='ltr'>cf.</span> <span class='ocrx_word' id='word_1_90' title='bbox 578 876 697 914; x_wconf 89' lang='lat' dir='ltr'>Poen.</span> <span class='ocrx_word' id='word_1_91' title='bbox 733 876 825 913; x_wconf 89' lang='grc'>689.</span> <span class='ocrx_word' id='word_1_92' title='bbox 859 895 911 901; x_wconf 97' lang='grc'>-</span> <span class='ocrx_word' id='word_1_93' title='bbox 944 876 1037 913; x_wconf 86' lang='grc'><strong>357.</strong></span> <span class='ocrx_word' id='word_1_94' title='bbox 1070 876 1151 914; x_wconf 84' lang='lat' dir='ltr'>Nec</span> <span class='ocrx_word' id='word_1_95' title='bbox 1180 887 1337 914; x_wconf 82' lang='lat' dir='ltr'>sacrum</span> <span class='ocrx_word' id='word_1_96' title='bbox 1360 887 1430 914; x_wconf 73' lang='lat' dir='ltr'>nec</span> <span class='ocrx_word' id='word_1_97' title='bbox 1454 878 1532 914; x_wconf 82' lang='lat' dir='ltr'>tam</span> <span class='ocrx_word' id='word_1_98' title='bbox 1549 876 1776 923; x_wconf 78' lang='lat' dir='ltr'>profanum.</span> 
     </span>
     <span class='ocr_line' id='line_1_11' title="bbox 328 932 1779 994; baseline 0.001 -14"><span class='ocrx_word' id='word_1_99' title='bbox 328 941 456 991; x_wconf 87' lang='lat' dir='ltr'>„tam“</span> <span class='ocrx_word' id='word_1_100' title='bbox 498 944 618 981; x_wconf 86' lang='lat' dir='ltr'>etiam</span> <span class='ocrx_word' id='word_1_101' title='bbox 664 944 712 981; x_wconf 86' lang='lat' dir='ltr'>ad</span> <span class='ocrx_word' id='word_1_102' title='bbox 761 941 962 992; x_wconf 86' lang='lat' dir='ltr'>„sacrum“</span> <span class='ocrx_word' id='word_1_103' title='bbox 1004 943 1261 982; x_wconf 88' lang='lat' dir='ltr'>referendum.</span> <span class='ocrx_word' id='word_1_104' title='bbox 1308 963 1364 969; x_wconf 87' lang='lat'>-—</span> <span class='ocrx_word' id='word_1_105' title='bbox 1410 932 1500 983; x_wconf 84' lang='lat'>358.</span> <span class='ocrx_word' id='word_1_106' title='bbox 1539 955 1641 992; x_wconf 79' lang='lat' dir='ltr'>spes,</span> <span class='ocrx_word' id='word_1_107' title='bbox 1681 957 1779 994; x_wconf 82' lang='lat' dir='ltr'>prae-</span> 
     </span>
     <span class='ocr_line' id='line_1_12' title="bbox 323 1012 1315 1059; baseline 0.002 -11"><span class='ocrx_word' id='word_1_108' title='bbox 323 1015 492 1059; x_wconf 86' lang='lat' dir='ltr'>gnanter</span> <span class='ocrx_word' id='word_1_109' title='bbox 521 1015 566 1049; x_wconf 89' lang='lat' dir='ltr'>ut</span> <span class='ocrx_word' id='word_1_110' title='bbox 596 1012 681 1049; x_wconf 86' lang='lat' dir='ltr'>Mil.</span> <span class='ocrx_word' id='word_1_111' title='bbox 719 1013 837 1050; x_wconf 88' lang='lat'>1047.</span> <span class='ocrx_word' id='word_1_112' title='bbox 898 1013 939 1050; x_wconf 78' lang='lat' dir='ltr'>in</span> <span class='ocrx_word' id='word_1_113' title='bbox 969 1014 1077 1051; x_wconf 84' lang='lat' dir='ltr'>corde</span> <span class='ocrx_word' id='word_1_114' title='bbox 1106 1015 1246 1050; x_wconf 75' lang='lat' dir='ltr'>certast</span> <span class='ocrx_word' id='word_1_115' title='bbox 1272 1013 1315 1050; x_wconf 93' lang='lat' dir='ltr'>B.</span> 
     </span>
    </p>

    <p class='ocr_par' dir='ltr' id='par_1_3' title="bbox 323 1080 1797 2835">
     <span class='ocr_line' id='line_1_13' title="bbox 439 1080 1780 1130; baseline 0.001 -13"><span class='ocrx_word' id='word_1_116' title='bbox 439 1080 517 1118; x_wconf 88' lang='lat'>359</span> <span class='ocrx_word' id='word_1_117' title='bbox 558 1092 641 1129; x_wconf 89' lang='lat' dir='ltr'>sqq.</span> <span class='ocrx_word' id='word_1_118' title='bbox 682 1081 898 1129; x_wconf 72' lang='lat' dir='ltr'>septenarii</span> <span class='ocrx_word' id='word_1_119' title='bbox 935 1080 1133 1119; x_wconf 80' lang='lat' dir='ltr'>trochaici.</span> <span class='ocrx_word' id='word_1_120' title='bbox 1166 1100 1221 1106; x_wconf 92' lang='lat'><strong>—</strong></span> <span class='ocrx_word' id='word_1_121' title='bbox 1255 1081 1346 1119; x_wconf 89' lang='lat'>360.</span> <span class='ocrx_word' id='word_1_122' title='bbox 1378 1082 1500 1119; x_wconf 70' lang='lat' dir='ltr'>nescio</span> <span class='ocrx_word' id='word_1_123' title='bbox 1530 1093 1603 1130; x_wconf 91' lang='lat' dir='ltr'>pro</span> <span class='ocrx_word' id='word_1_124' title='bbox 1635 1082 1780 1118; x_wconf 87' lang='lat' dir='ltr'>cretico</span> 
     </span>
     <span class='ocr_line' id='line_1_14' title="bbox 323 1145 1778 1200; baseline 0.001 -14"><span class='ocrx_word' id='word_1_125' title='bbox 323 1148 545 1198; x_wconf 85' lang='lat' dir='ltr'>legendum.</span> <span class='ocrx_word' id='word_1_126' title='bbox 593 1149 637 1186; x_wconf 90' lang='lat' dir='ltr'>R.</span> <span class='ocrx_word' id='word_1_127' title='bbox 667 1145 817 1196; x_wconf 86' lang='lat' dir='ltr'>„nunc“</span> <span class='ocrx_word' id='word_1_128' title='bbox 845 1149 1034 1196; x_wconf 84' lang='lat' dir='ltr'>addebat3</span> <span class='ocrx_word' id='word_1_129' title='bbox 1067 1149 1214 1187; x_wconf 71' lang='lat' dir='ltr'>Luchs.</span> <span class='ocrx_word' id='word_1_130' title='bbox 1236 1148 1409 1187; x_wconf 88' lang='lat' dir='ltr'>Studem.</span> <span class='ocrx_word' id='word_1_131' title='bbox 1436 1149 1546 1187; x_wconf 83' lang='lat' dir='ltr'>stud.</span> <span class='ocrx_word' id='word_1_132' title='bbox 1571 1149 1590 1187; x_wconf 96' lang='lat' dir='ltr'>I</span> <span class='ocrx_word' id='word_1_133' title='bbox 1613 1164 1650 1200; x_wconf 89' lang='lat' dir='ltr'>p.</span> <span class='ocrx_word' id='word_1_134' title='bbox 1679 1150 1778 1187; x_wconf 86' lang='lat'>233:</span> 
     </span>
     <span class='ocr_line' id='line_1_15' title="bbox 328 1215 1778 1269; baseline 0.001 -15"><span class='ocrx_word' id='word_1_135' title='bbox 328 1232 433 1268; x_wconf 83' lang='lat' dir='ltr'>„qua</span> <span class='ocrx_word' id='word_1_136' title='bbox 471 1217 519 1254; x_wconf 90' lang='lat' dir='ltr'>de</span> <span class='ocrx_word' id='word_1_137' title='bbox 557 1215 640 1254; x_wconf 87' lang='lat' dir='ltr'>re“.</span> <span class='ocrx_word' id='word_1_138' title='bbox 673 1236 730 1242; x_wconf 94' lang='lat'><strong>—</strong></span> <span class='ocrx_word' id='word_1_139' title='bbox 757 1218 934 1263; x_wconf 72' lang='grc' dir='ltr'>Αΐίαΐαε,</span> <span class='ocrx_word' id='word_1_140' title='bbox 975 1219 1022 1256; x_wconf 86' lang='lat' dir='ltr'>cf.</span> <span class='ocrx_word' id='word_1_141' title='bbox 1062 1217 1147 1256; x_wconf 82' lang='lat' dir='ltr'>Cas.</span> <span class='ocrx_word' id='word_1_142' title='bbox 1183 1219 1275 1256; x_wconf 90' lang='lat'>507.</span> <span class='ocrx_word' id='word_1_143' title='bbox 1323 1218 1438 1269; x_wconf 88' lang='lat' dir='ltr'>Epid.</span> <span class='ocrx_word' id='word_1_144' title='bbox 1472 1219 1567 1256; x_wconf 88' lang='grc'><strong>456.</strong></span> <span class='ocrx_word' id='word_1_145' title='bbox 1599 1237 1653 1243; x_wconf 86' lang='grc'>-</span> <span class='ocrx_word' id='word_1_146' title='bbox 1686 1219 1778 1256; x_wconf 86' lang='lat'>362.</span> 
     </span>
     <span class='ocr_line' id='line_1_16' title="bbox 323 1285 1781 1333; baseline -0.001 -8"><span class='ocrx_word' id='word_1_147' title='bbox 323 1288 449 1325; x_wconf 78' lang='lat' dir='ltr'>Recte.</span> <span class='ocrx_word' id='word_1_148' title='bbox 511 1285 669 1324; x_wconf 82' lang='lat' dir='ltr'>Nullam</span> <span class='ocrx_word' id='word_1_149' title='bbox 700 1286 992 1325; x_wconf 90' lang='lat' dir='ltr'>sollicitudinus</span> <span class='ocrx_word' id='word_1_150' title='bbox 1024 1301 1180 1324; x_wconf 85' lang='lat' dir='ltr'>causam</span> <span class='ocrx_word' id='word_1_151' title='bbox 1212 1299 1309 1333; x_wconf 87' lang='lat' dir='ltr'>esse,</span> <span class='ocrx_word' id='word_1_152' title='bbox 1343 1288 1474 1324; x_wconf 86' lang='lat' dir='ltr'>omnia</span> <span class='ocrx_word' id='word_1_153' title='bbox 1506 1290 1612 1324; x_wconf 85' lang='lat' dir='ltr'>recte</span> <span class='ocrx_word' id='word_1_154' title='bbox 1642 1300 1682 1325; x_wconf 88' lang='lat' dir='ltr'>se</span> <span class='ocrx_word' id='word_1_155' title='bbox 1711 1286 1781 1324; x_wconf 83' lang='lat' dir='ltr'>ha-</span> 
     </span>
     <span class='ocr_line' id='line_1_17' title="bbox 324 1353 1778 1403; baseline 0 -10"><span class='ocrx_word' id='word_1_156' title='bbox 324 1356 431 1403; x_wconf 86' lang='lat' dir='ltr'>bere,</span> <span class='ocrx_word' id='word_1_157' title='bbox 464 1353 680 1403; x_wconf 87' lang='lat' dir='ltr'>significat,</span> <span class='ocrx_word' id='word_1_158' title='bbox 718 1369 755 1392; x_wconf 90' lang='lat' dir='ltr'>v.</span> <span class='ocrx_word' id='word_1_159' title='bbox 797 1355 847 1392; x_wconf 79' lang='lat' dir='ltr'>ad</span> <span class='ocrx_word' id='word_1_160' title='bbox 881 1356 987 1393; x_wconf 89' lang='lat' dir='ltr'>Asin.</span> <span class='ocrx_word' id='word_1_161' title='bbox 1034 1356 1125 1393; x_wconf 89' lang='lat'>108.</span> <span class='ocrx_word' id='word_1_162' title='bbox 1169 1355 1274 1392; x_wconf 85' lang='lat' dir='ltr'>infra</span> <span class='ocrx_word' id='word_1_163' title='bbox 1315 1356 1410 1393; x_wconf 92' lang='lat'>407.</span> <span class='ocrx_word' id='word_1_164' title='bbox 1441 1375 1496 1381; x_wconf 91' lang='lat'>--</span> <span class='ocrx_word' id='word_1_165' title='bbox 1530 1356 1622 1393; x_wconf 89' lang='lat'>365.</span> <span class='ocrx_word' id='word_1_166' title='bbox 1655 1355 1778 1401; x_wconf 72' lang='lat' dir='ltr'>Poste,</span> 
     </span>
     <span class='ocr_line' id='line_1_18' title="bbox 326 1421 1780 1474; baseline -0.001 -13"><span class='ocrx_word' id='word_1_167' title='bbox 326 1424 478 1470; x_wconf 88' lang='lat' dir='ltr'>deinde,</span> <span class='ocrx_word' id='word_1_168' title='bbox 520 1427 563 1461; x_wconf 82' lang='lat' dir='ltr'>ut</span> <span class='ocrx_word' id='word_1_169' title='bbox 595 1424 662 1461; x_wconf 92' lang='lat' dir='ltr'>ubi</span> <span class='ocrx_word' id='word_1_170' title='bbox 694 1424 840 1461; x_wconf 87' lang='lat' dir='ltr'>dicitur</span> <span class='ocrx_word' id='word_1_171' title='bbox 874 1424 996 1474; x_wconf 86' lang='lat' dir='ltr'>„quid</span> <span class='ocrx_word' id='word_1_172' title='bbox 1026 1421 1217 1473; x_wconf 80' lang='lat' dir='ltr'>postea?“</span> <span class='ocrx_word' id='word_1_173' title='bbox 1279 1423 1339 1461; x_wconf 90' lang='lat' dir='ltr'>De</span> <span class='ocrx_word' id='word_1_174' title='bbox 1369 1423 1496 1461; x_wconf 83' lang='lat' dir='ltr'>forma</span> <span class='ocrx_word' id='word_1_175' title='bbox 1527 1437 1560 1462; x_wconf 89' lang='lat' dir='ltr'>v.</span> <span class='ocrx_word' id='word_1_176' title='bbox 1593 1423 1641 1461; x_wconf 87' lang='lat' dir='ltr'>ad</span> <span class='ocrx_word' id='word_1_177' title='bbox 1671 1423 1780 1461; x_wconf 87' lang='lat' dir='ltr'>Asin.</span> 
     </span>
     <span class='ocr_line' id='line_1_19' title="bbox 326 1492 1781 1542; baseline -0.001 -12"><span class='ocrx_word' id='word_1_178' title='bbox 326 1493 421 1530; x_wconf 88' lang='lat'>906.</span> <span class='ocrx_word' id='word_1_179' title='bbox 462 1512 518 1518; x_wconf 90' lang='lat'>—-</span> <span class='ocrx_word' id='word_1_180' title='bbox 556 1503 640 1529; x_wconf 83' lang='lat' dir='ltr'>mea</span> <span class='ocrx_word' id='word_1_181' title='bbox 679 1492 783 1530; x_wconf 85' lang='lat' dir='ltr'>Cam.</span> <span class='ocrx_word' id='word_1_182' title='bbox 824 1513 877 1517; x_wconf 96' lang='lat'><strong>—</strong></span> <span class='ocrx_word' id='word_1_183' title='bbox 918 1493 996 1530; x_wconf 88' lang='lat'>366</span> <span class='ocrx_word' id='word_1_184' title='bbox 1036 1505 1092 1542; x_wconf 88' lang='lat' dir='ltr'>sq.</span> <span class='ocrx_word' id='word_1_185' title='bbox 1133 1492 1246 1538; x_wconf 80' lang='lat' dir='ltr'>Quod</span> <span class='ocrx_word' id='word_1_186' title='bbox 1286 1493 1414 1529; x_wconf 85' lang='lat' dir='ltr'>animo</span> <span class='ocrx_word' id='word_1_187' title='bbox 1454 1494 1535 1529; x_wconf 87' lang='lat' dir='ltr'>eius</span> <span class='ocrx_word' id='word_1_188' title='bbox 1573 1492 1673 1529; x_wconf 85' lang='lat' dir='ltr'>male</span> <span class='ocrx_word' id='word_1_189' title='bbox 1711 1495 1781 1539; x_wconf 88' lang='lat' dir='ltr'>est,</span> 
     </span>
     <span class='ocr_line' id='line_1_20' title="bbox 325 1560 1782 1611; baseline -0.001 -12"><span class='ocrx_word' id='word_1_190' title='bbox 325 1562 408 1599; x_wconf 88' lang='lat' dir='ltr'>eius</span> <span class='ocrx_word' id='word_1_191' title='bbox 440 1574 596 1599; x_wconf 83' lang='lat' dir='ltr'>causam</span> <span class='ocrx_word' id='word_1_192' title='bbox 627 1575 661 1599; x_wconf 90' lang='lat' dir='ltr'>v.</span> <span class='ocrx_word' id='word_1_193' title='bbox 697 1562 775 1599; x_wconf 88' lang='lat'>384</span> <span class='ocrx_word' id='word_1_194' title='bbox 808 1575 830 1598; x_wconf 90' lang='lat' dir='ltr'>a</span> <span class='ocrx_word' id='word_1_195' title='bbox 860 1574 1007 1599; x_wconf 84' lang='lat' dir='ltr'>nausea</span> <span class='ocrx_word' id='word_1_196' title='bbox 1038 1561 1205 1611; x_wconf 89' lang='lat' dir='ltr'>repetit;</span> <span class='ocrx_word' id='word_1_197' title='bbox 1237 1562 1364 1597; x_wconf 88' lang='lat' dir='ltr'>minus</span> <span class='ocrx_word' id='word_1_198' title='bbox 1395 1561 1643 1608; x_wconf 79' lang='lat' dir='ltr'>intelligitur,</span> <span class='ocrx_word' id='word_1_199' title='bbox 1676 1560 1782 1609; x_wconf 86' lang='lat' dir='ltr'>quod</span> 
     </span>
     <span class='ocr_line' id='line_1_21' title="bbox 324 1628 1782 1679; baseline -0.001 -13"><span class='ocrx_word' id='word_1_200' title='bbox 324 1630 360 1667; x_wconf 93' lang='lat' dir='ltr'>h.</span> <span class='ocrx_word' id='word_1_201' title='bbox 394 1629 418 1667; x_wconf 94' lang='lat' dir='ltr'>l.</span> <span class='ocrx_word' id='word_1_202' title='bbox 451 1629 610 1667; x_wconf 90' lang='lat' dir='ltr'>insolito</span> <span class='ocrx_word' id='word_1_203' title='bbox 641 1633 757 1667; x_wconf 87' lang='lat' dir='ltr'>terrae</span> <span class='ocrx_word' id='word_1_204' title='bbox 789 1629 979 1679; x_wconf 84' lang='lat' dir='ltr'>adspectu</span> <span class='ocrx_word' id='word_1_205' title='bbox 1008 1628 1093 1666; x_wconf 91' lang='lat' dir='ltr'>fieri</span> <span class='ocrx_word' id='word_1_206' title='bbox 1124 1629 1279 1666; x_wconf 88' lang='lat' dir='ltr'>dicitur.</span> <span class='ocrx_word' id='word_1_207' title='bbox 1341 1628 1466 1666; x_wconf 87' lang='lat' dir='ltr'>Filius</span> <span class='ocrx_word' id='word_1_208' title='bbox 1497 1629 1712 1678; x_wconf 80' lang='lat' dir='ltr'>respondet</span> <span class='ocrx_word' id='word_1_209' title='bbox 1742 1641 1782 1665; x_wconf 86' lang='lat' dir='ltr'>se</span> 
     </span>
     <span class='ocr_line' id='line_1_22' title="bbox 327 1697 1797 1747; baseline -0.002 -12"><span class='ocrx_word' id='word_1_210' title='bbox 327 1698 449 1746; x_wconf 85' lang='lat' dir='ltr'>magis</span> <span class='ocrx_word' id='word_1_211' title='bbox 488 1699 641 1747; x_wconf 86' lang='lat' dir='ltr'>opinari</span> <span class='ocrx_word' id='word_1_212' title='bbox 682 1698 797 1735; x_wconf 77' lang='lat' dir='ltr'>aliam</span> <span class='ocrx_word' id='word_1_213' title='bbox 839 1711 995 1735; x_wconf 85' lang='lat' dir='ltr'>causam</span> <span class='ocrx_word' id='word_1_214' title='bbox 1031 1711 1134 1745; x_wconf 87' lang='lat' dir='ltr'>esse;</span> <span class='ocrx_word' id='word_1_215' title='bbox 1167 1697 1234 1735; x_wconf 89' lang='lat' dir='ltr'>sed</span> <span class='ocrx_word' id='word_1_216' title='bbox 1273 1710 1390 1746; x_wconf 87' lang='lat' dir='ltr'>quam</span> <span class='ocrx_word' id='word_1_217' title='bbox 1429 1698 1607 1735; x_wconf 87' lang='lat' dir='ltr'>dicturus</span> <span class='ocrx_word' id='word_1_218' title='bbox 1647 1697 1797 1743; x_wconf 68' lang='lat' dir='ltr'>fuerit„</span> 
     </span>
     <span class='ocr_line' id='line_1_23' title="bbox 324 1762 1781 1816; baseline 0 -13"><span class='ocrx_word' id='word_1_219' title='bbox 324 1779 437 1803; x_wconf 86' lang='lat' dir='ltr'>nemo</span> <span class='ocrx_word' id='word_1_220' title='bbox 476 1762 685 1814; x_wconf 76' lang='lat' dir='ltr'>intelligit,</span> <span class='ocrx_word' id='word_1_221' title='bbox 727 1770 764 1804; x_wconf 80' lang='lat' dir='ltr'>et</span> <span class='ocrx_word' id='word_1_222' title='bbox 803 1770 893 1804; x_wconf 86' lang='lat' dir='ltr'>ante</span> <span class='ocrx_word' id='word_1_223' title='bbox 932 1779 1047 1816; x_wconf 88' lang='lat' dir='ltr'>quam</span> <span class='ocrx_word' id='word_1_224' title='bbox 1087 1765 1208 1814; x_wconf 80' lang='lat' dir='ltr'>dixit,</span> <span class='ocrx_word' id='word_1_225' title='bbox 1247 1771 1361 1815; x_wconf 84' lang='lat' dir='ltr'>pater</span> <span class='ocrx_word' id='word_1_226' title='bbox 1399 1778 1485 1803; x_wconf 87' lang='lat' dir='ltr'>eum</span> <span class='ocrx_word' id='word_1_227' title='bbox 1516 1766 1781 1815; x_wconf 83' lang='lat' dir='ltr'>interrumpit.</span> 
     </span>
     <span class='ocr_line' id='line_1_24' title="bbox 325 1834 1781 1886; baseline -0.001 -14"><span class='ocrx_word' id='word_1_228' title='bbox 325 1836 409 1883; x_wconf 90' lang='lat' dir='ltr'>His,</span> <span class='ocrx_word' id='word_1_229' title='bbox 442 1847 528 1884; x_wconf 86' lang='lat' dir='ltr'>quae</span> <span class='ocrx_word' id='word_1_230' title='bbox 559 1836 655 1872; x_wconf 86' lang='lat' dir='ltr'>satis</span> <span class='ocrx_word' id='word_1_231' title='bbox 679 1836 814 1886; x_wconf 81' lang='lat' dir='ltr'>inepta</span> <span class='ocrx_word' id='word_1_232' title='bbox 839 1839 940 1882; x_wconf 90' lang='lat' dir='ltr'>sunt,</span> <span class='ocrx_word' id='word_1_233' title='bbox 972 1835 1124 1872; x_wconf 83' lang='lat' dir='ltr'>accedit</span> <span class='ocrx_word' id='word_1_234' title='bbox 1147 1834 1251 1884; x_wconf 90' lang='lat' dir='ltr'>quod</span> <span class='ocrx_word' id='word_1_235' title='bbox 1277 1835 1396 1872; x_wconf 84' lang='lat' dir='ltr'>verba</span> <span class='ocrx_word' id='word_1_236' title='bbox 1423 1847 1582 1881; x_wconf 88' lang='lat' dir='ltr'>„verum</span> <span class='ocrx_word' id='word_1_237' title='bbox 1609 1838 1781 1871; x_wconf 86' lang='lat' dir='ltr'>actutum</span> 
     </span>
     <span class='ocr_line' id='line_1_25' title="bbox 327 1900 1784 1953; baseline -0.001 -13"><span class='ocrx_word' id='word_1_238' title='bbox 327 1900 582 1941; x_wconf 84' lang='lat' dir='ltr'>abscesserit“</span> <span class='ocrx_word' id='word_1_239' title='bbox 625 1904 744 1941; x_wconf 82' lang='lat' dir='ltr'>etiam</span> <span class='ocrx_word' id='word_1_240' title='bbox 791 1917 826 1941; x_wconf 90' lang='lat' dir='ltr'>v.</span> <span class='ocrx_word' id='word_1_241' title='bbox 875 1904 954 1941; x_wconf 88' lang='lat'>384</span> <span class='ocrx_word' id='word_1_242' title='bbox 1001 1904 1199 1951; x_wconf 86' lang='lat' dir='ltr'>leguntur.</span> <span class='ocrx_word' id='word_1_243' title='bbox 1259 1903 1365 1951; x_wconf 76' lang='lat' dir='ltr'>Eryo</span> <span class='ocrx_word' id='word_1_244' title='bbox 1406 1906 1536 1940; x_wconf 87' lang='lat' dir='ltr'>autem</span> <span class='ocrx_word' id='word_1_245' title='bbox 1575 1907 1667 1953; x_wconf 86' lang='lat' dir='ltr'>post</span> <span class='ocrx_word' id='word_1_246' title='bbox 1703 1902 1784 1939; x_wconf 85' lang='lat' dir='ltr'>haec</span> 
     </span>
     <span class='ocr_line' id='line_1_26' title="bbox 326 1971 1781 2021; baseline -0.002 -13"><span class='ocrx_word' id='word_1_247' title='bbox 326 1972 477 2009; x_wconf 88' lang='lat' dir='ltr'>nullum</span> <span class='ocrx_word' id='word_1_248' title='bbox 516 1972 644 2010; x_wconf 88' lang='lat' dir='ltr'>locum</span> <span class='ocrx_word' id='word_1_249' title='bbox 683 1971 821 2019; x_wconf 81' lang='lat' dir='ltr'>habet3</span> <span class='ocrx_word' id='word_1_250' title='bbox 868 1974 900 2008; x_wconf 86' lang='lat' dir='ltr'>si</span> <span class='ocrx_word' id='word_1_251' title='bbox 941 1985 1027 2009; x_wconf 90' lang='lat' dir='ltr'>cum</span> <span class='ocrx_word' id='word_1_252' title='bbox 1068 1973 1145 2010; x_wconf 92' lang='lat'>365</span> <span class='ocrx_word' id='word_1_253' title='bbox 1185 1972 1383 2020; x_wconf 86' lang='lat' dir='ltr'>iungitur,</span> <span class='ocrx_word' id='word_1_254' title='bbox 1424 1972 1669 2021; x_wconf 87' lang='lat' dir='ltr'>aptissimum</span> <span class='ocrx_word' id='word_1_255' title='bbox 1709 1973 1781 2008; x_wconf 86' lang='lat' dir='ltr'>est.</span> 
     </span>
     <span class='ocr_line' id='line_1_27' title="bbox 326 2039 1780 2090; baseline -0.001 -13"><span class='ocrx_word' id='word_1_256' title='bbox 326 2039 465 2090; x_wconf 87' lang='lat' dir='ltr'>Itaque</span> <span class='ocrx_word' id='word_1_257' title='bbox 504 2041 574 2077; x_wconf 89' lang='lat' dir='ltr'>hos</span> <span class='ocrx_word' id='word_1_258' title='bbox 614 2041 691 2079; x_wconf 90' lang='lat' dir='ltr'>duo</span> <span class='ocrx_word' id='word_1_259' title='bbox 731 2054 866 2078; x_wconf 87' lang='lat' dir='ltr'>versus</span> <span class='ocrx_word' id='word_1_260' title='bbox 905 2045 950 2077; x_wconf 81' lang='lat' dir='ltr'>ut</span> <span class='ocrx_word' id='word_1_261' title='bbox 987 2042 1144 2090; x_wconf 86' lang='lat' dir='ltr'>spurios</span> <span class='ocrx_word' id='word_1_262' title='bbox 1174 2039 1328 2078; x_wconf 88' lang='lat' dir='ltr'>seclusi.</span> <span class='ocrx_word' id='word_1_263' title='bbox 1361 2059 1416 2065; x_wconf 88' lang='lat'><strong>—</strong></span> <span class='ocrx_word' id='word_1_264' title='bbox 1450 2040 1542 2077; x_wconf 88' lang='lat'>369.</span> <span class='ocrx_word' id='word_1_265' title='bbox 1573 2040 1780 2087; x_wconf 53' lang='lat' dir='ltr'>praeuortz,</span> 
     </span>
     <span class='ocr_line' id='line_1_28' title="bbox 328 2108 1786 2158; baseline -0.001 -12"><span class='ocrx_word' id='word_1_266' title='bbox 328 2110 375 2147; x_wconf 86' lang='lat' dir='ltr'>cf.</span> <span class='ocrx_word' id='word_1_267' title='bbox 419 2111 509 2148; x_wconf 80' lang='lat'>112.</span> <span class='ocrx_word' id='word_1_268' title='bbox 552 2129 600 2135; x_wconf 97' lang='lat'>—</span> <span class='ocrx_word' id='word_1_269' title='bbox 646 2110 738 2148; x_wconf 81' lang='lat'>3¹72.</span> <span class='ocrx_word' id='word_1_270' title='bbox 777 2108 860 2158; x_wconf 75' lang='lat' dir='ltr'>Aye</span> <span class='ocrx_word' id='word_1_271' title='bbox 905 2110 1042 2158; x_wconf 56' lang='lat' dir='ltr'>mitur,</span> <span class='ocrx_word' id='word_1_272' title='bbox 1089 2121 1124 2145; x_wconf 89' lang='lat' dir='ltr'>v.</span> <span class='ocrx_word' id='word_1_273' title='bbox 1169 2108 1218 2145; x_wconf 87' lang='lat' dir='ltr'>ad</span> <span class='ocrx_word' id='word_1_274' title='bbox 1264 2108 1405 2145; x_wconf 80' lang='lat' dir='ltr'>Bacch.</span> <span class='ocrx_word' id='word_1_275' title='bbox 1454 2108 1518 2146; x_wconf 81' lang='lat'>87.</span> <span class='ocrx_word' id='word_1_276' title='bbox 1579 2108 1786 2145; x_wconf 72' lang='lat' dir='ltr'>aduorsari</span> 
     </span>
     <span class='ocr_line' id='line_1_29' title="bbox 328 2174 1783 2226; baseline -0.003 -9"><span class='ocrx_word' id='word_1_277' title='bbox 328 2179 556 2226; x_wconf 67' lang='lat' dir='ltr'>aduorsetm,</span> <span class='ocrx_word' id='word_1_278' title='bbox 597 2179 643 2216; x_wconf 86' lang='lat' dir='ltr'>cf.</span> <span class='ocrx_word' id='word_1_279' title='bbox 685 2177 770 2216; x_wconf 79' lang='lat' dir='ltr'>Cas.</span> <span class='ocrx_word' id='word_1_280' title='bbox 814 2179 914 2216; x_wconf 83' lang='lat'>233:</span> <span class='ocrx_word' id='word_1_281' title='bbox 961 2178 1197 2222; x_wconf 84' lang='lat' dir='ltr'>„aduorsere</span> <span class='ocrx_word' id='word_1_282' title='bbox 1239 2174 1416 2214; x_wconf 83' lang='lat' dir='ltr'>contra“.</span> <span class='ocrx_word' id='word_1_283' title='bbox 1456 2176 1558 2214; x_wconf 84' lang='lat' dir='ltr'>infra</span> <span class='ocrx_word' id='word_1_284' title='bbox 1597 2177 1690 2214; x_wconf 88' lang='lat'>589.</span> <span class='ocrx_word' id='word_1_285' title='bbox 1730 2195 1783 2200; x_wconf 88' lang='lat'><em>—</em></span> 
     </span>
     <span class='ocr_line' id='line_1_30' title="bbox 330 2245 1784 2296; baseline -0.002 -11"><span class='ocrx_word' id='word_1_286' title='bbox 330 2247 523 2285; x_wconf 86' lang='lat'>374—76</span> <span class='ocrx_word' id='word_1_287' title='bbox 577 2247 621 2284; x_wconf 88' lang='lat' dir='ltr'>R.</span> <span class='ocrx_word' id='word_1_288' title='bbox 674 2251 765 2296; x_wconf 88' lang='lat' dir='ltr'>post</span> <span class='ocrx_word' id='word_1_289' title='bbox 817 2248 895 2284; x_wconf 89' lang='lat'>378</span> <span class='ocrx_word' id='word_1_290' title='bbox 948 2246 1101 2296; x_wconf 80' lang='lat' dir='ltr'>posuit3</span> <span class='ocrx_word' id='word_1_291' title='bbox 1152 2258 1228 2283; x_wconf 92' lang='lat' dir='ltr'>non</span> <span class='ocrx_word' id='word_1_292' title='bbox 1280 2257 1391 2294; x_wconf 88' lang='lat' dir='ltr'>opus.</span> <span class='ocrx_word' id='word_1_293' title='bbox 1439 2245 1518 2282; x_wconf 90' lang='lat'>374</span> <span class='ocrx_word' id='word_1_294' title='bbox 1565 2245 1784 2294; x_wconf 82' lang='lat' dir='ltr'>comparari</span> 
     </span>
     <span class='ocr_line' id='line_1_31' title="bbox 328 2308 1779 2367; baseline -0.002 -15"><span class='ocrx_word' id='word_1_295' title='bbox 328 2319 463 2367; x_wconf 89' lang='lat' dir='ltr'>potest</span> <span class='ocrx_word' id='word_1_296' title='bbox 502 2329 588 2352; x_wconf 90' lang='lat' dir='ltr'>cum</span> <span class='ocrx_word' id='word_1_297' title='bbox 627 2315 716 2353; x_wconf 91' lang='lat' dir='ltr'>Aul.</span> <span class='ocrx_word' id='word_1_298' title='bbox 759 2316 850 2352; x_wconf 89' lang='lat'>541.</span> <span class='ocrx_word' id='word_1_299' title='bbox 895 2314 1022 2363; x_wconf 85' lang='lat' dir='ltr'>„Quid</span> <span class='ocrx_word' id='word_1_300' title='bbox 1059 2318 1102 2352; x_wconf 88' lang='lat' dir='ltr'>tu</span> <span class='ocrx_word' id='word_1_301' title='bbox 1139 2317 1178 2352; x_wconf 88' lang='lat' dir='ltr'>te</span> <span class='ocrx_word' id='word_1_302' title='bbox 1209 2313 1316 2352; x_wconf 89' lang='lat' dir='ltr'>solus</span> <span class='ocrx_word' id='word_1_303' title='bbox 1348 2327 1368 2350; x_wconf 90' lang='lat' dir='ltr'>e</span> <span class='ocrx_word' id='word_1_304' title='bbox 1399 2316 1536 2350; x_wconf 81' lang='lat' dir='ltr'>senatu</span> <span class='ocrx_word' id='word_1_305' title='bbox 1566 2308 1779 2350; x_wconf 80' lang='lat' dir='ltr'>seuocas‘?“</span> 
     </span>
     <span class='ocr_line' id='line_1_32' title="bbox 328 2378 1779 2433; baseline -0.003 -12"><span class='ocrx_word' id='word_1_306' title='bbox 328 2403 383 2409; x_wconf 92' lang='lat'>——</span> <span class='ocrx_word' id='word_1_307' title='bbox 416 2384 509 2422; x_wconf 90' lang='lat'>375.</span> <span class='ocrx_word' id='word_1_308' title='bbox 542 2383 631 2421; x_wconf 85' lang='lat' dir='ltr'>Iam</span> <span class='ocrx_word' id='word_1_309' title='bbox 662 2384 855 2433; x_wconf 83' lang='lat' dir='ltr'>aptiorem</span> <span class='ocrx_word' id='word_1_310' title='bbox 887 2383 1015 2421; x_wconf 89' lang='lat' dir='ltr'>locum</span> <span class='ocrx_word' id='word_1_311' title='bbox 1047 2383 1212 2420; x_wconf 83' lang='lat' dir='ltr'>haberet</span> <span class='ocrx_word' id='word_1_312' title='bbox 1241 2385 1333 2431; x_wconf 88' lang='lat' dir='ltr'>post</span> <span class='ocrx_word' id='word_1_313' title='bbox 1366 2383 1464 2428; x_wconf 81' lang='lat'>372;</span> <span class='ocrx_word' id='word_1_314' title='bbox 1505 2381 1566 2418; x_wconf 90' lang='lat' dir='ltr'>hic</span> <span class='ocrx_word' id='word_1_315' title='bbox 1600 2378 1779 2428; x_wconf 81' lang='lat' dir='ltr'>„tamen“</span> 
     </span>
     <span class='ocr_line' id='line_1_33' title="bbox 331 2449 1783 2500; baseline -0.004 -9"><span class='ocrx_word' id='word_1_316' title='bbox 331 2457 398 2491; x_wconf 86' lang='lat' dir='ltr'>aut</span> <span class='ocrx_word' id='word_1_317' title='bbox 433 2451 580 2499; x_wconf 85' lang='lat' dir='ltr'>„Nam“</span> <span class='ocrx_word' id='word_1_318' title='bbox 616 2453 741 2500; x_wconf 81' lang='lat' dir='ltr'>magis</span> <span class='ocrx_word' id='word_1_319' title='bbox 772 2454 1011 2490; x_wconf 82' lang='lat' dir='ltr'>conveniret.</span> <span class='ocrx_word' id='word_1_320' title='bbox 1073 2451 1259 2489; x_wconf 84' lang='lat' dir='ltr'>Fortasse</span> <span class='ocrx_word' id='word_1_321' title='bbox 1291 2463 1368 2487; x_wconf 84' lang='lat' dir='ltr'>vox</span> <span class='ocrx_word' id='word_1_322' title='bbox 1398 2449 1565 2487; x_wconf 86' lang='lat' dir='ltr'>delenda</span> <span class='ocrx_word' id='word_1_323' title='bbox 1596 2454 1667 2495; x_wconf 82' lang='lat' dir='ltr'>est,</span> <span class='ocrx_word' id='word_1_324' title='bbox 1707 2461 1783 2498; x_wconf 91' lang='lat' dir='ltr'>quo</span> 
     </span>
     <span class='ocr_line' id='line_1_34' title="bbox 330 2517 1782 2566; baseline -0.004 -8"><span class='ocrx_word' id='word_1_325' title='bbox 330 2522 433 2559; x_wconf 86' lang='lat' dir='ltr'>facto</span> <span class='ocrx_word' id='word_1_326' title='bbox 478 2534 614 2559; x_wconf 85' lang='lat' dir='ltr'>versus</span> <span class='ocrx_word' id='word_1_327' title='bbox 660 2522 910 2566; x_wconf 83' lang='lat' dir='ltr'>restituetur,</span> <span class='ocrx_word' id='word_1_328' title='bbox 958 2521 1066 2557; x_wconf 90' lang='lat' dir='ltr'>cuius</span> <span class='ocrx_word' id='word_1_329' title='bbox 1110 2521 1169 2556; x_wconf 86' lang='lat' dir='ltr'>rei</span> <span class='ocrx_word' id='word_1_330' title='bbox 1215 2531 1331 2556; x_wconf 81' lang='lat' dir='ltr'>causa</span> <span class='ocrx_word' id='word_1_331' title='bbox 1379 2517 1544 2555; x_wconf 84' lang='lat' dir='ltr'>Guietus</span> <span class='ocrx_word' id='word_1_332' title='bbox 1589 2528 1672 2554; x_wconf 79' lang='lat' dir='ltr'>eam·</span> <span class='ocrx_word' id='word_1_333' title='bbox 1710 2529 1782 2565; x_wconf 87' lang='lat' dir='ltr'>pro</span> 
     </span>
     <span class='ocr_line' id='line_1_35' title="bbox 336 2585 1780 2639; baseline -0.006 -11"><span class='ocrx_word' id='word_1_334' title='bbox 336 2589 491 2639; x_wconf 84' lang='lat' dir='ltr'>‚,illam“</span> <span class='ocrx_word' id='word_1_335' title='bbox 527 2591 695 2639; x_wconf 84' lang='lat' dir='ltr'>scripsit.</span> <span class='ocrx_word' id='word_1_336' title='bbox 738 2609 779 2614; x_wconf 84' lang='lat'><em>-</em></span> <span class='ocrx_word' id='word_1_337' title='bbox 817 2590 909 2626; x_wconf 92' lang='lat'>376.</span> <span class='ocrx_word' id='word_1_338' title='bbox 940 2588 1044 2626; x_wconf 72' lang='lat' dir='ltr'>hand</span> <span class='ocrx_word' id='word_1_339' title='bbox 1074 2588 1132 2625; x_wconf 88' lang='lat' dir='ltr'>ed.</span> <span class='ocrx_word' id='word_1_340' title='bbox 1165 2601 1226 2637; x_wconf 86' lang='lat' dir='ltr'>pr.</span> <span class='ocrx_word' id='word_1_341' title='bbox 1258 2606 1311 2611; x_wconf 93' lang='lat'><strong>—</strong></span> <span class='ocrx_word' id='word_1_342' title='bbox 1346 2586 1436 2623; x_wconf 88' lang='lat'>380.</span> <span class='ocrx_word' id='word_1_343' title='bbox 1462 2596 1559 2632; x_wconf 74' lang='lat' dir='ltr'>quae</span> <span class='ocrx_word' id='word_1_344' title='bbox 1585 2585 1780 2631; x_wconf 74' lang='lat' dir='ltr'>mandata,</span> 
     </span>
     <span class='ocr_line' id='line_1_36' title="bbox 332 2653 1781 2707; baseline -0.005 -10"><span class='ocrx_word' id='word_1_345' title='bbox 332 2673 383 2697; x_wconf 89' lang='lat' dir='ltr'>sc.</span> <span class='ocrx_word' id='word_1_346' title='bbox 422 2662 526 2704; x_wconf 87' lang='lat' dir='ltr'>sunt,</span> <span class='ocrx_word' id='word_1_347' title='bbox 565 2672 601 2696; x_wconf 92' lang='lat' dir='ltr'>v.</span> <span class='ocrx_word' id='word_1_348' title='bbox 635 2657 683 2695; x_wconf 87' lang='lat' dir='ltr'>ad</span> <span class='ocrx_word' id='word_1_349' title='bbox 715 2657 858 2707; x_wconf 90' lang='lat' dir='ltr'>Amph.</span> <span class='ocrx_word' id='word_1_350' title='bbox 893 2658 984 2695; x_wconf 88' lang='lat'>569.</span> <span class='ocrx_word' id='word_1_351' title='bbox 1022 2675 1069 2681; x_wconf 91' lang='lat'>—</span> <span class='ocrx_word' id='word_1_352' title='bbox 1104 2657 1224 2693; x_wconf 76' lang='lat' dir='ltr'>amice</span> <span class='ocrx_word' id='word_1_353' title='bbox 1260 2655 1397 2704; x_wconf 85' lang='lat' dir='ltr'>scripsi</span> <span class='ocrx_word' id='word_1_354' title='bbox 1430 2666 1542 2690; x_wconf 81' lang='lat' dir='ltr'>versu</span> <span class='ocrx_word' id='word_1_355' title='bbox 1574 2653 1781 2701; x_wconf 74' lang='lat' dir='ltr'>suadente3</span> 
     </span>
     <span class='ocr_line' id='line_1_37' title="bbox 332 2710 1784 2776; baseline -0.006 -10"><span class='ocrx_word' id='word_1_356' title='bbox 332 2728 377 2766; x_wconf 92' lang='lat' dir='ltr'>R.</span> <span class='ocrx_word' id='word_1_357' title='bbox 418 2710 617 2765; x_wconf 76' lang='lat' dir='ltr'>licentius:</span> <span class='ocrx_word' id='word_1_358' title='bbox 661 2730 728 2774; x_wconf 84' lang='lat' dir='ltr'>„ut</span> <span class='ocrx_word' id='word_1_359' title='bbox 766 2738 866 2776; x_wconf 85' lang='lat' dir='ltr'>quae</span> <span class='ocrx_word' id='word_1_360' title='bbox 906 2725 1089 2762; x_wconf 81' lang='lat' dir='ltr'>mandata</span> <span class='ocrx_word' id='word_1_361' title='bbox 1126 2724 1223 2762; x_wconf 90' lang='lat' dir='ltr'>mihi</span> <span class='ocrx_word' id='word_1_362' title='bbox 1253 2725 1355 2767; x_wconf 88' lang='lat' dir='ltr'>sunt,</span> <span class='ocrx_word' id='word_1_363' title='bbox 1389 2721 1696 2758; x_wconf 59' lang='lat' dir='ltr'>ad1ninistrem‘2.</span> <span class='ocrx_word' id='word_1_364' title='bbox 1729 2739 1784 2745; x_wconf 91' lang='lat'>—-</span> 
     </span>
     <span class='ocr_line' id='line_1_38' title="bbox 335 2785 1779 2835; baseline -0.005 -2"><span class='ocrx_word' id='word_1_365' title='bbox 335 2796 426 2833; x_wconf 90' lang='lat'>381.</span> <span class='ocrx_word' id='word_1_366' title='bbox 459 2796 655 2833; x_wconf 75' lang='lat' dir='ltr'>sciscitare</span> <span class='ocrx_word' id='word_1_367' title='bbox 686 2796 812 2832; x_wconf 83' lang='lat' dir='ltr'>activa</span> <span class='ocrx_word' id='word_1_368' title='bbox 843 2794 964 2832; x_wconf 79' lang='lat' dir='ltr'>forma</span> <span class='ocrx_word' id='word_1_369' title='bbox 997 2792 1067 2829; x_wconf 89' lang='lat' dir='ltr'>hoc</span> <span class='ocrx_word' id='word_1_370' title='bbox 1099 2804 1175 2829; x_wconf 92' lang='lat' dir='ltr'>uno</span> <span class='ocrx_word' id='word_1_371' title='bbox 1207 2791 1292 2829; x_wconf 94' lang='lat' dir='ltr'>loco</span> <span class='ocrx_word' id='word_1_372' title='bbox 1323 2793 1468 2835; x_wconf 78' lang='lat' dir='ltr'>exstat3</span> <span class='ocrx_word' id='word_1_373' title='bbox 1513 2785 1779 2835; x_wconf 87' lang='lat' dir='ltr'>„sciscitatus“</span> 
     </span>
    </p>
   </div>
   <div class='ocr_carea' id='block_1_3' title="bbox 1882 0 1963 3243">
    <p class='ocr_par' dir='ltr' id='par_1_4' title="bbox 1882 0 1963 3243">
     <span class='ocr_line' id='line_1_39' title="bbox 1882 0 1963 3243; baseline 0 0"><span class='ocrx_word' id='word_1_374' title='bbox 1882 0 1963 3243; x_wconf 95' lang='lat' dir='ltr'> </span> 
     </span>
    </p>
   </div>
  </div>
 </body>
</html>
