1963 3243
92 201 160 254 ΠΙ,
187 204 217 242 1.
243 203 422 238 202—213
650 203 756 237 Miles
781 172 980 248 glorioslis.
1495 207 1548 244 65

92 327 311 383 Quasique
344 328 457 370 hunc
490 328 664 370 anulum
698 327 892 369 faueolae
925 326 1107 374 dederit,
1142 341 1193 368 ea
1225 342 1354 381 porro
1389 327 1504 372 mihi.

93 400 220 442 Militi
253 404 301 442 ut
333 400 492 450 darem,
527 401 739 455 quasique
771 400 809 441 ei
839 413 917 453 ego
947 400 1010 441 rei
1042 401 1122 441 sim
1153 401 1384 454 interpres.

582 501 1060 556 Periplecomenus

1395 561 1548 603 Audio.

90 632 154 674 Ne
185 646 250 674 me
283 631 461 673 surdum
492 645 588 673 esse
619 631 858 683 arbitreris,
889 632 1027 682 sodes,
1060 645 1139 684 ego
1170 637 1289 674 recte
1321 647 1436 675 meas

92 705 220 746 Auris
251 708 359 746 utor.

662 771 971 814 Palaestrio

420 861 1451 873 .........................
1484 843 1552 877 800

88 901 147 944 Εἰ
178 902 312 953 dabo;
344 915 368 943 a
399 908 476 944 tua
509 902 611 943 mihi
644 916 777 944 uxore
812 902 953 943 dicam
986 903 1179 944 delatum
1211 907 1254 945 et
1285 903 1449 953 datum,

88 973 145 1016 Ut
162 989 254 1016 sese
273 974 327 1016 ad
347 988 443 1016 eum
461 974 748 1016 conciliarem.
783 974 860 1016 Ille
879 976 971 1016 eius
991 975 1106 1016 modi
1130 980 1218 1016 est:
1237 977 1384 1030 cupiet
1403 977 1551 1027 miser3

90 1045 170 1096 Qui
202 1047 284 1089 nisi
317 1047 530 1089 adulterio
564 1047 786 1089 studiosus
819 1048 881 1089 rei
911 1047 1019 1089 nulli
1052 1047 1164 1089 aliae
1197 1054 1262 1090 est
1293 1049 1514 1103 inprobus.

580 1149 1060 1204 Periplecomenus

90 1220 183 1262 Nou
217 1222 359 1276 potuit
387 1222 591 1276 reperire.
627 1223 661 1263 si
693 1223 773 1276 ipsi
807 1222 897 1264 Soli
928 1223 1208 1276 quaerundas
1240 1223 1382 1274 dares,

89 1293 339 1348 Lepidiores
372 1294 480 1336 duas
511 1294 564 1335 ad
597 1294 708 1336 hanc
740 1309 829 1336 rem
862 1309 992 1350 quam
1025 1309 1101 1348 ego
1134 1294 1277 1347 habeo3
1318 1295 1429 1337 habe
1462 1297 1552 1337 ani-

1136 1383 1251 1410 mum
1283 1367 1454 1410 bonum.
1487 1379 1554 1413 805

664 1447 979 1490 Palaestrio

90 1517 203 1572 Ergo
234 1518 419 1569 adcura,
468 1519 543 1561 sed
581 1534 763 1574 propere
803 1535 911 1574 opus
950 1525 1028 1562 est.
1089 1519 1214 1562 Nunc
1252 1524 1300 1562 tu
1340 1521 1552 1567 ausculta,

1183 1593 1437 1635 Pleusicles.

661 1672 715 1713 Pl
730 1686 790 1714 eu
802 1672 938 1714 sicle
952 1687 970 1714 s

89 1726 185 1769 Tibi
218 1743 311 1770 sum
344 1728 561 1771 obediens.

668 1810 977 1851 Palaestrio

534 1882 627 1924 Hoc
657 1882 809 1924 facito:
844 1882 966 1924 miles
1000 1881 1171 1923 domum
1203 1881 1277 1923 ubi
1309 1883 1552 1931 aduenerit,

89 1951 335 1994 Memineris
366 1967 420 1996 ne
452 1953 817 1997 Philocomasium
851 1956 1060 1996 nomines.

670 2058 972 2100 Pleusicles

1116 2115 1249 2165 Quem
1280 2115 1524 2156 nominem?

662 2195 970 2238 Palaestrio

89 2249 281 2292 Diceam.

180 2377 247 2410 797
272 2375 381 2419 Quasi
407 2375 436 2410 C
538 2377 608 2411 hoc
635 2377 718 2420 AB,
743 2378 815 2412 huc
842 2377 871 2413 Ο
972 2377 1112 2411 famose
1146 2377 1278 2410 ancille
1304 2376 1351 2413 Β.
1387 2376 1551 2411 famaesae

90 2433 222 2468 ancille
251 2432 280 2468 Ο
356 2435 423 2469 798
448 2435 479 2468 ei
506 2445 571 2469 om.
656 2447 736 2469 sum
761 2435 925 2479 interpes
951 2434 986 2469 Β
1071 2435 1136 2468 ’799
1161 2433 1227 2468 PA
1253 2434 1454 2478 praefigunt
1487 2433 1555 2468 BC

181 2490 331 2524 surdum
360 2493 573 2526 ueruerauit
598 2493 626 2525 si
654 2492 758 2526 audis
783 2491 831 2535 Β,
867 2493 1018 2527 surdum
1053 2494 1225 2526 ueruerat
1259 2491 1316 2524 uit
1341 2491 1370 2525 si
1397 2491 1500 2525 audis
1527 2490 1555 2525 C

180 2549 290 2583 rectis
317 2547 345 2583 C
435 2549 527 2582 meis
553 2548 621 2583 BC
711 2551 778 2584 800
804 2561 869 2584 om.
895 2549 966 2585 BG
1056 2550 1117 2582 801
1150 2572 1179 2580 ..
1196 2547 1291 2582 dabo
1318 2548 1351 2581 A
1444 2547 1550 2582 Dabo

90 2610 190 2640 tuam
216 2604 262 2649 Β,
297 2606 403 2641 Dabo
431 2609 494 2640 tua
521 2606 550 2641 C
641 2618 791 2641 uxorem
886 2608 952 2641 802
977 2606 1105 2641 sedeat
1131 2617 1275 2642 mecum
1301 2603 1349 2647 Β,
1383 2617 1463 2640 sese
1489 2610 1552 2639 aut

90 2674 170 2697 eum
212 2663 241 2698 C·
336 2664 536 2698 conciliare
571 2662 598 2698 C
700 2665 766 2698 803
799 2663 870 2698 alia
902 2670 920 2699 e
1021 2665 1088 2697 804
1121 2663 1226 2707 potui
1325 2663 1482 2706 reperiri
1516 2662 1552 2697 B

178 2721 246 2754 805
279 2720 486 2765 Lepidioris
580 2720 675 2755 hanc
714 2727 802 2755 aera
831 2720 868 2755 B
960 2731 1030 2763 ego
1063 2721 1108 2754 ab
1134 2720 1178 2760 Β,
1213 2729 1282 2763 ego
1314 2719 1409 2753 habe
1436 2718 1464 2753 Ο

90 2778 156 2811 806
189 2778 234 2812 ad
266 2789 375 2812 curas
407 2782 445 2812 et
537 2785 697 2823 propera
721 2777 767 2821 Β,
803 2789 981 2822 properas
1007 2776 1036 2812 0
1115 2777 1163 2810 mi
1196 2775 1390 2819 pleusicles
1423 2775 1470 2820 Β,
1502 2777 1551 2810 mi

91 2835 275 2879 pleusides
298 2835 327 2870 C
404 2836 471 2869 807
490 2835 560 2869 huc
582 2834 705 2869 facito.
730 2833 801 2868 ΡΑ.
827 2834 874 2878 Β,
899 2835 969 2869 hoc
992 2835 1102 2868 facto.
1126 2832 1230 2867 PAO
1308 2835 1376 2868 808
1395 2845 1504 2878 quam
1526 2833 1555 2868 Ο

1281 2904 1301 2936 5
