1963 3243
334 235 411 274 128
1007 229 1128 264 Plauti
1539 229 1570 274 1,
1599 230 1630 272 2,
1653 230 1810 266 96—103

956 353 1187 406 Milphio

926 425 1122 467 Possum.

881 520 1263 572 Ayorastooles

1116 592 1196 633 Abi
1228 591 1398 633 domum
1431 604 1482 633 ao
1514 590 1724 646 suspende
1755 596 1820 633 te.-

959 692 1188 743 Milphio

333 761 471 812 Quam
503 762 557 806 ob
588 763 705 805 rem?

880 835 1260 888 Ayorastocles

541 904 649 955 Quia
679 906 765 947 iam
796 920 1031 959 numquam
1062 906 1231 948 audibis
1261 906 1397 948 uerba
1427 911 1495 949 tot
1525 911 1615 950 tam
1646 907 1811 949 suauia.

333 975 445 1026 Quid
470 976 550 1019 tibi
573 981 703 1032 opust
728 977 920 1019 uixisse?
951 978 1150 1019 ausculta
1174 977 1277 1020 mihi
1299 978 1427 1020 modo
1453 992 1502 1020 ac
1529 978 1741 1033 suspende
1757 983 1812 1020 te.

960 1079 1190 1132 Milphio

333 1149 378 1191 Si
409 1151 582 1203 quidem
611 1155 658 1192 tu
692 1165 736 1192 es
768 1164 935 1192 mecum
967 1150 1138 1193 futurus
1170 1166 1249 1206 pro
1282 1166 1367 1194 uua
1397 1166 1529 1206 passa
1560 1151 1749 1206 pensilis.

888 1253 1261 1306 Ayorastocles

333 1325 388 1365 At
418 1338 495 1378 ego
526 1338 622 1366 amo
653 1324 775 1367 hanc.

960 1411 1191 1464 Milphio

658 1482 716 1524 At
747 1496 822 1536 ego
856 1497 947 1525 esse
979 1489 1022 1524 et
1053 1483 1212 1525 bibere.

887 1585 1264 1637 Adelphasium

1083 1657 1175 1698 Eho
1206 1661 1266 1708 tu,
1301 1656 1401 1710 quid
1433 1657 1526 1699 ais?

894 1759 1248 1801 Anterastilis

1424 1828 1536 1881 Quid
1565 1829 1725 1883 rogas?
1751 1841 1818 1874 310

878 1917 1262 1970 Adelphasium

331 1987 440 2029 Uide
466 2002 567 2029 num
594 1988 709 2042 pleni
725 1989 840 2031 oculi
857 1989 1082 2032 sorderum
1101 1990 1174 2043 qui
1193 1994 1316 2030 erant
1331 1989 1416 2030 iam
1434 1987 1663 2042 splendent
1680 1987 1816 2030 mihi?

894 2090 1247 2132 Anterastilis

330 2161 463 2204 Immo
496 2163 626 2204 etiam
658 2164 700 2203 in
733 2162 872 2204 medio
906 2163 1031 2204 oculo
1064 2163 1239 2216 paulum
1270 2161 1427 2206 sordet.

882 2265 1262 2316 Adelphasium

1342 2334 1456 2378 Cedo
1489 2337 1546 2377 sis
1579 2335 1813 2377 dexteram.

881 2407 1267 2460 Ayorastocles

331 2478 389 2521 Ut
415 2479 589 2532 quidem
613 2484 662 2521 tu
685 2478 811 2520 huius
841 2479 987 2521 oculos
1012 2479 1145 2521 illotis
1172 2479 1370 2521 manibus
1395 2483 1557 2521 tractes
1575 2482 1652 2519 aut
1667 2475 1816 2520 teras?

420 2627 485 2661 307
511 2626 572 2671 qui
596 2626 669 2661 iam
784 2625 850 2660 308
877 2636 966 2670 opus
993 2625 1022 2659 si
1139 2625 1204 2660 309
1230 2636 1336 2669 passa
1361 2635 1425 2660 om.
1453 2623 1482 2661 0
1592 2623 1756 2668 pensibis
1779 2621 1815 2656 B

332 2683 398 2716 310
423 2683 554 2717 amabo
579 2681 615 2716 A
707 2683 771 2717 311
799 2681 943 2717 Uinden
971 2685 1010 2715 tu
1035 2680 1080 2725 B,
1109 2681 1219 2717 uiden
1244 2685 1284 2716 tu
1312 2681 1341 2717 0
1436 2681 1643 2716 sord.rum
1668 2679 1713 2720 A,
1739 2690 1814 2715 eor·

330 2738 463 2773 derunt
486 2738 555 2774 BG
643 2742 751 2774 erunt
775 2737 810 2773 Β
903 2739 968 2773 312
995 2738 1135 2774 sordist,
1161 2738 1193 2772 A
1282 2737 1358 2772 AD.
1383 2738 1542 2782 spatium
1566 2737 1663 2773 deest
1750 2735 1815 2772 313

330 2794 379 2830 Ut
403 2798 442 2829 tu
468 2795 615 2839 quidem
641 2794 708 2830 BG
798 2795 925 2829 inlutis
951 2793 1017 2829 BC
