1963 3243
310 224 334 263 2
342 225 392 262 14
984 219 1105 254 Plauti
1529 231 1632 265 supp.
1663 221 1794 255 19-—27

857 344 1244 398 Agorastocles

813 416 882 458 Sic
913 420 996 457 est:
1029 416 1156 457 hodie
1189 416 1362 457 cenabis
1393 415 1510 457 foris.

307 488 471 529 Aurum
501 492 728 541 argentum
766 487 937 538 collum,
970 487 1080 538 leno,
1111 488 1190 529 tris
1221 501 1289 528 res
1319 500 1432 528 nunc
1464 487 1593 528 debes
1626 487 1764 529 simul.

958 610 1144 652 Hanno

311 683 424 733 Quid
454 696 521 724 me
552 683 634 724 hac
663 696 709 723 re
739 682 882 723 facere
914 682 1078 726 deceat.
1112 687 1281 735 egomet
1311 696 1476 723 mecum
1510 681 1665 734 cogsto,

311 753 375 808 [Si
405 754 506 796 uolo
537 753 651 795 hunc
682 753 843 803 ulcisci,
876 754 966 795 litis
999 768 1159 808 sequar
1190 755 1231 795 in
1265 753 1405 795 alieno
1438 751 1616 807 oppido]
1707 765 1796 798 1400

310 826 531 876 Quantum
561 825 710 867 audiui
739 826 956 878 ingenium
989 830 1032 867 et
1062 840 1204 868 mores
1235 826 1325 867 eius
1357 839 1441 879 quo
1474 830 1602 879 pacto
1633 826 1755 866 sient.

851 942 1244 996 Adelphasium

310 1014 371 1056 Mi
400 1018 539 1068 pater,
570 1028 624 1055 ne
655 1013 758 1067 quid
787 1013 868 1055 tibi
899 1027 996 1054 cum
1027 1014 1136 1054 istoc
1167 1013 1229 1054 rei
1261 1013 1328 1053 sit.

959 1130 1144 1172 Hanno

1261 1202 1316 1242 At
1347 1215 1438 1242 mas
1469 1215 1576 1243 sum.

870 1295 1226 1337 Anterastilis

1590 1367 1794 1409 Obsecro.

311 1439 522 1481 Ausculta
552 1440 710 1491 sorori3
742 1439 825 1490 abi,
861 1439 1035 1491 diiunge
1066 1439 1315 1481 inimicitias
1348 1453 1444 1480 cum
1474 1437 1669 1494 inprobo.

954 1557 1147 1598 Hanno

310 1628 404 1669 Hoc
435 1642 514 1682 age
547 1629 625 1679 sis,
656 1629 766 1670 leno.
817 1628 1088 1682 Quamquam
1121 1642 1198 1680 ego
1229 1633 1272 1668 te
1304 1628 1521 1678 meruisse,
1551 1634 1599 1669 ut
1631 1641 1818 1682 pereas,-

1331 1700 1430 1749 scio,

311 1771 407 1813 Non
439 1773 636 1826 experiar
667 1777 823 1814 tecum.

861 1888 1247 1942 Agorastocles

657 1960 807 2014 Neque
839 1975 929 2014 ego,
963 1961 998 2001 si
1030 1973 1182 2001 aurum
1212 1959 1315 2000 mihi
1347 1959 1500 2002 reddes
1532 1973 1688 2001 meum.
1711 1970 1796 2004 1405

312 2030 461 2085 [Leno,
493 2032 666 2086 quando
699 2047 750 2074 ex
780 2047 914 2074 neruo
947 2031 1153 2081 emissu's,
1187 2032 1448 2085 conpingare
1480 2032 1524 2072 in
1565 2044 1794 2072 carcerem.

966 2148 1135 2202 Lycus

311 2221 457 2263 Iamne
487 2226 632 2263 autem
663 2227 712 2262 ut
743 2220 887 2262 soles?

843 2336 1268 2378 Antamoenides

887 2409 990 2461 Ego,
1024 2408 1177 2458 Poene,
1210 2407 1290 2448 tibi
1322 2421 1387 2448 ine
1420 2411 1651 2461 purgatum
1685 2405 1796 2456 uolo,

313 2481 355 2523 Si
389 2481 493 2536 quid
526 2481 613 2523 dixi
643 2481 781 2523 iratus
812 2481 1049 2522 aduorsum
1080 2480 1209 2521 animi
1244 2479 1306 2520 tui
1339 2479 1608 2527 sententiam,

405 2628 491 2661 1397
516 2627 651 2662 sicestu
675 2626 758 2661 ideo
852 2626 1029 2661 cenabilis
1055 2626 1089 2660 Β
1178 2626 1267 2659 1398
1293 2625 1467 2659 lenostris
1493 2635 1532 2657 re
1627 2621 1736 2657 semel
1761 2620 1796 2657 Β

316 2685 402 2717 1400
426 2683 486 2718 Sic
511 2683 546 2718 Β
620 2683 723 2717 ’1401
751 2683 851 2727 quod
944 2687 1052 2727 pecto
1078 2681 1114 2716 Β
1211 2682 1296 2715 1402
1321 2679 1367 2714 Ni
1460 2691 1570 2724 quom
1598 2679 1634 2714 Β
1727 2679 1796 2713 siet

314 2751 356 2774 ac
380 2750 542 2774 massum
568 2740 720 2774 obsecro
829 2739 914 2774 1403
940 2740 1036 2773 soroi
1063 2738 1098 2773 B
1208 2738 1291 2771 1405
1317 2737 1346 2771 si
1372 2747 1430 2771 me
1456 2747 1585 2771 aurum
1610 2735 1744 2771 reddes
1771 2733 1799 2769 G

315 2796 401 2829 1406
427 2796 562 2830 emisus
587 2795 622 2829 Β
718 2797 802 2830 1407
827 2795 901 2830 Iam
996 2800 1199 2840 pugnatum
