1963 3243
335 186 413 226 334
958 178 1153 217 Mercator.

332 315 524 352 contentis
568 316 788 362 cognatum.
828 331 884 337 —
924 312 1016 350 519.
1051 315 1231 359 matum,
1270 312 1318 349 cf.
1357 312 1408 349 ad
1443 313 1586 363 Amph.
1625 314 1691 352 48.
1729 333 1784 340 -—-

335 383 428 420 521.
461 385 523 420 tuo
554 393 627 424 ero,
660 394 749 417 nam
781 393 867 430 quae
896 384 1111 430 paraverat
1139 380 1255 428 filius,
1296 381 1459 429 proprie
1488 382 1616 430 patris
1647 386 1781 429 erant3

332 451 543 489 Charinum
580 452 709 487 autem
748 450 788 486 in
826 449 951 498 patris
989 452 1185 497 potestate
1216 448 1348 494 fuisse,
1387 448 1450 485 vel
1481 461 1529 486 ex
1559 462 1654 486 voce
1688 463 1781 499 „pe-

332 516 500 557 culium“
534 533 571 556 v.
604 518 653 554 95
689 520 862 567 apparet.
924 516 1033 562 Quod
1065 517 1189 564 igitur
1220 515 1437 553 Ritschelio
1476 513 1529 564 (v.
1561 514 1690 566 praef.)
1721 518 1784 555 hic

330 588 455 625 nodus
478 585 763 635 inexplicabilis
780 586 885 622 visus
902 590 972 632 est,
1000 585 1080 622 haec
1095 598 1174 621 non
1190 586 1312 633 magis
1329 586 1537 631 nugatoria
1553 589 1645 622 sunt
1667 598 1782 634 quam

330 659 415 693 tota
445 654 590 692 fabula.
623 673 677 677 —
710 653 804 690 522.
835 653 931 690 Post
960 653 1100 690 redemi
1129 652 1270 696 hiatus,
1302 665 1337 687 v.
1370 651 1526 700 Proleg.
1552 667 1589 702 p.
1617 654 1783 691 220.-

331 735 473 761 mecmn
504 724 550 767 A,
581 735 617 759 v,
650 721 699 758 ad
730 720 840 769 Capt.
874 721 968 766 925,
1001 720 1046 757 cf.
1079 719 1219 757 Pseud.
1254 721 1346 758 377.
1379 740 1434 745 —
1467 721 1558 757 524.
1595 721 1674 768 „Te
1703 722 1784 760 illic

330 789 469 830 homo⁴‘
505 789 646 827 Luchs.
679 789 812 826 Herm.
844 788 898 825 VI
927 802 965 838 p.
1000 789 1098 835 2803
1130 789 1197 825 vix
1228 801 1338 837 opus.
1372 808 1426 813 —
1456 789 1512 826 ita
1543 791 1581 826 et
1610 794 1643 825 A
1675 793 1716 828 et
1737 789 1781 827 B.

331 879 385 885 —-
424 861 458 896 te
495 858 585 895 add.
617 856 724 895 Cam.
770 877 824 883 —
872 859 964 895 525.
1008 869 1180 903 „mecum
1218 870 1297 893 rem
1337 854 1490 906 coepit“
1532 857 1670 895 Latine
1707 858 1784 895 dici

330 929 396 966 vix
433 930 586 977 potest,
627 938 750 975 quare
788 926 828 962 in
865 926 1000 975 priore
1031 924 1092 961 ed.
1128 923 1312 971 „biennio
1344 936 1493 962 mecum
1524 938 1606 962 rem
1636 926 1783 964 habere

331 993 482 1045 coepit“
518 994 637 1031 edidi.
698 993 774 1031 Sed
811 993 936 1030 multo
973 993 1127 1029 facilius
1159 991 1293 1029 GoetZ.
1326 993 1410 1030 med
1439 1005 1584 1030 amare.
1615 1014 1670 1018 —
1702 995 1781 1032 526

329 1063 441 1101 Acid.
473 1067 512 1099 et
542 1062 588 1099 R.
619 1063 800 1112 proximo
830 1062 961 1098 versui
991 1064 1309 1110 postposuerunt,
1341 1064 1499 1099 temere.
1539 1080 1593 1086 —-
1632 1062 1712 1099 528
1742 1063 1783 1099 in

330 1135 364 1170 A
394 1145 494 1169 unus
525 1142 662 1167 versus
694 1133 770 1176 est,
810 1130 850 1166 in
882 1130 1022 1166 ceteris
1053 1129 1150 1176 duo3
1186 1129 1288 1166 illud
1317 1133 1424 1166 recte
1455 1134 1614 1167 secutus
1646 1134 1706 1167 est
1734 1129 1780 1167 R.

331 1201 470 1238 deletis
508 1198 724 1236 manifestis
764 1197 1021 1246 glossematis,
1059 1198 1134 1234 nisi
1172 1198 1277 1246 quod
1315 1211 1361 1235 ex
1400 1198 1525 1235 altero
1562 1211 1678 1235 versu
1707 1199 1784 1242 nisi

330 1282 401 1318 pro
439 1281 509 1317 ego
551 1267 727 1303 adscivit.
790 1265 1018 1302 Ceterorum
1056 1265 1234 1303 codicum
1270 1267 1507 1315 scripturam
1547 1267 1647 1303 male
1677 1268 1783 1304 tueri

330 1340 522 1375 conantur
559 1334 737 1384 Spengel.
778 1333 917 1371 Philol.
955 1332 1090 1370 XXIII
1127 1348 1165 1383 p.
1208 1335 1287 1371 674
1328 1338 1367 1371 et
1397 1333 1558 1383 Langen
1588 1334 1711 1372 Beitr.
1741 1348 1780 1384 p.

335 1407 424 1444 195.
457 1424 511 1429 —-
545 1404 637 1442 529.
667 1404 784 1449 caput
813 1402 973 1448 limaret,
1006 1402 1052 1439 cf.
1085 1401 1224 1439 Bacch.
1260 1403 1324 1440 31.
1384 1402 1501 1440 Poen.
1535 1403 1629 1440 289.
1680 1402 1780 1440 Non.

328 1488 368 1524 p.
402 1474 496 1511 334.
556 1471 613 1508 De
651 1472 899 1508 coniunctivo
936 1484 971 1507 v.
1004 1470 1054 1507 ad
1085 1470 1169 1507 Mil.
1207 1472 1325 1508 1411.
1362 1490 1414 1496 --
1450 1472 1542 1508 530.
1575 1482 1627 1508 an
1664 1473 1780 1508 mari-

331 1541 438 1579 tust?
467 1541 501 1577 A
531 1544 575 1576 ut
606 1539 667 1576 ed.
699 1552 773 1588 pr.⁷
805 1539 917 1588 prob.
952 1538 1083 1576 Below
1114 1539 1160 1575 de
1192 1538 1302 1576 hiatu
1333 1552 1372 1588 p.
1407 1541 1470 1577 39.
1518 1539 1583 1576 R..
1621 1540 1782 1586 „amabo

328 1614 378 1657 te,
420 1622 468 1646 an
507 1603 742 1645 inaritust‘?“
787 1606 920 1644 Goetz.
955 1620 1040 1643 cum
1072 1607 1224 1644 Mucll.:
1270 1621 1342 1653 „an
1373 1608 1448 1643 iam
1479 1605 1570 1644 m.“.
1604 1626 1657 1632 --
1690 1609 1782 1646 531.

328 1678 453 1715 Homo
482 1676 606 1714 hercle
631 1676 875 1722 perdurauz't;
904 1675 986 1712 haec
1016 1675 1238 1724 Lysimachi
1265 1675 1388 1712 verba
1426 1688 1524 1721 esse,
1563 1676 1664 1712 vidit
1693 1677 1781 1712 Aci-

330 1746 406 1783 dal.
440 1749 480 1782 et
509 1743 712 1782 confirmat
742 1744 787 1780 A.
818 1762 870 1776 o-
907 1744 999 1780 532.
1024 1743 1279 1791 Lysimachus
1303 1744 1434 1780 ridens
1458 1743 1564 1792 quod
1589 1743 1797 1792 Demipho'
1872 1747 1874 1750 ’

330 1814 560 1852 adulescens
599 1812 835 1862 appelletur,
878 1809 1049 1858 „lmm0“
1098 1813 1229 1861 inquit
1278 1824 1401 1860 „puer
1445 1809 1544 1858 est“‚
1592 1812 1638 1849 cf.
1687 1812 1780 1849 289.

328 1882 464 1928 Addit,
496 1886 540 1918 ut
563 1882 677 1931 pueri
708 1883 858 1930 septem
890 1893 1081 1916 annorum
1106 1880 1242 1917 dentes
1267 1883 1432 1926 mutent,
1465 1882 1520 1916 ita
1544 1880 1633 1917 huic
1657 1893 1782 1929 nuper

329 1950 518 1988 excidisse
549 1949 696 1986 dentes.
730 1968 784 1973 —
817 1949 910 1986 533.
944 1948 1050 1986 diust
1078 1960 1190 1995 quom
1220 1948 1276 1996 A;
1308 1948 1355 1985 cf.
1380 1948 1524 1998 Amph.
1544 1949 1644 1986 298:
1680 1949 1780 1995 „iam

329 2019 455 2064 diust,
503 2018 607 2067 quod
652 2018 783 2054 uentri
829 2019 977 2054 uictum
1022 2030 1099 2053 non
1145 2014 1288 2053 datis“.
1371 2016 1475 2054 Pers.
1530 2017 1626 2054 138:
1679 2029 1781 2063 „non

329 2100 396 2124 sex
436 2087 580 2123 mensis
619 2085 846 2133 Megaribus
886 2085 961 2121 huc
1000 2088 1058 2121 est
1095 2097 1210 2134 quom
1249 2081 1560 2134 commigrauit“.
1592 2104 1646 2109 —
1687 2085 1779 2122 534.

328 2155 448 2192 Hunc
477 2156 523 2191 A.
554 2173 611 2178 —
642 2155 734 2191 535.
765 2164 874 2199 uxor,
907 2166 1008 2190 mea.

444 2359 537 2396 536.
571 2358 781 2408 Postquam
821 2359 925 2396 intro
964 2358 1149 2395 abierunt
1180 2357 1433 2407 Lysimachus
1471 2361 1510 2394 et
1538 2357 1778 2403 muliercula,

329 2427 523 2476 Demipho
562 2426 724 2464 advenit
760 2427 874 2464 laetus
912 2427 1076 2463 victoria
1113 2430 1153 2463 et
1188 2439 1256 2476 spe
1294 2426 1552 2476 voluptatum.
1592 2445 1647 2452 —
1687 2427 1780 2464 537.

330 2496 429 2532 clam
458 2495 583 2539 fillum
614 2496 660 2531 A.
694 2514 748 2519 —
781 2495 871 2532 538.
903 2496 1076 2542 antiqua,
1118 2496 1321 2543 antiquum
1352 2493 1509 2532 vivendi
1542 2507 1699 2543 morem,
1731 2493 1777 2531 cf.

330 2563 378 2599 ad
412 2563 527 2600 Most.
563 2564 655 2600 774.
688 2581 741 2587 —
774 2563 866 2600 539.
903 2562 1101 2599 veriorem
1133 2563 1370 2613 scripturam
1387 2564 1560 2599 servavit
1575 2563 1627 2599 A:
1652 2561 1780 2600 Breue

332 2632 408 2668 iam
452 2631 636 2679 reliquom
688 2631 792 2668 uitae
842 2632 1049 2678 spatiumst
1092 2632 1185 2678 quin
1229 2641 1308 2678 eqo.
1384 2630 1440 2667 De
1486 2630 1780 2679 quadrisyllaba

332 2700 456 2735 forma
486 2699 673 2736 relicuum
703 2711 739 2736 v.
771 2698 820 2735 ad
836 2700 944 2735 Asin.
977 2698 1071 2736 231.
1103 2700 1207 2745 quin,
1243 2711 1276 2736 v.
1293 2711 1413 2748 supra
1437 2698 1485 2735 ad
1507 2698 1778 2736 187.—-540.
