1963 3243
131 207 159 249 1,
183 208 214 246 2,
239 207 397 241 98—104
758 205 957 239 Mercator.
1514 208 1589 246 147

728 330 995 371 Acanthio

332 403 421 452 Em,
456 404 570 445 istuc
601 417 732 444 unum
765 403 945 444 uerbum
979 403 1128 444 dixisti
1162 403 1465 444 uerissumum.

732 553 996 596 Charinus

130 629 346 685 [Stultitia
372 629 509 669 istaec
535 633 611 668 est.
660 626 771 676 Quid
790 628 980 668 faciam?
1012 626 1164 669 Credo,
1184 641 1266 668 non
1287 628 1436 669 credet
1455 635 1589 681 pater,

129 701 170 744 Si
201 702 317 743 illam
353 702 478 741 matri
514 714 632 740 meae
665 700 818 740 emisse
851 699 1015 745 dicam:
1048 706 1144 752 post
1176 705 1321 740 autem
1357 701 1473 751 mihi]
1521 713 1588 745 205

128 774 274 817 Scelus
306 773 494 817 uidetur,
530 787 594 813 me
627 773 798 826 parenti
830 772 1031 825 proloqui
1063 771 1351 813 mendacium.

127 846 272 899 Neque
298 845 368 887 ille
397 845 545 886 credet
570 858 709 898 neque
728 843 994 888 credibilest.
1022 844 1159 885 forma
1179 845 1337 886 eximia
1361 845 1585 887 mulierem

128 919 246 961 Meae
278 932 344 959 me
377 918 532 959 emisse
565 916 768 958 ancillam
802 917 943 957 matri.

721 1066 754 1106 A
769 1079 791 1106 c
803 1079 862 1107 an
876 1064 990 1106 thio

987 1137 1083 1179 Non
1115 1142 1248 1181 taces.
1284 1138 1583 1180 stultissume?

126 1209 281 1252 Credet
314 1210 477 1257 hercle:
509 1224 607 1251 nam
641 1209 854 1252 credebat
885 1211 971 1251 iam
1004 1210 1123 1251 mihi.

720 1357 990 1401 Charinus

1144 1432 1291 1474 Metuo
1324 1434 1469 1485 miser,

123 1504 186 1546 Ne
218 1510 382 1559 patrem
416 1504 670 1558 prehendat,
702 1511 751 1546 ut
782 1506 839 1546 sit
869 1510 993 1558 gesta
1024 1519 1106 1549 res.
1139 1507 1343 1559 suspicio.
1519 1519 1585 1550 210

124 1577 225 1627 Hoc,
255 1577 372 1632 quod
404 1582 447 1618 te
478 1591 600 1630 rogo,
633 1578 862 1630 responde.

718 1726 990 1767 Acanthio

908 1798 1021 1848 Quin
1056 1804 1117 1842 tu.
1150 1800 1186 1840 si
1219 1800 1324 1853 quid
1357 1801 1435 1850 uis,
1468 1814 1585 1854 roga.

719 1946 989 1989 Charinus

124 2020 231 2062 Num
265 2021 575 2073 esseamicam
609 2021 825 2074 suspicari
857 2021 978 2063 uisus
1011 2022 1105 2063 est‘?

721 2170 860 2212 Acan
872 2169 989 2212 thio

1143 2242 1239 2284 Non
1272 2243 1390 2284 uisus
1423 2247 1499 2284 est.

123 2313 230 2364 Quin
263 2314 467 2368 quidque,
499 2320 548 2356 ut
580 2315 792 2365 dicebam,
827 2314 931 2356 mihi
964 2315 1187 2357 credebat.

718 2463 987 2506 Charinus

1013 2537 1184 2586 Uerum,
1215 2539 1263 2578 ut
1294 2536 1374 2577 tibi
1407 2534 1582 2588 quidem

125 2605 250 2649 Uisus
279 2612 356 2650 est.

211 2781 277 2815 203
290 2779 373 2813 hem
390 2777 420 2813 G
507 2779 574 2812 204
588 2777 729 2812 CHAR.
746 2789 811 2813 om.
906 2781 973 2815 208
987 2780 1079 2814 Eam
1095 2792 1153 2813 me
1237 2780 1298 2812 211
1320 2777 1425 2812 ACH.
1441 2789 1579 2821 quaeso

125 2839 210 2883 quid
234 2839 369 2883 rogas?
463 2837 621 2869 212—14
645 2835 752 2870 Aen.
779 2836 859 2871 Non
887 2839 951 2872 sed
978 2837 1166 2878 credebat,
1194 2837 1338 2870 omissis
1362 2836 1490 2869 mediis
1517 2834 1544 2868 C

1310 2903 1375 2938 10*
