1963 3243
362 229 440 269 176
1027 225 1164 261 ‘Plauti
1542 225 1607 268 IV,
1632 226 1663 269 2,
1689 226 1846 261 92—-107

984 350 1214 405 Milphio

1278 421 1492 477 Lepidu's,
1525 436 1653 476 quom
1678 436 1846 474 mones,

357 478 415 520 Et
444 479 507 520 ita
538 478 620 520 hoc
652 477 737 520 fiet.

926 549 1284 603 Syncerastus

518 620 663 662 Proba
693 621 896 663 materies
927 621 1031 663 data
1063 626 1139 672 est,
1173 621 1208 662 si
1239 621 1421 674 probum
1454 620 1634 664 adhibes
1665 620 1846 663 fabrum.

990 699 1214 754 Milphio

358 756 483 798 Potin
515 761 565 798 ut
597 757 775 798 taceas?

917 826 1282 882 Syncerastus

703 899 843 941 Taceo
875 903 1008 954 atque
1040 899 1162 940 abeo.

991 970 1217 1024 Milphio

1104 1042 1212 1084 M1hi
1243 1042 1592 1085 commoditatem
1624 1057 1757 1086 creas.
1785 1055 1851 1089 915

358 1114 452 1155 Illic
476 1114 577 1156 hinc
602 1113 722 1156 abiit.
783 1113 837 1155 Di
865 1114 1117 1156 inmortales
1140 1128 1283 1156 meum
1308 1128 1427 1155 erum
1452 1119 1673 1156 seruatum
1697 1115 1853 1158 uolunt

357 1186 414 1228 Et
443 1186 558 1228 hunc
589 1185 875 1239 disperditum
906 1186 1128 1239 lenonem3
1165 1190 1337 1227 tantum
1369 1199 1463 1227 eum
1495 1187 1632 1228 instat
1663 1187 1778 1229 exiti.

359 1257 529 1309 Satine,
575 1258 830 1312 priusquam
870 1272 1002 1299 unum
1041 1261 1109 1300 est
1144 1258 1352 1299 iniectum
1393 1258 1540 1305 telum,
1588 1259 1673 1300 iam
1717 1259 1853 1301 instat

1381 1330 1592 1372 alterum?

358 1402 435 1444 Ibo
467 1403 601 1453 int-ro,
647 1401 755 1443 haec
791 1406 842 1443 ut
878 1415 974 1444 meo
1019 1415 1093 1443 ero
1131 1415 1383 1453 memorem,
1430 1416 1531 1443 nam
1571 1402 1654 1444 huc
1685 1403 1720 1444 si
1752 1407 1852 1445 ante

1380 1473 1510 1515 aedes
1543 1487 1730 1525 euocem‚

358 1545 548 1598 Eroque,
592 1559 704 1599 quae
736 1544 968 1587 audiuistis
999 1545 1145 1597 modo,
1191 1558 1305 1586 nunc
1336 1546 1371 1586 si
1403 1545 1552 1587 eadem
1577 1545 1656 1588 -hic
1685 1547 1852 1595 stenem,

1378 1617 1553 1659 inscitia
1585 1622 1661 1659 est.
1786 1629 1853 1673 920

358 1689 441 1731 Uni
473 1690 620 1743 potius
651 1689 768 1730 intus
801 1702 875 1731 ero
908 1688 1020 1740 odio,
1053 1703 1181 1743 quam
1214 1689 1285 1731 hic
1316 1690 1395 1731 sim
1428 1689 1555 1731 uobis
1588 1690 1797 1732 omnibus.

360 1759 432 1814 [Di
464 1760 727 1811 inmortales,
759 1763 913 1814 quanta
935 1761 1088 1812 pestis,
1121 1765 1282 1814 quanta
1313 1761 1490 1803 aduenit
1521 1761 1748 1804 calamitas

357 1832 498 1874 Hodie
538 1832 594 1874 ad
631 1832 746 1873 hunc
775 1832 992 1874 lenonem!
1035 1833 1110 1874 sed
1142 1847 1220 1886 ego
1250 1833 1378 1875 nimis
1411 1833 1485 1874 diu
1517 1837 1583 1874 est
1621 1847 1752 1887 quom
1784 1846 1851 1875 me

1378 1918 1535 1947 moror.

357 1975 425 2016 Ita
455 1976 680 2029 negotium
709 1976 960 2017 institutum
992 1980 1075 2018 est:
1108 1991 1195 2018 non
1227 1977 1358 2018 datur
1389 1977 1589 2019 cessatio.

357 2047 465 2090 Nam
491 2052 534 2089 et
558 2047 640 2090 hoc
664 2047 791 2089 docte
817 2048 1142 2099 consulendum,
1170 2048 1287 2102 quod
1316 2048 1444 2091 modo
1463 2048 1758 2090 concreditum
1776 2052 1852 2100 est,

358 2119 415 2160 Et
441 2119 548 2161 illud
573 2124 720 2161 autem
748 2120 1074 2161 inseruiendum
1108 2124 1173 2162 est
1206 2120 1434 2162 consilium
1465 2119 1760 2162 uernaculum.
1786 2130 1853 2166 926

359 2191 546 2232 Remora
577 2191 612 2232 si
645 2192 713 2243 sit,
746 2192 819 2245 qui
851 2192 1008 2233 malam
1040 2206 1131 2234 rem
1161 2191 1264 2233 mihi
1296 2192 1380 2242 det,
1414 2192 1566 2234 merito
1596 2190 1760 2234 fecerit.

359 2261 481 2303 Nunc
513 2263 628 2305 intro
660 2263 752 2315 ibo3
784 2263 886 2305 dum
915 2277 1013 2305 erus
1046 2263 1251 2305 adueniat
1283 2278 1308 2305 a
1333 2262 1439 2314 foro,
1474 2264 1676 2318 opperiar
1703 2261 1850 2317 domi]

448 2455 515 2489 916
541 2455 654 2490 Illinc
770 2457 836 2490 913
863 2467 974 2490 unum
1002 2456 1031 2490 si
1055 2455 1235 2491 inlectum
1347 2457 1424 2489 tam
1537 2455 1672 2490 iterum
1787 2455 1853 2490 919

360 2511 485 2545 edesse
511 2522 639 2546 uocem
781 2513 848 2546 920
873 2512 1025 2556 Eroque
1050 2523 1106 2547 om
1242 2510 1317 2555 Que
1343 2511 1519 2546 audiuisti
1648 2513 1781 2546 iterum
1806 2509 1852 2554 Β,
1913 2512 1915 2514 ’

361 2568 532 2602 sitterum
560 2568 588 2603 G
672 2569 735 2603 921
763 2569 838 2603 Ero
864 2569 925 2603 uni
1010 2569 1095 2603 obio
1178 2569 1348 2603 omuibus
1374 2568 1482 2603 uobis
1509 2567 1539 2605 O
1623 2569 1689 2603 922
1715 2571 1852 2613 quanta

361 2625 473 2668 pestis
500 2635 565 2660 om.
593 2635 672 2660 cum
697 2626 830 2660 lacuna
854 2625 922 2660 BG
1035 2627 1102 2660 923
1128 2637 1196 2670 ego
1222 2636 1320 2660 nunc
1347 2628 1400 2659 est
1504 2635 1628 2659 morer
1654 2624 1682 2659 C
1784 2625 1850 2659 924

360 2680 401 2714 Id
426 2681 494 2716 ‚BG
605 2681 814 2716 institutum
841 2682 869 2716 si
894 2681 963 2716 BG
1077 2684 1143 2716 925
1168 2686 1279 2718 nocte
1395 2693 1466 2726 quo
1493 2681 1602 2716 domo
1629 2693 1651 2726 q
1677 2680 1721 2724 B,
1750 2679 1849 2725 quod

361 2737 470 2771 homo
498 2738 527 2773 G
601 2739 666 2772 926
692 2749 818 2772 aurum
845 2737 878 2771 A
961 2740 1026 2773 927
1052 2738 1188 2773 Remor
1211 2738 1278 2773 BC
1352 2739 1486 2773 malem
1510 2737 1545 2772 B
1623 2738 1685 2773 det
1711 2737 1799 2772 mihi
1825 2735 1854 2771 0

359 2795 426 2828 928
450 2793 485 2828 Β
509 2795 628 2829 addit:
654 2794 776 2829 hanno
802 2794 955 2837 scenice,
983 2798 1059 2829 tum
1086 2794 1275 2830 POENUS
1299 2793 1562 2837 LOQUITUR.
