1963 3243
129 176 170 222 V,
199 177 330 211 13—24
684 173 790 208 Miles
814 173 1011 216 gloriosus.
1507 175 1582 213 125

646 300 708 351 I'JJ
721 314 774 351 ry
785 315 840 351 opt
853 315 874 338 ο
885 301 898 340 l
911 301 925 340 ι’
937 317 958 340 η
973 301 1017 341 it·
1027 315 1046 339 (Λ
1059 315 1079 336 s

127 374 234 424 Oiei,
266 374 375 414 satis
407 388 503 415 sum
535 372 814 423 uerberatus;
847 373 1038 414 obsecro.

754 497 964 551 Coquos

1033 570 1172 620 Quam
1204 583 1303 610 mox
1335 569 1462 610 seco?
1498 580 1585 612 1400

625 672 1086 724 Periplecomenns

126 745 207 788 Ubi
238 745 371 788 lubet.
435 745 689 799 Dispendite
721 746 937 787 hominem
971 746 1190 787 diuersum
1224 752 1266 786 et
1297 743 1546 785 distendite.

627 870 1079 925 Pyrgopolinices

124 943 314 986 Obsecro
347 944 489 986 hercle
523 951 577 992 te,
611 949 659 984 ut
690 959 784 986 inea
811 943 945 985 uerba
971 943 1124 984 audias
1151 943 1270 996 prius
1296 956 1424 994 quani
1451 948 1580 982 secat.

613 1070 1086 1122 Periplecomenus

126 1142 335 1196 Loquere.
370 1143 560 1183 nondum
592 1143 716 1183 nihili
748 1142 902 1183 factus.

626 1255 1077 1310 Pyrgopolinices

887 1327 1073 1370 Uiduam
1106 1326 1250 1367 hercle
1284 1340 1379 1368 esse
1413 1327 1580 1377 censui3

122 1400 275 1455 Itaque
307 1401 478 1453 ancilla,
512 1402 784 1443 conciliatrix
817 1415 928 1454 quae
961 1405 1068 1449 erat,
1100 1398 1274 1440 dicebat
1288 1399 1422 1450 jmihi.

610 1515 1082 1569 Periplecomenus

122 1587 222 1629 Iura
252 1593 295 1630 te
326 1602 412 1630 non
442 1589 693 1630 nociturum
725 1602 822 1629 esse
854 1587 1018 1628 homini
1045 1586 1098 1627 de
1123 1585 1206 1627 hac
1230 1599 1275 1626 re
1301 1585 1474 1635 nemini,
1496 1597 1582 1630 1405

124 1658 245 1710 Quod
278 1665 325 1702 tu
357 1661 484 1703 hodie
515 1660 586 1702 hic
618 1659 889 1702 uerberatu's
922 1664 999 1700 aut
1030 1658 1145 1713 quod
1178 1657 1480 1706 uerberabere‚

124 1729 168 1772 Si
198 1738 240 1773 te
273 1732 441 1774 saluom
473 1733 573 1774 hinc
604 1734 856 1774 amittemus
889 1731 1123 1774 Uenerium
1154 1730 1423 1785 nepotulum.

626 1846 1078 1902 Pyrgopolinices

124 1917 224 1959 Iuro
257 1932 330 1971 per
361 1918 510 1962 Iouem
543 1924 585 1961 et
617 1919 861 1961 Mauortem
894 1933 960 1960 me
991 1918 1239 1959 nociturum
1270 1918 1444 1968 nemini,

124 1989 246 2040 Quod
272 2004 351 2044 ego
377 1991 447 2034 hic
471 1992 598 2034 hodie
616 1992 884 2046 uapularim3
915 1992 1096 2044 iureque
1120 1989 1164 2030 id
1188 1989 1351 2031 factum
1375 1989 1580 2039 arbitror,

123 2060 179 2103 Et
204 2063 239 2103 si
262 2063 496 2106 intestatus
519 2079 606 2106 non
630 2064 739 2106 abeo
763 2063 876 2115 hinc,
903 2063 1012 2106 bene
1046 2063 1192 2115 agitur
1216 2075 1295 2116 pro
1319 2062 1461 2103 noxia.
1494 2073 1582 2106 1410

627 2177 1076 2233 Pyrgopolinices

127 2247 250 2301 Quid,
281 2252 317 2293 si
348 2252 391 2294 id
423 2265 508 2294 non
539 2251 678 2293 faxis?

220 2403 304 2438 1400
327 2402 397 2437 PY.
423 2413 490 2438 om.
584 2401 664 2436 Olei
688 2401 758 2438 BC
846 2401 918 2437 PE.
944 2413 1055 2446 quam
1074 2412 1191 2445 exego
1205 2399 1251 2443 Β,
1278 2411 1388 2444 quam
1409 2412 1495 2435 mox
1509 2412 1579 2445 ego

128 2457 157 2494 C
268 2462 353 2495 1401
379 2461 451 2495 PE.
478 2471 544 2495 om.
661 2459 765 2504 lupet
791 2459 992 2494 distendite
1019 2458 1047 2493 C
1160 2458 1372 2502 dispendite
1493 2459 1579 2493 1403

125 2516 254 2551 niliblo
278 2517 399 2553 factus
425 2517 471 2559 B,
497 2518 616 2552 donec
640 2517 780 2552 factum
805 2521 860 2550 est
887 2516 917 2551 Ο
1011 2516 1119 2550 uidea
1144 2514 1296 2557 essezB,
1324 2515 1472 2549 uiduam
1499 2526 1580 2549 esse

128 2571 157 2607 0
247 2577 333 2609 1404
358 2587 451 2620 quae
474 2579 555 2610 erat
569 2586 635 2610 om.
651 2574 680 2608 C
772 2575 859 2608 1405
873 2585 948 2608 non
963 2584 1030 2608 om.
1046 2574 1078 2607 A
1150 2579 1168 2608 ἓ
1183 2572 1218 2607 Β
1312 2571 1501 2607 hominem
1515 2571 1583 2606 BC

216 2633 401 2667 neminem
428 2633 456 2668 C
548 2633 635 2666 1406
660 2631 759 2676 quod
786 2631 982 2666 uerberare
998 2630 1035 2671 C,
1062 2638 1120 2674 qm
1148 2628 1398 2664 uerberareB
1493 2631 1580 2663 1407

128 2687 185 2723 hic
209 2687 245 2723 B
336 2690 527 2724 mittemus
542 2690 585 2729 A,
612 2690 794 2723 mittimus
809 2687 877 2723 BG
966 2688 1179 2732 nepotulam
1202 2686 1237 2721 Β
1333 2688 1420 2720 1408
1433 2685 1535 2720 Luro
1555 2684 1583 2720 C

216 2747 347 2790 peridii
359 2747 405 2790 B,
429 2747 595 2791 peridarn
611 2745 639 2780 G
730 2746 887 2780 Martem
901 2745 971 2780 BG
1063 2746 1149 2779 1409
1166 2743 1260 2786 Quid
1273 2743 1307 2778 B
1400 2743 1536 2786 uapulo
1555 2741 1584 2777 0

227 2804 305 2839 iure
330 2806 393 2849 qui
418 2805 554 2838 factum
568 2804 613 2845 B,
640 2803 704 2838 sed
729 2802 818 2836 mihi
838 2803 876 2836 id
897 2814 988 2846 eque
1009 2801 1147 2836 factum
1165 2800 1194 2835 G
1286 2802 1372 2834 1410
1386 2800 1502 2833 babeo
1518 2800 1582 2833 BC
