1963 3243
88 211 157 253 111,
188 213 213 246 1.
240 212 376 245 23-38
661 210 767 245 Miles
793 210 986 253 gloriosus.
1493 214 1543 253 53

585 336 1055 389 Periplecomenus

721 405 832 456 Quid
865 407 907 449 id
941 413 1019 454 est,
1053 408 1166 461 quod
1200 409 1393 449 cruciat?
1426 409 1542 450 codo.

665 532 964 574 Pleusicles

90 606 155 647 Me
188 605 265 646 tibi
298 606 411 647 istuc
445 607 599 647 aetatis
631 605 794 646 homini
827 604 1020 646 facinora
1052 604 1237 658 puerilia
1479 617 1546 650 620

88 677 281 726 Obicere,
315 691 364 718 ac
395 692 532 732 neque
564 684 605 719 te
639 677 797 719 decora
830 690 968 730 neque
1001 677 1088 718 tuis
1120 676 1359 718 uirtutibus

88 750 122 791 A
152 755 194 791 te
228 755 442 803 expetere,
474 755 514 791 te
549 764 598 790 ex
631 749 787 803 opibus
819 749 995 790 summis
1030 750 1109 790 mei
1142 748 1317 790 honoris
1349 750 1489 800 gratia

88 821 278 874 Mihique
311 823 472 863 amanti
505 823 566 863 ire
593 821 851 875 opitulatum
878 826 1008 874 atque
1033 836 1084 862 ea
1108 826 1150 862 te
1179 821 1320 862 facere
1339 822 1544 869 facinora,

86 893 203 944 Quae
235 894 371 935 istaec
403 899 526 935 aetas
559 893 702 946 fugere
736 893 851 934 facta
883 893 1019 945 magis
1051 907 1178 947 quam
1223 895 1382 935 sectari
1421 894 1543 936 solet.

88 965 190 1007 Eam
223 965 358 1019 pudet
391 979 455 1007 me
488 965 568 1006 tibi
599 966 640 1006 in
674 970 848 1007 senecta
880 964 1050 1006 obicere
1084 965 1435 1007 sollicitudinem.
1479 978 1545 1011 625

655 1091 973 1132 Palaestrio

87 1163 209 1205 Nouo
240 1163 368 1205 modo
400 1169 447 1204 tu
479 1163 606 1206 homo
638 1177 772 1211 amas,
814 1164 850 1204 si
882 1162 1056 1216 quidem
1088 1168 1130 1204 te
1164 1163 1398 1218 quidquam
1432 1165 1546 1218 quod

1132 1235 1242 1276 faxis
1276 1236 1432 1290 pudet3

86 1307 202 1350 Nihil
247 1321 387 1358 amas,
444 1308 598 1350 umbra
645 1322 689 1350 es
736 1313 957 1350 amantum
1004 1308 1140 1360 magis
1187 1322 1318 1362 quam
1365 1315 1545 1361 amator,

1124 1379 1374 1422 Pleusicles.

664 1460 967 1502 Pleusicles

84 1532 278 1575 Hancine
311 1537 500 1575 aetatem
532 1546 733 1574 exercere
763 1532 844 1572 mei
875 1545 941 1573 me
974 1533 1133 1574 amoris
1166 1533 1326 1586 gratia!

571 1658 1054 1713 Periplecomenus

84 1731 194 1781 Quid
226 1733 290 1774 ais
322 1732 398 1773 tu?
437 1733 555 1773 itane
586 1731 666 1773 tibi
699 1745 776 1784 ego
820 1730 971 1773 uideor
1009 1731 1168 1785 oppido
1200 1731 1547 1774 Acherunticus?

83 1803 188 1845 Tam
220 1804 471 1858 capularis?
504 1808 647 1844 tamne
680 1803 759 1845 tibi
793 1803 864 1844 diu
897 1804 1049 1846 uideor
1080 1805 1216 1845 uitam
1247 1805 1424 1847 uiuere?
1480 1818 1547 1851 630

84 1877 191 1918 Nam
239 1876 437 1930 equidem
483 1876 600 1918 haud
646 1891 738 1918 sum
784 1880 911 1918 natus
956 1890 1093 1918 annos
1140 1877 1458 1931 quinquaginta
1504 1885 1547 1920 et

1201 1954 1432 2004 quattuor;

83 2019 207 2064 Clare
239 2022 374 2064 oculis
407 2022 547 2072 uideo,
580 2022 733 2076 pernix
766 2035 860 2063 sum
893 2013 1105 2070 manibus,
1145 2021 1328 2075 pedibus
1361 2022 1543 2066 mobilis.

657 2148 971 2189 Palaestrio

84 2219 127 2261 Si
159 2219 434 2274 albicapillus
466 2220 536 2262 hic
567 2221 754 2270 uidetur,
788 2220 1040 2273 neutiquam
1073 2219 1126 2260 ab
1158 2220 1329 2272 ingenio
1361 2228 1502 2273 senet3

83 2293 199 2334 Inest
228 2293 272 2334 in
305 2292 387 2333 hoc
417 2294 675 2334 amussitata
707 2306 784 2334 sua
818 2291 901 2333 sibi
933 2293 1122 2344 ingenua
1153 2291 1333 2334 indoles.

173 2441 240 2474 619
263 2440 368 2475 PLE.
473 2441 641 2475 cruciant
667 2440 753 2476 ced.
769 2439 836 2481 .B‚
862 2439 1004 2474 cruciat
1029 2443 1066 2473 te
1092 2437 1120 2473 C
1198 2440 1266 2473 620
1290 2439 1397 2474 PER.
1480 2435 1543 2476 621

84 2502 196 2541 atque
219 2497 265 2541 B,
292 2510 411 2542 neque
438 2498 466 2533 0
568 2499 635 2532 622
659 2499 770 2532 Atate
795 2496 841 2539 B,
868 2508 910 2531 ea
935 2500 972 2530 te
1001 2495 1031 2531 C
1130 2495 1219 2529 mihi
1325 2498 1391 2532 623
1416 2499 1488 2534 iret
1512 2499 1547 2534 Β

175 2559 283 2599 atque
308 2566 329 2589 a
354 2560 391 2590 te
411 2554 447 2590 Β
539 2557 605 2590 624
629 2556 701 2590 ista
725 2555 815 2590 haec
835 2553 871 2588 Β
965 2554 1031 2587 625
1057 2553 1222 2587 obiceret
1248 2554 1548 2590 sollicitudineB

172 2613 238 2646 626
265 2611 361 2646 PER
375 2611 404 2647 0
494 2613 588 2646 taxis
680 2613 748 2646 627
772 2612 957 2657 pleusides
982 2609 1012 2645 C'
1100 2611 1165 2644 623
1192 2609 1268 2644 Hac
1290 2613 1373 2647 inea
1393 2617 1491 2649 etate
1510 2613 1547 2648 B

174 2669 246 2704 mei
259 2680 326 2705 om.
419 2677 521 2713 gram
536 2669 573 2704 B
664 2671 732 2705 630
757 2669 942 2714 copularis
957 2675 1032 2706 tam
1046 2683 1104 2706 me
1119 2671 1162 2714 Β,
1186 2671 1507 2716 capularistamine
1522 2671 1551 2705 C

175 2727 250 2761 uita
344 2727 472 2762 uidere
487 2726 522 2761 Β
614 2728 677 2761 631
707 2726 819 2761 autB
911 2739 1027 2763 annos
1049 2733 1198 2773 praeter
1288 2729 1356 2763 632
1381 2727 1498 2762 Claris
1512 2727 1547 2762 Β

174 2784 306 2819 uideor
331 2784 366 2818 Β
459 2785 629 2820 manibus
655 2795 735 2818 sum
762 2785 873 2828 pedes
900 2784 928 2819 C
1018 2786 1085 2836 633
1112 2785 1214 2819 albus
1241 2785 1394 2828 capillus
1422 2784 1456 2819 B

84 2841 128 2875 ab
154 2852 218 2876 om.
246 2841 292 2882 B,
318 2841 367 2876 ibi
395 2841 423 2875 C
513 2853 625 2876 senex
717 2842 784 2875 634
809 2842 1007 2876 emusitata
