1963 3243
730 216 926 251 Mercator.
1478 221 1559 259 313

97 348 266 398 scripsit,
306 351 349 384 ut
389 347 564 394 videtur,
606 345 733 383 deleta
773 350 843 391 est,
887 350 930 383 ut
963 346 1013 383 ibi
1055 344 1213 394 quidem
1253 359 1451 396 perpauca
1482 347 1557 392 legi

96 417 320 467 potuerint,
358 429 391 452 v.
427 413 685 451 Studemund.
719 413 766 450 de
807 418 903 451 actae
945 413 1067 451 Stichi
1106 417 1285 464 tempore
1317 428 1353 464 p.
1394 415 1439 450 17
1473 427 1557 464 sqq.

631 882 974 925 Argumentum
1010 880 1033 915 1

97 995 357 1034 acrostichon.
422 997 454 1032 l.
494 998 727 1040 ηιενοαίιιυι,
766 996 814 1032 cf.
857 1009 891 1032 v.
934 996 999 1032 82.
1062 994 1203 1032 Hiatus
1244 997 1281 1032 in
1315 1007 1474 1032 caesura.
1509 1014 1557 1020 —

97 1066 135 1102 4.
180 1063 375 1111 Conftnyit
413 1063 472 1100 ed.
512 1077 572 1113 pr.
606 1083 659 1088 —
694 1065 730 1100 5.
772 1074 820 1100 ac
859 1062 972 1100 Grut.
1009 1083 1056 1087 —
1093 1064 1130 1100 7.
1177 1062 1340 1109 Obdecxe,
1381 1063 1428 1099 cf.
1466 1064 1558 1100 775.

97 1151 149 1157 --
182 1131 325 1169 Hiatur
356 1135 446 1168 ante
484 1131 666 1168 ultimum
706 1132 894 1168 creticum
937 1136 975 1168 et
1015 1133 1053 1168 in
1086 1131 1122 1169 h.
1157 1145 1190 1169 v.
1225 1136 1263 1169 et
1295 1133 1333 1168 in
1366 1132 1558 1180 proximo.

97 1198 141 1237 R.
189 1213 261 1249 pro
314 1197 528 1237 Charinum
572 1200 731 1249 scripsit
782 1198 1136 1245 ‚,adu1escentem“‚
1192 1205 1230 1236 et
1275 1201 1314 1236 in
1360 1201 1559 1249 proximo:

100 1268 162 1315 „ei
191 1266 399 1313 ⁴inuenit“,
438 1267 550 1317 prob.
584 1267 719 1304 Muell.
753 1267 863 1304 Pros.
897 1281 934 1318 p.
971 1268 1072 1313 5323
1114 1267 1250 1317 Pylad.
1290 1265 1559 1309 ..inuenerat“.

617 1463 958 1506 Argumentum
990 1462 1039 1497 ΙΙ

98 1575 322 1624 quindecim
368 1588 564 1613 versuum.
632 1578 665 1613 l.
713 1578 863 1614 asotum
912 1575 957 1613 R.
1006 1575 1146 1625 Opusc.
1187 1575 1223 1612 II
1262 1589 1301 1626 p.
1343 1576 1436 1621 396,
1483 1588 1562 1624 quo

98 1642 235 1681 Graeco
277 1645 430 1681 nomine
461 1647 500 1681 et
531 1643 708 1682 Caecilius
740 1643 914 1681 fabulam
947 1644 1150 1692 inscripsit
1182 1648 1220 1680 et
1252 1643 1388 1681 Cicero
1420 1645 1564 1694 saepius

97 1712 238 1749 utitur.
271 1731 324 1737 ——
357 1713 393 1750 2.
433 1713 573 1750 missus
613 1712 843 1750 Beroaldus.
890 1731 935 1736 —
979 1714 1013 1750 3.
1054 1713 1159 1749 uenit
1196 1712 1333 1749 Lamb.
1366 1731 1421 1737 -—
1453 1713 1490 1750 4.
1530 1715 1567 1750 et

98 1778 254 1828 addidi3
288 1780 416 1818 Cam:
454 1779 726 1830 ‚‚uisamque“.
762 1800 810 1805 —
847 1782 883 1818 6.
917 1782 975 1818 ait
1004 1781 1096 1817 olim
1129 1780 1322 1818 additum.
1382 1781 1427 1818 R.
1466 1781 1561 1827 „fin-

97 1846 179 1898 git“
223 1852 290 1886 aut
332 1847 591 1896 „memorat“.
636 1869 682 1874 —-
728 1850 788 1887 lO.
835 1850 1016 1888 Uicinum
1055 1849 1137 1898 Pyl.
1169 1870 1223 1875 -—
1255 1850 1562 1895 Pmemercatecr,

98 1917 145 1954 cf.
186 1916 302 1967 Epid.
341 1918 437 1954 407.
479 1938 532 1944 -
575 1919 637 1956 11.
682 1919 814 1968 „illius
861 1915 989 1955 senis“
1032 1930 1136 1967 susp.
1179 1918 1360 1955 Mueller.
1405 1938 1459 1943 —
1502 1919 1563 1956 12.

96 1988 268 2024 scortum
312 1986 532 2033 insimulat,
579 1986 626 2024 cf.
676 1987 765 2024 Ter.
815 1987 956 2024 Heaut.
1006 1987 1106 2023 204:
1155 1986 1314 2033 ·„illum
1361 1987 1564 2024 insimulat

98 2051 280 2091 durum“.
313 2073 367 2078 —
402 2049 650 2102 „Protelare“
685 2057 738 2092 ait
763 2055 867 2092 Fest.
893 2055 1001 2105 Epir.
1021 2056 1099 2093 235
1123 2055 1263 2102 „longe
1292 2052 1562 2104 propellere“;

98 2122 146 2160 ci.
177 2121 265 2160 Ter.
298 2122 456 2160 Phorm.
492 2124 595 2160 213:
631 2123 713 2170 „Ne
743 2127 783 2160 te
816 2125 939 2161 iratus
971 2124 1050 2161 suis
1081 2124 1292 2161 saeuidicis
1325 2123 1440 2160 dictis
1472 2135 1562 2172 pro-

97 2190 233 2228 telet“.
267 2210 322 2216 —
358 2192 419 2229 13.
453 2203 581 2239 exspes
611 2192 839 2229 saracenus.
871 2211 925 2217 —
963 2193 1023 2229 14.
1049 2191 1276 2239 prohibetur
1316 2193 1374 2229 ed.
1416 2206 1476 2242 pr.
1509 2211 1563 2217 —

103 2257 164 2296 15.
203 2270 285 2297 una
323 2259 471 2297 addidi.
533 2259 668 2297 Muell.
713 2258 913 2307 ‚‚Exorat“
957 2273 1063 2310 susp.
1098 2280 1152 2285 —
1183 2260 1276 2306 Quae
1316 2265 1408 2310 post
1445 2260 1481 2297 h.
1525 2273 1560 2297 v.

99 2326 301 2365 adduntur
330 2329 423 2366 novi
455 2342 590 2366 versus
622 2331 760 2374 instar,
792 2329 896 2367 unde
928 2330 1120 2374 venerint,
1152 2342 1229 2367 non
1263 2329 1411 2366 divino.

210 2532 345 2571 Prima
368 2547 484 2572 scena
507 2535 664 2584 prologi
690 2536 773 2572 vice
799 2534 988 2583 fungitur,
1020 2539 1064 2571 ut
1088 2538 1363 2584 argumentum
1391 2537 1563 2583 exponat

99 2602 399 2652 spectatoribus.
462 2603 606 2640 Verum
647 2604 811 2652 exponit
849 2602 924 2640 hoc
966 2616 1041 2640 non
1084 2603 1179 2639 deus
1219 2603 1362 2652 aliquis
1394 2602 1442 2639 ab
1474 2604 1562 2652 ipso

100 2674 330 2720 argumento
361 2671 511 2709 alienus
543 2685 612 2708 nec
644 2671 785 2709 histrio
816 2672 971 2722 prologi
1005 2671 1141 2708 habitu
1174 2671 1350 2713 indutus,
1383 2670 1452 2707 sed
1482 2683 1562 2707 una

100 2749 146 2775 ex
174 2739 298 2788 ipsius
327 2738 471 2777 fabulae
501 2741 700 2789 personis.
742 2745 785 2777 ut
825 2741 863 2777 in
903 2740 1032 2777 Milite
1063 2753 1098 2776 v.
1133 2740 1183 2777 79
1217 2752 1300 2788 sqq.
1335 2738 1560 2786 Palaestri03

99 2805 289 2844 addamus
330 2808 450 2845 etiam
488 2809 526 2845 in
566 2809 852 2858 Amphitruone
885 2808 1144 2853 Mercurium
1178 2820 1302 2857 neque
1334 2807 1415 2845 haec
1447 2820 1562 2844 scena
