<?xml version="1.0" encoding="UTF-8"?>
<!DOCTYPE html PUBLIC "-//W3C//DTD XHTML 1.0 Transitional//EN"
    "http://www.w3.org/TR/xhtml1/DTD/xhtml1-transitional.dtd">
<html xmlns="http://www.w3.org/1999/xhtml" xml:lang="en" lang="en">
 <head>
  <title>
</title>
<meta http-equiv="Content-Type" content="text/html;charset=utf-8" />
  <meta name='ocr-system' content='tesseract 3.04.00' />
  <meta name='ocr-capabilities' content='ocr_page ocr_carea ocr_par ocr_line ocrx_word'/>
</head>
<body>
  <div class='ocr_page' id='page_1' title='image "./comoediaerecensu04plauuoft_0245.png"; bbox 0 0 1963 3243; ppageno 0'>
   <div class='ocr_carea' id='block_1_1' title="bbox 672 214 1533 258">
    <p class='ocr_par' dir='ltr' id='par_1_1' title="bbox 672 214 1533 258">
     <span class='ocr_line' id='line_1_1' title="bbox 672 214 1533 258; baseline 0.012 -10"><span class='ocrx_word' id='word_1_1' title='bbox 672 214 712 248; x_wconf 89' lang='lat' dir='ltr'>V.</span> <span class='ocrx_word' id='word_1_2' title='bbox 745 216 930 251; x_wconf 81' lang='lat'>188—211.</span> <span class='ocrx_word' id='word_1_3' title='bbox 1453 220 1533 258; x_wconf 73' lang='lat'>239</span> 
     </span>
    </p>
   </div>
   <div class='ocr_carea' id='block_1_2' title="bbox 34 345 1543 2862">
    <p class='ocr_par' dir='ltr' id='par_1_2' title="bbox 34 345 1543 2862">
     <span class='ocr_line' id='line_1_2' title="bbox 81 345 1532 395; baseline -0.002 -9"><span class='ocrx_word' id='word_1_4' title='bbox 81 349 220 386; x_wconf 78' lang='lat' dir='ltr'>mentis</span> <span class='ocrx_word' id='word_1_5' title='bbox 253 347 384 384; x_wconf 80' lang='lat' dir='ltr'>sedem</span> <span class='ocrx_word' id='word_1_6' title='bbox 418 346 599 383; x_wconf 63' lang='lat' dir='ltr'>habuisse</span> <span class='ocrx_word' id='word_1_7' title='bbox 633 347 814 395; x_wconf 77' lang='lat' dir='ltr'>antiquos</span> <span class='ocrx_word' id='word_1_8' title='bbox 847 350 978 382; x_wconf 81' lang='lat' dir='ltr'>notum</span> <span class='ocrx_word' id='word_1_9' title='bbox 1013 349 1084 390; x_wconf 76' lang='lat' dir='ltr'>est,</span> <span class='ocrx_word' id='word_1_10' title='bbox 1118 345 1164 381; x_wconf 81' lang='lat' dir='ltr'>cf.</span> <span class='ocrx_word' id='word_1_11' title='bbox 1191 347 1264 382; x_wconf 87' lang='lat'>198</span> <span class='ocrx_word' id='word_1_12' title='bbox 1301 347 1532 383; x_wconf 78' lang='lat'>338.1083.</span> 
     </span>
     <span class='ocr_line' id='line_1_3' title="bbox 81 414 1536 466; baseline -0.003 -11"><span class='ocrx_word' id='word_1_13' title='bbox 81 416 195 466; x_wconf 80' lang='lat' dir='ltr'>Epid.</span> <span class='ocrx_word' id='word_1_14' title='bbox 224 416 314 452; x_wconf 69' lang='lat'>385.</span> <span class='ocrx_word' id='word_1_15' title='bbox 342 414 460 452; x_wconf 79' lang='lat' dir='ltr'>Most.</span> <span class='ocrx_word' id='word_1_16' title='bbox 489 416 552 452; x_wconf 85' lang='lat'>83.</span> <span class='ocrx_word' id='word_1_17' title='bbox 587 434 640 439; x_wconf 88' lang='lat'><em>—</em></span> <span class='ocrx_word' id='word_1_18' title='bbox 671 417 925 451; x_wconf 63' lang='lat' dir='ltr'>enoc-armus!</span> <span class='ocrx_word' id='word_1_19' title='bbox 943 415 989 451; x_wconf 88' lang='lat' dir='ltr'>A.</span> <span class='ocrx_word' id='word_1_20' title='bbox 1024 433 1074 439; x_wconf 90' lang='lat'><em>—</em></span> <span class='ocrx_word' id='word_1_21' title='bbox 1109 415 1201 451; x_wconf 92' lang='lat'>205.</span> <span class='ocrx_word' id='word_1_22' title='bbox 1250 414 1307 450; x_wconf 88' lang='lat' dir='ltr'>De</span> <span class='ocrx_word' id='word_1_23' title='bbox 1339 415 1536 462; x_wconf 78' lang='lat' dir='ltr'>scriptura</span> 
     </span>
     <span class='ocr_line' id='line_1_4' title="bbox 80 481 1536 534; baseline -0.003 -11"><span class='ocrx_word' id='word_1_24' title='bbox 80 485 151 523; x_wconf 94' lang='lat' dir='ltr'>loci</span> <span class='ocrx_word' id='word_1_25' title='bbox 184 488 275 534; x_wconf 83' lang='lat' dir='ltr'>post</span> <span class='ocrx_word' id='word_1_26' title='bbox 305 486 336 520; x_wconf 78' lang='lat' dir='ltr'>A</span> <span class='ocrx_word' id='word_1_27' title='bbox 370 483 510 519; x_wconf 75' lang='lat' dir='ltr'>lectum</span> <span class='ocrx_word' id='word_1_28' title='bbox 545 482 725 519; x_wconf 74' lang='lat' dir='ltr'>dubitare</span> <span class='ocrx_word' id='word_1_29' title='bbox 757 483 819 519; x_wconf 84' lang='lat' dir='ltr'>vix</span> <span class='ocrx_word' id='word_1_30' title='bbox 853 483 962 530; x_wconf 78' lang='lat' dir='ltr'>licet3</span> <span class='ocrx_word' id='word_1_31' title='bbox 995 481 1042 518; x_wconf 89' lang='lat' dir='ltr'>de</span> <span class='ocrx_word' id='word_1_32' title='bbox 1076 483 1401 530; x_wconf 79' lang='lat' dir='ltr'>interpretatione</span> <span class='ocrx_word' id='word_1_33' title='bbox 1427 482 1536 518; x_wconf 80' lang='lat' dir='ltr'>dubi-</span> 
     </span>
     <span class='ocr_line' id='line_1_5' title="bbox 34 546 1534 601; baseline -0.002 -11"><span class='ocrx_word' id='word_1_34' title='bbox 34 546 41 555; x_wconf 74' lang='grc'><strong><em>’</em></strong></span> <span class='ocrx_word' id='word_1_35' title='bbox 82 557 201 591; x_wconf 78' lang='lat' dir='ltr'>tatur.</span> <span class='ocrx_word' id='word_1_36' title='bbox 240 553 388 590; x_wconf 67' lang='lat' dir='ltr'>nuortit</span> <span class='ocrx_word' id='word_1_37' title='bbox 424 552 622 601; x_wconf 79' lang='lat' dir='ltr'>explicant</span> <span class='ocrx_word' id='word_1_38' title='bbox 666 553 837 595; x_wconf 80' lang='lat' dir='ltr'>„auortit</span> <span class='ocrx_word' id='word_1_39' title='bbox 878 555 940 587; x_wconf 73' lang='lat' dir='ltr'>se“&#39;</span> <span class='ocrx_word' id='word_1_40' title='bbox 986 555 1027 587; x_wconf 86' lang='lat' dir='ltr'>ut</span> <span class='ocrx_word' id='word_1_41' title='bbox 1067 550 1169 587; x_wconf 76' lang='lat' dir='ltr'>infra</span> <span class='ocrx_word' id='word_1_42' title='bbox 1214 551 1330 587; x_wconf 89' lang='grc'><strong>1069.</strong></span> <span class='ocrx_word' id='word_1_43' title='bbox 1362 552 1476 586; x_wconf 62' lang='lat' dir='ltr'>nisus</span> <span class='ocrx_word' id='word_1_44' title='bbox 1507 565 1534 587; x_wconf 78' lang='lat' dir='ltr'>s.</span> 
     </span>
     <span class='ocr_line' id='line_1_6' title="bbox 80 618 1536 669; baseline -0.003 -10"><span class='ocrx_word' id='word_1_45' title='bbox 80 623 189 659; x_wconf 80' lang='lat' dir='ltr'>m&#39;sus</span> <span class='ocrx_word' id='word_1_46' title='bbox 227 621 401 669; x_wconf 79' lang='lat' dir='ltr'>Buggius</span> <span class='ocrx_word' id='word_1_47' title='bbox 440 620 578 669; x_wconf 81' lang='lat' dir='ltr'>Opusc.</span> <span class='ocrx_word' id='word_1_48' title='bbox 619 618 667 656; x_wconf 80' lang='lat' dir='ltr'>ad</span> <span class='ocrx_word' id='word_1_49' title='bbox 710 619 840 656; x_wconf 78' lang='lat' dir='ltr'>Madv.</span> <span class='ocrx_word' id='word_1_50' title='bbox 883 634 919 669; x_wconf 90' lang='lat' dir='ltr'>p.</span> <span class='ocrx_word' id='word_1_51' title='bbox 968 620 1042 656; x_wconf 88' lang='lat'>164</span> <span class='ocrx_word' id='word_1_52' title='bbox 1083 623 1333 667; x_wconf 77' lang='lat' dir='ltr'>praegnnnter</span> <span class='ocrx_word' id='word_1_53' title='bbox 1365 621 1536 668; x_wconf 82' lang='lat' dir='ltr'>positum</span> 
     </span>
     <span class='ocr_line' id='line_1_7' title="bbox 81 687 1536 739; baseline -0.002 -12"><span class='ocrx_word' id='word_1_54' title='bbox 81 689 188 735; x_wconf 87' lang='lat' dir='ltr'>dicit,</span> <span class='ocrx_word' id='word_1_55' title='bbox 222 690 332 739; x_wconf 80' lang='lat' dir='ltr'>quasi</span> <span class='ocrx_word' id='word_1_56' title='bbox 365 688 530 739; x_wconf 83' lang='lat' dir='ltr'>pedibus</span> <span class='ocrx_word' id='word_1_57' title='bbox 563 689 688 727; x_wconf 71' lang='lat' dir='ltr'>nixus.</span> <span class='ocrx_word' id='word_1_58' title='bbox 722 688 888 725; x_wconf 75' lang='lat' dir='ltr'>{ii-miter</span> <span class='ocrx_word' id='word_1_59' title='bbox 920 692 1063 732; x_wconf 71' lang='lat' dir='ltr'>astans,</span> <span class='ocrx_word' id='word_1_60' title='bbox 1106 687 1209 737; x_wconf 86' lang='lat' dir='ltr'>quod</span> <span class='ocrx_word' id='word_1_61' title='bbox 1243 687 1326 723; x_wconf 84' lang='lat' dir='ltr'>fieri</span> <span class='ocrx_word' id='word_1_62' title='bbox 1360 700 1434 724; x_wconf 89' lang='lat' dir='ltr'>non</span> <span class='ocrx_word' id='word_1_63' title='bbox 1467 700 1536 736; x_wconf 96' lang='lat' dir='ltr'>po-</span> 
     </span>
     <span class='ocr_line' id='line_1_8' title="bbox 81 754 1538 807; baseline -0.002 -12"><span class='ocrx_word' id='word_1_64' title='bbox 81 763 176 807; x_wconf 72' lang='lat' dir='ltr'>test3</span> <span class='ocrx_word' id='word_1_65' title='bbox 208 771 295 795; x_wconf 81' lang='lat' dir='ltr'>nam</span> <span class='ocrx_word' id='word_1_66' title='bbox 328 759 362 794; x_wconf 86' lang='lat' dir='ltr'>si</span> <span class='ocrx_word' id='word_1_67' title='bbox 398 754 552 802; x_wconf 84' lang='lat' dir='ltr'>„nisus“</span> <span class='ocrx_word' id='word_1_68' title='bbox 589 757 840 805; x_wconf 82' lang='lat' dir='ltr'>participium</span> <span class='ocrx_word' id='word_1_69' title='bbox 875 761 944 796; x_wconf 81' lang='lat' dir='ltr'>est.</span> <span class='ocrx_word' id='word_1_70' title='bbox 978 769 1137 793; x_wconf 74' lang='lat' dir='ltr'>necesse</span> <span class='ocrx_word' id='word_1_71' title='bbox 1163 761 1223 793; x_wconf 81' lang='lat' dir='ltr'>est</span> <span class='ocrx_word' id='word_1_72' title='bbox 1248 755 1428 800; x_wconf 77' lang='lat' dir='ltr'>addatur,</span> <span class='ocrx_word' id='word_1_73' title='bbox 1461 770 1538 805; x_wconf 81' lang='lat' dir='ltr'>qua</span> 
     </span>
     <span class='ocr_line' id='line_1_9' title="bbox 81 824 1537 877; baseline -0.001 -14"><span class='ocrx_word' id='word_1_74' title='bbox 81 827 166 877; x_wconf 89' lang='lat' dir='ltr'>quis</span> <span class='ocrx_word' id='word_1_75' title='bbox 204 839 245 863; x_wconf 81' lang='lat' dir='ltr'>re</span> <span class='ocrx_word' id='word_1_76' title='bbox 284 827 435 862; x_wconf 81' lang='lat' dir='ltr'>nitatur</span> <span class='ocrx_word' id='word_1_77' title='bbox 475 824 535 871; x_wconf 89' lang='lat' dir='ltr'>(ut</span> <span class='ocrx_word' id='word_1_78' title='bbox 574 827 612 862; x_wconf 91' lang='lat' dir='ltr'>in</span> <span class='ocrx_word' id='word_1_79' title='bbox 650 826 782 874; x_wconf 83' lang='lat' dir='ltr'>priore</span> <span class='ocrx_word' id='word_1_80' title='bbox 815 824 875 862; x_wconf 89' lang='lat' dir='ltr'>ed.</span> <span class='ocrx_word' id='word_1_81' title='bbox 909 826 1141 873; x_wconf 80' lang='lat' dir='ltr'>scripseram</span> <span class='ocrx_word' id='word_1_82' title='bbox 1178 837 1293 870; x_wconf 82' lang='lat' dir='ltr'>„arae</span> <span class='ocrx_word' id='word_1_83' title='bbox 1327 825 1537 870; x_wconf 41' lang='lat' dir='ltr'>innisus).</span> 
     </span>
     <span class='ocr_line' id='line_1_10' title="bbox 82 893 1538 944; baseline -0.001 -13"><span class='ocrx_word' id='word_1_84' title='bbox 82 894 218 932; x_wconf 85' lang='lat' dir='ltr'>Potius</span> <span class='ocrx_word' id='word_1_85' title='bbox 255 907 327 944; x_wconf 82' lang='lat' dir='ltr'>pro</span> <span class='ocrx_word' id='word_1_86' title='bbox 369 893 618 931; x_wconf 79' lang='lat' dir='ltr'>substantivo</span> <span class='ocrx_word' id='word_1_87' title='bbox 657 893 926 942; x_wconf 82' lang='lat' dir='ltr'>accipiendum</span> <span class='ocrx_word' id='word_1_88' title='bbox 966 897 1035 939; x_wconf 84' lang='lat' dir='ltr'>est,</span> <span class='ocrx_word' id='word_1_89' title='bbox 1081 897 1127 929; x_wconf 90' lang='lat' dir='ltr'>ut</span> <span class='ocrx_word' id='word_1_90' title='bbox 1166 906 1250 929; x_wconf 89' lang='lat' dir='ltr'>cum</span> <span class='ocrx_word' id='word_1_91' title='bbox 1291 894 1538 930; x_wconf 79' lang='lat' dir='ltr'>antecedenti</span> 
     </span>
     <span class='ocr_line' id='line_1_11' title="bbox 81 961 1538 1010; baseline -0.001 -10"><span class='ocrx_word' id='word_1_92' title='bbox 81 962 199 1000; x_wconf 88' lang='lat' dir='ltr'>verbo</span> <span class='ocrx_word' id='word_1_93' title='bbox 236 963 444 1010; x_wconf 77' lang='lat' dir='ltr'>iungatur3</span> <span class='ocrx_word' id='word_1_94' title='bbox 484 963 631 999; x_wconf 75' lang='lat' dir='ltr'>aum-til</span> <span class='ocrx_word' id='word_1_95' title='bbox 669 963 778 999; x_wconf 72' lang='lat' dir='ltr'>nisus</span> <span class='ocrx_word' id='word_1_96' title='bbox 817 963 840 998; x_wconf 91' lang='lat' dir='ltr'>i.</span> <span class='ocrx_word' id='word_1_97' title='bbox 883 975 914 998; x_wconf 87' lang='lat' dir='ltr'>e.</span> <span class='ocrx_word' id='word_1_98' title='bbox 955 962 1245 999; x_wconf 80' lang='lat' dir='ltr'>contentionem</span> <span class='ocrx_word' id='word_1_99' title='bbox 1287 961 1364 999; x_wconf 83' lang='lat' dir='ltr'>alio</span> <span class='ocrx_word' id='word_1_100' title='bbox 1404 964 1538 1006; x_wconf 77' lang='lat' dir='ltr'>vertit,</span> 
     </span>
     <span class='ocr_line' id='line_1_12' title="bbox 82 1029 1537 1080; baseline -0.001 -12"><span class='ocrx_word' id='word_1_101' title='bbox 82 1031 158 1068; x_wconf 74' lang='lat' dir='ltr'>alio</span> <span class='ocrx_word' id='word_1_102' title='bbox 217 1030 332 1068; x_wconf 90' lang='lat' dir='ltr'>modo</span> <span class='ocrx_word' id='word_1_103' title='bbox 385 1031 525 1067; x_wconf 85' lang='lat' dir='ltr'>nititur</span> <span class='ocrx_word' id='word_1_104' title='bbox 578 1029 828 1080; x_wconf 80' lang='lat' dir='ltr'>(austrenger</span> <span class='ocrx_word' id='word_1_105' title='bbox 879 1029 966 1078; x_wconf 85' lang='lat' dir='ltr'>sig),</span> <span class='ocrx_word' id='word_1_106' title='bbox 1021 1029 1067 1067; x_wconf 90' lang='lat' dir='ltr'>cf.</span> <span class='ocrx_word' id='word_1_107' title='bbox 1123 1029 1207 1067; x_wconf 91' lang='lat' dir='ltr'>Liv.</span> <span class='ocrx_word' id='word_1_108' title='bbox 1262 1029 1326 1076; x_wconf 85' lang='lat' dir='ltr'>VI,</span> <span class='ocrx_word' id='word_1_109' title='bbox 1382 1031 1445 1076; x_wconf 88' lang='lat'>34,</span> <span class='ocrx_word' id='word_1_110' title='bbox 1495 1032 1537 1068; x_wconf 87' lang='lat'>8:</span> 
     </span>
     <span class='ocr_line' id='line_1_13' title="bbox 85 1097 1540 1148; baseline -0.001 -10"><span class='ocrx_word' id='word_1_111' title='bbox 85 1102 351 1146; x_wconf 76' lang='lat' dir='ltr'>„avertentem</span> <span class='ocrx_word' id='word_1_112' title='bbox 384 1112 536 1136; x_wconf 81' lang='lat' dir='ltr'>causam</span> <span class='ocrx_word' id='word_1_113' title='bbox 570 1097 759 1137; x_wconf 86' lang='lat' dir='ltr'>doloris“.</span> <span class='ocrx_word' id='word_1_114' title='bbox 807 1098 1011 1136; x_wconf 77' lang='lat' dir='ltr'>Palaestrio</span> <span class='ocrx_word' id='word_1_115' title='bbox 1035 1111 1070 1135; x_wconf 91' lang='lat' dir='ltr'>v.</span> <span class='ocrx_word' id='word_1_116' title='bbox 1104 1099 1183 1136; x_wconf 92' lang='lat'>206</span> <span class='ocrx_word' id='word_1_117' title='bbox 1215 1100 1293 1135; x_wconf 81' lang='lat' dir='ltr'>iam</span> <span class='ocrx_word' id='word_1_118' title='bbox 1312 1111 1386 1136; x_wconf 92' lang='lat' dir='ltr'>non</span> <span class='ocrx_word' id='word_1_119' title='bbox 1403 1104 1540 1148; x_wconf 82' lang='lat' dir='ltr'>pectus</span> 
     </span>
     <span class='ocr_line' id='line_1_14' title="bbox 80 1167 1539 1218; baseline -0.001 -12"><span class='ocrx_word' id='word_1_120' title='bbox 80 1181 196 1206; x_wconf 76' lang='lat' dir='ltr'>manu</span> <span class='ocrx_word' id='word_1_121' title='bbox 250 1168 403 1218; x_wconf 82' lang='lat' dir='ltr'>pulsat,</span> <span class='ocrx_word' id='word_1_122' title='bbox 466 1168 533 1205; x_wconf 84' lang='lat' dir='ltr'>sed</span> <span class='ocrx_word' id='word_1_123' title='bbox 587 1169 713 1215; x_wconf 54' lang='lat' dir='ltr'>(levitis</span> <span class='ocrx_word' id='word_1_124' title='bbox 760 1170 966 1215; x_wconf 74' lang='lat' dir='ltr'>eompula(,</span> <span class='ocrx_word' id='word_1_125' title='bbox 1024 1168 1259 1215; x_wconf 72' lang='grc' dir='ltr'><em>πεμπάζεται,</em></span> <span class='ocrx_word' id='word_1_126' title='bbox 1306 1167 1539 1215; x_wconf 81' lang='lat' dir='ltr'>singillatim</span> 
     </span>
     <span class='ocr_line' id='line_1_15' title="bbox 81 1235 1539 1287; baseline 0 -13"><span class='ocrx_word' id='word_1_127' title='bbox 81 1249 213 1274; x_wconf 83' lang='lat' dir='ltr'>eorum</span> <span class='ocrx_word' id='word_1_128' title='bbox 252 1238 446 1273; x_wconf 76' lang='lat' dir='ltr'>rationem</span> <span class='ocrx_word' id='word_1_129' title='bbox 485 1237 558 1272; x_wconf 91' lang='lat' dir='ltr'>init</span> <span class='ocrx_word' id='word_1_130' title='bbox 598 1249 684 1286; x_wconf 87' lang='lat' dir='ltr'>quae</span> <span class='ocrx_word' id='word_1_131' title='bbox 723 1241 913 1273; x_wconf 80' lang='lat' dir='ltr'>eventura</span> <span class='ocrx_word' id='word_1_132' title='bbox 952 1235 1149 1272; x_wconf 83' lang='lat' dir='ltr'>videntur.</span> <span class='ocrx_word' id='word_1_133' title='bbox 1187 1255 1231 1259; x_wconf 89' lang='lat'>—</span> <span class='ocrx_word' id='word_1_134' title='bbox 1266 1236 1358 1281; x_wconf 69' lang='lat' dir='ltr'>ferit</span> <span class='ocrx_word' id='word_1_135' title='bbox 1387 1238 1434 1284; x_wconf 88' lang='lat' dir='ltr'>A,</span> <span class='ocrx_word' id='word_1_136' title='bbox 1466 1251 1539 1287; x_wconf 85' lang='lat' dir='ltr'>pro</span> 
     </span>
     <span class='ocr_line' id='line_1_16' title="bbox 81 1302 1538 1355; baseline -0.001 -13"><span class='ocrx_word' id='word_1_137' title='bbox 81 1318 158 1355; x_wconf 91' lang='lat' dir='ltr'>quo</span> <span class='ocrx_word' id='word_1_138' title='bbox 203 1304 381 1342; x_wconf 87' lang='lat' dir='ltr'>Studem.</span> <span class='ocrx_word' id='word_1_139' title='bbox 429 1304 542 1342; x_wconf 79' lang='lat' dir='ltr'>stud.</span> <span class='ocrx_word' id='word_1_140' title='bbox 581 1305 599 1341; x_wconf 95' lang='lat' dir='ltr'>I</span> <span class='ocrx_word' id='word_1_141' title='bbox 646 1319 682 1355; x_wconf 90' lang='lat' dir='ltr'>p.</span> <span class='ocrx_word' id='word_1_142' title='bbox 733 1307 781 1342; x_wconf 90' lang='grc'>51</span> <span class='ocrx_word' id='word_1_143' title='bbox 833 1310 872 1342; x_wconf 85' lang='lat' dir='ltr'>et</span> <span class='ocrx_word' id='word_1_144' title='bbox 911 1303 1047 1342; x_wconf 88' lang='lat' dir='ltr'>Goetz.</span> <span class='ocrx_word' id='word_1_145' title='bbox 1094 1304 1195 1341; x_wconf 85' lang='lat' dir='ltr'>male</span> <span class='ocrx_word' id='word_1_146' title='bbox 1238 1302 1406 1349; x_wconf 77' lang='lat' dir='ltr'>‚.feruit“</span> <span class='ocrx_word' id='word_1_147' title='bbox 1448 1305 1538 1342; x_wconf 93' lang='lat' dir='ltr'>coll.</span> 
     </span>
     <span class='ocr_line' id='line_1_17' title="bbox 82 1372 1540 1424; baseline -0.001 -12"><span class='ocrx_word' id='word_1_148' title='bbox 82 1374 220 1424; x_wconf 84' lang='lat' dir='ltr'>Amph.</span> <span class='ocrx_word' id='word_1_149' title='bbox 251 1373 371 1411; x_wconf 82' lang='lat'>1023.</span> <span class='ocrx_word' id='word_1_150' title='bbox 403 1393 458 1399; x_wconf 90' lang='lat'>—</span> <span class='ocrx_word' id='word_1_151' title='bbox 491 1374 584 1410; x_wconf 88' lang='lat'>207.</span> <span class='ocrx_word' id='word_1_152' title='bbox 617 1373 788 1411; x_wconf 86' lang='lat' dir='ltr'><strong>Verbum</strong></span> <span class='ocrx_word' id='word_1_153' title='bbox 818 1375 858 1410; x_wconf 90' lang='lat' dir='ltr'>in</span> <span class='ocrx_word' id='word_1_154' title='bbox 888 1374 1030 1410; x_wconf 83' lang='lat' dir='ltr'>ceteris</span> <span class='ocrx_word' id='word_1_155' title='bbox 1063 1372 1175 1409; x_wconf 84' lang='lat' dir='ltr'>codd.</span> <span class='ocrx_word' id='word_1_156' title='bbox 1209 1374 1396 1410; x_wconf 84' lang='lat' dir='ltr'>omissum</span> <span class='ocrx_word' id='word_1_157' title='bbox 1429 1373 1540 1410; x_wconf 82' lang='lat' dir='ltr'>addit</span> 
     </span>
     <span class='ocr_line' id='line_1_18' title="bbox 81 1439 1537 1489; baseline -0.003 -8"><span class='ocrx_word' id='word_1_158' title='bbox 81 1444 126 1489; x_wconf 87' lang='lat' dir='ltr'>A,</span> <span class='ocrx_word' id='word_1_159' title='bbox 165 1444 261 1482; x_wconf 76' lang='lat' dir='ltr'>eicit.</span> <span class='ocrx_word' id='word_1_160' title='bbox 302 1444 326 1480; x_wconf 90' lang='lat' dir='ltr'>i.</span> <span class='ocrx_word' id='word_1_161' title='bbox 369 1456 401 1479; x_wconf 89' lang='lat' dir='ltr'>e.</span> <span class='ocrx_word' id='word_1_162' title='bbox 441 1443 516 1487; x_wconf 66' lang='lat' dir='ltr'>icet,</span> <span class='ocrx_word' id='word_1_163' title='bbox 559 1442 605 1479; x_wconf 90' lang='lat' dir='ltr'>cf.</span> <span class='ocrx_word' id='word_1_164' title='bbox 648 1442 805 1479; x_wconf 84' lang='lat' dir='ltr'>Trucul.</span> <span class='ocrx_word' id='word_1_165' title='bbox 842 1444 942 1480; x_wconf 87' lang='lat'>594:</span> <span class='ocrx_word' id='word_1_166' title='bbox 981 1443 1074 1487; x_wconf 82' lang='lat' dir='ltr'>„icit</span> <span class='ocrx_word' id='word_1_167' title='bbox 1105 1439 1270 1478; x_wconf 82' lang='lat' dir='ltr'>femur“.</span> <span class='ocrx_word' id='word_1_168' title='bbox 1305 1441 1409 1478; x_wconf 80' lang='lat' dir='ltr'>Pers.</span> <span class='ocrx_word' id='word_1_169' title='bbox 1445 1443 1537 1479; x_wconf 95' lang='lat'>843.</span> 
     </span>
     <span class='ocr_line' id='line_1_19' title="bbox 81 1509 1540 1562; baseline -0.001 -14"><span class='ocrx_word' id='word_1_170' title='bbox 81 1524 198 1562; x_wconf 76' lang='lat' dir='ltr'>supra</span> <span class='ocrx_word' id='word_1_171' title='bbox 236 1512 300 1549; x_wconf 90' lang='lat'>28.</span> <span class='ocrx_word' id='word_1_172' title='bbox 348 1530 402 1536; x_wconf 89' lang='lat'>—-</span> <span class='ocrx_word' id='word_1_173' title='bbox 443 1512 545 1548; x_wconf 87' lang='lat' dir='ltr'>Ante</span> <span class='ocrx_word' id='word_1_174' title='bbox 583 1511 649 1548; x_wconf 81' lang='lat' dir='ltr'>Ita</span> <span class='ocrx_word' id='word_1_175' title='bbox 688 1512 801 1561; x_wconf 83' lang='lat' dir='ltr'>plene</span> <span class='ocrx_word' id='word_1_176' title='bbox 839 1509 1217 1560; x_wconf 78' lang='lat' dir='ltr'>interpungendum3</span> <span class='ocrx_word' id='word_1_177' title='bbox 1265 1523 1353 1546; x_wconf 81' lang='lat' dir='ltr'>nam</span> <span class='ocrx_word' id='word_1_178' title='bbox 1396 1510 1443 1546; x_wconf 82' lang='lat' dir='ltr'>ad</span> <span class='ocrx_word' id='word_1_179' title='bbox 1483 1525 1540 1548; x_wconf 82' lang='lat' dir='ltr'>se-</span> 
     </span>
     <span class='ocr_line' id='line_1_20' title="bbox 84 1578 1539 1630; baseline -0.001 -14"><span class='ocrx_word' id='word_1_180' title='bbox 84 1581 242 1630; x_wconf 85' lang='lat' dir='ltr'>quentia</span> <span class='ocrx_word' id='word_1_181' title='bbox 282 1579 527 1616; x_wconf 83' lang='lat' dir='ltr'>referendum</span> <span class='ocrx_word' id='word_1_182' title='bbox 567 1585 644 1617; x_wconf 82' lang='lat' dir='ltr'>est:</span> <span class='ocrx_word' id='word_1_183' title='bbox 693 1579 939 1616; x_wconf 83' lang='lat' dir='ltr'>vehementia</span> <span class='ocrx_word' id='word_1_184' title='bbox 984 1581 1085 1616; x_wconf 85' lang='lat' dir='ltr'>ictus</span> <span class='ocrx_word' id='word_1_185' title='bbox 1125 1578 1297 1615; x_wconf 85' lang='lat' dir='ltr'>ostendit</span> <span class='ocrx_word' id='word_1_186' title='bbox 1335 1592 1420 1615; x_wconf 88' lang='lat' dir='ltr'>eum</span> <span class='ocrx_word' id='word_1_187' title='bbox 1463 1579 1539 1616; x_wconf 81' lang='lat' dir='ltr'>sibi</span> 
     </span>
     <span class='ocr_line' id='line_1_21' title="bbox 83 1647 1539 1697; baseline 0 -13"><span class='ocrx_word' id='word_1_188' title='bbox 83 1648 226 1685; x_wconf 82' lang='lat' dir='ltr'>iratum</span> <span class='ocrx_word' id='word_1_189' title='bbox 273 1661 358 1684; x_wconf 84' lang='lat' dir='ltr'>esse</span> <span class='ocrx_word' id='word_1_190' title='bbox 397 1662 466 1685; x_wconf 82' lang='lat' dir='ltr'>nec</span> <span class='ocrx_word' id='word_1_191' title='bbox 506 1648 596 1685; x_wconf 90' lang='lat' dir='ltr'>dum</span> <span class='ocrx_word' id='word_1_192' title='bbox 638 1649 834 1685; x_wconf 80' lang='lat' dir='ltr'>invenisse</span> <span class='ocrx_word' id='word_1_193' title='bbox 874 1648 981 1697; x_wconf 89' lang='lat' dir='ltr'>quod</span> <span class='ocrx_word' id='word_1_194' title='bbox 1020 1647 1185 1697; x_wconf 79' lang='lat' dir='ltr'>placeat,</span> <span class='ocrx_word' id='word_1_195' title='bbox 1234 1660 1267 1683; x_wconf 80' lang='lat' dir='ltr'>V.</span> <span class='ocrx_word' id='word_1_196' title='bbox 1310 1647 1359 1683; x_wconf 80' lang='lat' dir='ltr'>ad</span> <span class='ocrx_word' id='word_1_197' title='bbox 1399 1647 1539 1696; x_wconf 88' lang='lat' dir='ltr'><strong>Amph.</strong></span> 
     </span>
     <span class='ocr_line' id='line_1_22' title="bbox 86 1714 1539 1754; baseline 0.001 -2"><span class='ocrx_word' id='word_1_198' title='bbox 86 1714 177 1753; x_wconf 78' lang='lat'>952.</span> <span class='ocrx_word' id='word_1_199' title='bbox 218 1715 307 1753; x_wconf 83' lang='lat' dir='ltr'>add.</span> <span class='ocrx_word' id='word_1_200' title='bbox 346 1717 447 1753; x_wconf 86' lang='lat' dir='ltr'>infra</span> <span class='ocrx_word' id='word_1_201' title='bbox 490 1717 609 1754; x_wconf 91' lang='lat'>1043.</span> <span class='ocrx_word' id='word_1_202' title='bbox 643 1717 730 1753; x_wconf 91' lang='lat' dir='ltr'>Aul.</span> <span class='ocrx_word' id='word_1_203' title='bbox 765 1717 802 1754; x_wconf 89' lang='lat'>9.</span> <span class='ocrx_word' id='word_1_204' title='bbox 835 1716 952 1753; x_wconf 85' lang='lat' dir='ltr'>Most.</span> <span class='ocrx_word' id='word_1_205' title='bbox 990 1717 1081 1754; x_wconf 90' lang='lat'>142.</span> <span class='ocrx_word' id='word_1_206' title='bbox 1116 1716 1235 1753; x_wconf 82' lang='lat' dir='ltr'>Mero.</span> <span class='ocrx_word' id='word_1_207' title='bbox 1269 1717 1363 1753; x_wconf 88' lang='lat'>434.</span> <span class='ocrx_word' id='word_1_208' title='bbox 1398 1716 1539 1754; x_wconf 84' lang='lat' dir='ltr'>Pseud.</span> 
     </span>
     <span class='ocr_line' id='line_1_23' title="bbox 85 1784 1541 1833; baseline -0.001 -11"><span class='ocrx_word' id='word_1_209' title='bbox 85 1784 176 1822; x_wconf 91' lang='lat'>884.</span> <span class='ocrx_word' id='word_1_210' title='bbox 209 1784 325 1822; x_wconf 91' lang='lat' dir='ltr'>Poen.</span> <span class='ocrx_word' id='word_1_211' title='bbox 361 1786 454 1822; x_wconf 89' lang='lat'>320.</span> <span class='ocrx_word' id='word_1_212' title='bbox 474 1788 634 1833; x_wconf 73' lang='lat' dir='ltr'>—czyctt</span> <span class='ocrx_word' id='word_1_213' title='bbox 653 1786 696 1822; x_wconf 84' lang='lat' dir='ltr'>R.</span> <span class='ocrx_word' id='word_1_214' title='bbox 724 1798 796 1821; x_wconf 85' lang='lat' dir='ltr'>em.</span> <span class='ocrx_word' id='word_1_215' title='bbox 816 1804 867 1810; x_wconf 88' lang='lat'>—</span> <span class='ocrx_word' id='word_1_216' title='bbox 888 1785 978 1822; x_wconf 90' lang='lat'>209.</span> <span class='ocrx_word' id='word_1_217' title='bbox 1008 1785 1160 1831; x_wconf 80' lang='lat' dir='ltr'>Eccere,</span> <span class='ocrx_word' id='word_1_218' title='bbox 1192 1786 1419 1821; x_wconf 78' lang='lat' dir='ltr'>interiectio</span> <span class='ocrx_word' id='word_1_219' title='bbox 1451 1797 1541 1833; x_wconf 91' lang='lat' dir='ltr'>que-</span> 
     </span>
     <span class='ocr_line' id='line_1_24' title="bbox 85 1853 1542 1904; baseline 0 -14"><span class='ocrx_word' id='word_1_220' title='bbox 85 1855 219 1899; x_wconf 85' lang='lat' dir='ltr'>rentis,</span> <span class='ocrx_word' id='word_1_221' title='bbox 258 1866 292 1891; x_wconf 85' lang='lat' dir='ltr'>v.</span> <span class='ocrx_word' id='word_1_222' title='bbox 334 1853 382 1891; x_wconf 83' lang='lat' dir='ltr'>ad</span> <span class='ocrx_word' id='word_1_223' title='bbox 420 1854 561 1904; x_wconf 88' lang='lat' dir='ltr'><strong>Amph.</strong></span> <span class='ocrx_word' id='word_1_224' title='bbox 604 1855 698 1891; x_wconf 87' lang='lat'>550.</span> <span class='ocrx_word' id='word_1_225' title='bbox 738 1874 793 1878; x_wconf 93' lang='lat'><strong>—</strong></span> <span class='ocrx_word' id='word_1_226' title='bbox 833 1855 956 1900; x_wconf 76' lang='lat' dir='ltr'>capite</span> <span class='ocrx_word' id='word_1_227' title='bbox 985 1857 1112 1900; x_wconf 73' lang='lat' dir='ltr'>nutat,</span> <span class='ocrx_word' id='word_1_228' title='bbox 1145 1867 1222 1891; x_wconf 89' lang='lat' dir='ltr'>non</span> <span class='ocrx_word' id='word_1_229' title='bbox 1255 1854 1440 1900; x_wconf 84' lang='lat' dir='ltr'>adnuens,</span> <span class='ocrx_word' id='word_1_230' title='bbox 1473 1854 1542 1890; x_wconf 84' lang='lat' dir='ltr'>sed</span> 
     </span>
     <span class='ocr_line' id='line_1_25' title="bbox 85 1921 1541 1973; baseline 0.001 -15"><span class='ocrx_word' id='word_1_231' title='bbox 85 1934 263 1969; x_wconf 84' lang='lat' dir='ltr'>renuens,</span> <span class='ocrx_word' id='word_1_232' title='bbox 293 1926 390 1960; x_wconf 87' lang='lat' dir='ltr'>nutu</span> <span class='ocrx_word' id='word_1_233' title='bbox 421 1926 667 1973; x_wconf 80' lang='lat' dir='ltr'>aspernatus,</span> <span class='ocrx_word' id='word_1_234' title='bbox 701 1926 745 1959; x_wconf 91' lang='lat' dir='ltr'>ut</span> <span class='ocrx_word' id='word_1_235' title='bbox 775 1923 831 1959; x_wconf 84' lang='lat' dir='ltr'>ait</span> <span class='ocrx_word' id='word_1_236' title='bbox 861 1921 1020 1960; x_wconf 86' lang='lat' dir='ltr'>Sueton.</span> <span class='ocrx_word' id='word_1_237' title='bbox 1049 1922 1163 1971; x_wconf 84' lang='lat' dir='ltr'>Vesp.</span> <span class='ocrx_word' id='word_1_238' title='bbox 1198 1923 1234 1960; x_wconf 91' lang='lat'>8.</span> <span class='ocrx_word' id='word_1_239' title='bbox 1267 1941 1323 1946; x_wconf 85' lang='lat'><em>—</em></span> <span class='ocrx_word' id='word_1_240' title='bbox 1354 1923 1447 1959; x_wconf 92' lang='lat'>210.</span> <span class='ocrx_word' id='word_1_241' title='bbox 1481 1934 1541 1959; x_wconf 63' lang='grc' dir='ltr'>θατ-</span> 
     </span>
     <span class='ocr_line' id='line_1_26' title="bbox 78 1990 1540 2041; baseline 0 -14"><span class='ocrx_word' id='word_1_242' title='bbox 78 1993 226 2037; x_wconf 74' lang='lat' dir='ltr'>promet</span> <span class='ocrx_word' id='word_1_243' title='bbox 254 1991 301 2027; x_wconf 89' lang='lat' dir='ltr'>A.</span> <span class='ocrx_word' id='word_1_244' title='bbox 365 1990 497 2038; x_wconf 86' lang='lat' dir='ltr'>„Nihil</span> <span class='ocrx_word' id='word_1_245' title='bbox 535 1991 724 2035; x_wconf 83' lang='lat' dir='ltr'>tentabit,</span> <span class='ocrx_word' id='word_1_246' title='bbox 764 1991 839 2028; x_wconf 78' lang='lat' dir='ltr'>nisi</span> <span class='ocrx_word' id='word_1_247' title='bbox 880 1991 927 2028; x_wconf 83' lang='lat' dir='ltr'>ab</span> <span class='ocrx_word' id='word_1_248' title='bbox 966 1993 1071 2029; x_wconf 91' lang='lat' dir='ltr'>omni</span> <span class='ocrx_word' id='word_1_249' title='bbox 1102 1994 1216 2041; x_wconf 84' lang='lat' dir='ltr'>parte</span> <span class='ocrx_word' id='word_1_250' title='bbox 1248 1990 1540 2028; x_wconf 83' lang='lat' dir='ltr'>consideratum</span> 
     </span>
     <span class='ocr_line' id='line_1_27' title="bbox 86 2056 1541 2108; baseline 0 -12"><span class='ocrx_word' id='word_1_251' title='bbox 86 2062 126 2096; x_wconf 81' lang='lat' dir='ltr'>et</span> <span class='ocrx_word' id='word_1_252' title='bbox 153 2056 404 2108; x_wconf 79' lang='lat' dir='ltr'>probatum⁴‘.</span> <span class='ocrx_word' id='word_1_253' title='bbox 438 2063 586 2098; x_wconf 76' lang='lat' dir='ltr'>coctum</span> <span class='ocrx_word' id='word_1_254' title='bbox 619 2059 731 2097; x_wconf 68' lang='lat' dir='ltr'>dabit.</span> <span class='ocrx_word' id='word_1_255' title='bbox 768 2060 815 2097; x_wconf 90' lang='lat' dir='ltr'>cf.</span> <span class='ocrx_word' id='word_1_256' title='bbox 848 2061 942 2097; x_wconf 89' lang='lat'>260.</span> <span class='ocrx_word' id='word_1_257' title='bbox 981 2060 1098 2098; x_wconf 89' lang='lat'>1169.</span> <span class='ocrx_word' id='word_1_258' title='bbox 1129 2059 1271 2097; x_wconf 81' lang='lat' dir='ltr'>Pseud.</span> <span class='ocrx_word' id='word_1_259' title='bbox 1306 2060 1399 2097; x_wconf 87' lang='lat'>930.</span> <span class='ocrx_word' id='word_1_260' title='bbox 1432 2059 1541 2097; x_wconf 88' lang='lat' dir='ltr'>Pers.</span> 
     </span>
     <span class='ocr_line' id='line_1_28' title="bbox 87 2126 1539 2166; baseline 0 -2"><span class='ocrx_word' id='word_1_261' title='bbox 87 2127 178 2165; x_wconf 85' lang='lat'>456.</span> <span class='ocrx_word' id='word_1_262' title='bbox 218 2126 304 2166; x_wconf 78' lang='lat' dir='ltr'>Cas.</span> <span class='ocrx_word' id='word_1_263' title='bbox 344 2129 438 2165; x_wconf 90' lang='lat'>418.</span> <span class='ocrx_word' id='word_1_264' title='bbox 480 2128 574 2166; x_wconf 83' lang='lat' dir='ltr'>Cist.</span> <span class='ocrx_word' id='word_1_265' title='bbox 615 2130 709 2166; x_wconf 89' lang='lat'>429.</span> <span class='ocrx_word' id='word_1_266' title='bbox 751 2129 855 2166; x_wconf 89' lang='lat' dir='ltr'>Men.</span> <span class='ocrx_word' id='word_1_267' title='bbox 901 2130 960 2166; x_wconf 89' lang='lat'>14.</span> <span class='ocrx_word' id='word_1_268' title='bbox 1000 2128 1087 2166; x_wconf 89' lang='lat' dir='ltr'>Ter.</span> <span class='ocrx_word' id='word_1_269' title='bbox 1128 2128 1251 2165; x_wconf 88' lang='lat' dir='ltr'>Andr.</span> <span class='ocrx_word' id='word_1_270' title='bbox 1301 2129 1393 2166; x_wconf 87' lang='grc'>683.</span> <span class='ocrx_word' id='word_1_271' title='bbox 1440 2127 1539 2165; x_wconf 90' lang='lat' dir='ltr'>Eun.</span> 
     </span>
     <span class='ocr_line' id='line_1_29' title="bbox 88 2195 1539 2248; baseline 0.001 -16"><span class='ocrx_word' id='word_1_272' title='bbox 88 2195 178 2233; x_wconf 82' lang='lat'>212.</span> <span class='ocrx_word' id='word_1_273' title='bbox 216 2195 371 2234; x_wconf 89' lang='lat' dir='ltr'>Phorm.</span> <span class='ocrx_word' id='word_1_274' title='bbox 406 2198 500 2234; x_wconf 83' lang='lat'>974.</span> <span class='ocrx_word' id='word_1_275' title='bbox 534 2217 586 2222; x_wconf 85' lang='lat'>-——</span> <span class='ocrx_word' id='word_1_276' title='bbox 620 2199 697 2235; x_wconf 84' lang='lat'>211</span> <span class='ocrx_word' id='word_1_277' title='bbox 733 2211 816 2248; x_wconf 82' lang='lat' dir='ltr'>sqq.</span> <span class='ocrx_word' id='word_1_278' title='bbox 866 2197 1086 2236; x_wconf 79' lang='lat' dir='ltr'>columnam</span> <span class='ocrx_word' id='word_1_279' title='bbox 1130 2199 1253 2234; x_wconf 80' lang='lat' dir='ltr'>mento</span> <span class='ocrx_word' id='word_1_280' title='bbox 1299 2196 1450 2244; x_wconf 73' lang='lat' dir='ltr'>suffiyz&#39;t</span> <span class='ocrx_word' id='word_1_281' title='bbox 1494 2198 1539 2234; x_wconf 90' lang='lat' dir='ltr'>A.</span> 
     </span>
     <span class='ocr_line' id='line_1_30' title="bbox 88 2263 1542 2314; baseline 0.001 -13"><span class='ocrx_word' id='word_1_282' title='bbox 88 2263 194 2302; x_wconf 79' lang='lat' dir='ltr'>illaec</span> <span class='ocrx_word' id='word_1_283' title='bbox 236 2265 290 2302; x_wconf 86' lang='lat' dir='ltr'>id.</span> <span class='ocrx_word' id='word_1_284' title='bbox 351 2264 465 2311; x_wconf 83' lang='lat' dir='ltr'>Quod</span> <span class='ocrx_word' id='word_1_285' title='bbox 504 2278 640 2303; x_wconf 78' lang='lat' dir='ltr'>servus</span> <span class='ocrx_word' id='word_1_286' title='bbox 677 2266 897 2303; x_wconf 84' lang='lat' dir='ltr'>meditandi</span> <span class='ocrx_word' id='word_1_287' title='bbox 936 2279 1053 2303; x_wconf 82' lang='lat' dir='ltr'>causa</span> <span class='ocrx_word' id='word_1_288' title='bbox 1092 2279 1247 2303; x_wconf 85' lang='lat' dir='ltr'>manum</span> <span class='ocrx_word' id='word_1_289' title='bbox 1288 2270 1419 2302; x_wconf 90' lang='lat' dir='ltr'>mento</span> <span class='ocrx_word' id='word_1_290' title='bbox 1452 2278 1542 2314; x_wconf 90' lang='lat' dir='ltr'>sup-</span> 
     </span>
     <span class='ocr_line' id='line_1_31' title="bbox 87 2332 1541 2382; baseline 0.001 -13"><span class='ocrx_word' id='word_1_291' title='bbox 87 2333 209 2382; x_wconf 88' lang='lat' dir='ltr'>ponit,</span> <span class='ocrx_word' id='word_1_292' title='bbox 234 2332 423 2371; x_wconf 88' lang='lat' dir='ltr'>columnae</span> <span class='ocrx_word' id='word_1_293' title='bbox 447 2334 742 2371; x_wconf 82' lang='lat' dir='ltr'>similitudinem</span> <span class='ocrx_word' id='word_1_294' title='bbox 769 2334 844 2372; x_wconf 84' lang='lat' dir='ltr'>sibi</span> <span class='ocrx_word' id='word_1_295' title='bbox 870 2336 1047 2371; x_wconf 84' lang='lat' dir='ltr'>invenire</span> <span class='ocrx_word' id='word_1_296' title='bbox 1072 2337 1190 2382; x_wconf 82' lang='lat' dir='ltr'>visus,</span> <span class='ocrx_word' id='word_1_297' title='bbox 1223 2334 1431 2379; x_wconf 66' lang='lat' dir='ltr'>aedificare</span> <span class='ocrx_word' id='word_1_298' title='bbox 1455 2347 1541 2371; x_wconf 90' lang='lat' dir='ltr'>eum</span> 
     </span>
     <span class='ocr_line' id='line_1_32' title="bbox 89 2400 1542 2452; baseline 0.001 -14"><span class='ocrx_word' id='word_1_299' title='bbox 89 2400 194 2438; x_wconf 84' lang='lat' dir='ltr'>dicit.</span> <span class='ocrx_word' id='word_1_300' title='bbox 253 2401 396 2439; x_wconf 79' lang='lat' dir='ltr'>Parum</span> <span class='ocrx_word' id='word_1_301' title='bbox 443 2402 516 2440; x_wconf 90' lang='lat' dir='ltr'>hoc</span> <span class='ocrx_word' id='word_1_302' title='bbox 561 2403 636 2440; x_wconf 84' lang='lat' dir='ltr'>sibi</span> <span class='ocrx_word' id='word_1_303' title='bbox 682 2403 860 2452; x_wconf 79' lang='lat' dir='ltr'>placere3</span> <span class='ocrx_word' id='word_1_304' title='bbox 908 2417 996 2440; x_wconf 84' lang='lat' dir='ltr'>nam</span> <span class='ocrx_word' id='word_1_305' title='bbox 1043 2404 1082 2440; x_wconf 91' lang='lat' dir='ltr'>in</span> <span class='ocrx_word' id='word_1_306' title='bbox 1130 2407 1296 2440; x_wconf 85' lang='lat' dir='ltr'>mentem</span> <span class='ocrx_word' id='word_1_307' title='bbox 1340 2416 1542 2450; x_wconf 82' lang='lat' dir='ltr'>revocare,</span> 
     </span>
     <span class='ocr_line' id='line_1_33' title="bbox 89 2469 1543 2521; baseline 0.002 -15"><span class='ocrx_word' id='word_1_308' title='bbox 89 2481 203 2518; x_wconf 77' lang='lat' dir='ltr'>quam</span> <span class='ocrx_word' id='word_1_309' title='bbox 240 2469 399 2520; x_wconf 86' lang='lat' dir='ltr'>indigne</span> <span class='ocrx_word' id='word_1_310' title='bbox 438 2470 539 2508; x_wconf 78' lang='lat' dir='ltr'>alter</span> <span class='ocrx_word' id='word_1_311' title='bbox 569 2476 687 2521; x_wconf 81' lang='lat' dir='ltr'>poeta</span> <span class='ocrx_word' id='word_1_312' title='bbox 720 2471 882 2508; x_wconf 83' lang='lat' dir='ltr'>Latinus</span> <span class='ocrx_word' id='word_1_313' title='bbox 915 2473 1080 2508; x_wconf 84' lang='lat' dir='ltr'>tractari</span> <span class='ocrx_word' id='word_1_314' title='bbox 1111 2471 1277 2517; x_wconf 85' lang='lat' dir='ltr'>dicatur,</span> <span class='ocrx_word' id='word_1_315' title='bbox 1318 2473 1378 2508; x_wconf 92' lang='lat' dir='ltr'>cui</span> <span class='ocrx_word' id='word_1_316' title='bbox 1410 2482 1452 2509; x_wconf 83' lang='lat' dir='ltr'>os</span> <span class='ocrx_word' id='word_1_317' title='bbox 1483 2483 1543 2510; x_wconf 86' lang='lat' dir='ltr'>co·</span> 
     </span>
     <span class='ocr_line' id='line_1_34' title="bbox 89 2535 1542 2589; baseline 0.001 -15"><span class='ocrx_word' id='word_1_318' title='bbox 89 2535 306 2576; x_wconf 77' lang='lat' dir='ltr'>lumnatum</span> <span class='ocrx_word' id='word_1_319' title='bbox 352 2539 415 2576; x_wconf 85' lang='lat' dir='ltr'>sit.</span> <span class='ocrx_word' id='word_1_320' title='bbox 476 2538 533 2576; x_wconf 89' lang='lat' dir='ltr'>De</span> <span class='ocrx_word' id='word_1_321' title='bbox 578 2542 774 2589; x_wconf 82' lang='lat' dir='ltr'>scriptura</span> <span class='ocrx_word' id='word_1_322' title='bbox 819 2539 994 2577; x_wconf 83' lang='lat' dir='ltr'>dubitari</span> <span class='ocrx_word' id='word_1_323' title='bbox 1040 2541 1196 2588; x_wconf 87' lang='lat' dir='ltr'>nequit;</span> <span class='ocrx_word' id='word_1_324' title='bbox 1244 2553 1328 2576; x_wconf 91' lang='lat' dir='ltr'>cum</span> <span class='ocrx_word' id='word_1_325' title='bbox 1369 2539 1400 2576; x_wconf 94' lang='lat' dir='ltr'>B</span> <span class='ocrx_word' id='word_1_326' title='bbox 1440 2542 1542 2577; x_wconf 87' lang='lat' dir='ltr'>enim</span> 
     </span>
     <span class='ocr_line' id='line_1_35' title="bbox 91 2606 1541 2655; baseline 0.002 -12"><span class='ocrx_word' id='word_1_327' title='bbox 91 2608 280 2644; x_wconf 83' lang='lat' dir='ltr'>consentit</span> <span class='ocrx_word' id='word_1_328' title='bbox 310 2606 488 2645; x_wconf 83' lang='lat' dir='ltr'>Donatus</span> <span class='ocrx_word' id='word_1_329' title='bbox 521 2607 570 2644; x_wconf 85' lang='lat' dir='ltr'>ad</span> <span class='ocrx_word' id='word_1_330' title='bbox 588 2608 676 2645; x_wconf 77' lang='lat' dir='ltr'>Ter.</span> <span class='ocrx_word' id='word_1_331' title='bbox 696 2608 853 2646; x_wconf 84' lang='lat' dir='ltr'>Phorm.</span> <span class='ocrx_word' id='word_1_332' title='bbox 874 2611 908 2655; x_wconf 78' lang='lat'>5,</span> <span class='ocrx_word' id='word_1_333' title='bbox 930 2611 964 2654; x_wconf 88' lang='lat'>6,</span> <span class='ocrx_word' id='word_1_334' title='bbox 986 2609 1035 2646; x_wconf 88' lang='lat'>37</span> <span class='ocrx_word' id='word_1_335' title='bbox 1070 2607 1186 2653; x_wconf 85' lang='lat' dir='ltr'>(,‚hoc</span> <span class='ocrx_word' id='word_1_336' title='bbox 1219 2606 1541 2654; x_wconf 81' lang='lat' dir='ltr'>columnatum“).</span> 
     </span>
     <span class='ocr_line' id='line_1_36' title="bbox 91 2671 1542 2726; baseline 0.003 -16"><span class='ocrx_word' id='word_1_337' title='bbox 91 2671 169 2711; x_wconf 82' lang='lat' dir='ltr'>Nec</span> <span class='ocrx_word' id='word_1_338' title='bbox 204 2676 326 2724; x_wconf 81' lang='lat' dir='ltr'>magis</span> <span class='ocrx_word' id='word_1_339' title='bbox 367 2675 572 2713; x_wconf 85' lang='lat' dir='ltr'>dubitatur</span> <span class='ocrx_word' id='word_1_340' title='bbox 618 2678 710 2725; x_wconf 91' lang='lat' dir='ltr'>quin</span> <span class='ocrx_word' id='word_1_341' title='bbox 751 2677 1015 2715; x_wconf 85' lang='lat' dir='ltr'>columnatum</span> <span class='ocrx_word' id='word_1_342' title='bbox 1057 2690 1098 2714; x_wconf 79' lang='lat' dir='ltr'>os</span> <span class='ocrx_word' id='word_1_343' title='bbox 1137 2675 1331 2726; x_wconf 86' lang='lat' dir='ltr'>significet</span> <span class='ocrx_word' id='word_1_344' title='bbox 1369 2678 1542 2714; x_wconf 88' lang='lat' dir='ltr'>vinctum</span> 
     </span>
     <span class='ocr_line' id='line_1_37' title="bbox 93 2743 1541 2795; baseline 0.003 -17"><span class='ocrx_word' id='word_1_345' title='bbox 93 2746 159 2778; x_wconf 73' lang='lat' dir='ltr'>aut</span> <span class='ocrx_word' id='word_1_346' title='bbox 193 2743 330 2780; x_wconf 74' lang='lat' dir='ltr'>saltem</span> <span class='ocrx_word' id='word_1_347' title='bbox 369 2744 553 2782; x_wconf 80' lang='lat' dir='ltr'>libertate</span> <span class='ocrx_word' id='word_1_348' title='bbox 591 2747 812 2795; x_wconf 81' lang='lat' dir='ltr'>privatum3</span> <span class='ocrx_word' id='word_1_349' title='bbox 851 2746 957 2795; x_wconf 87' lang='lat' dir='ltr'>quod</span> <span class='ocrx_word' id='word_1_350' title='bbox 995 2759 1112 2794; x_wconf 87' lang='lat' dir='ltr'>quum</span> <span class='ocrx_word' id='word_1_351' title='bbox 1146 2746 1237 2782; x_wconf 91' lang='lat' dir='ltr'>olim</span> <span class='ocrx_word' id='word_1_352' title='bbox 1271 2758 1316 2781; x_wconf 85' lang='lat' dir='ltr'>ex</span> <span class='ocrx_word' id='word_1_353' title='bbox 1349 2744 1463 2782; x_wconf 81' lang='lat' dir='ltr'>Varr.</span> <span class='ocrx_word' id='word_1_354' title='bbox 1495 2745 1541 2783; x_wconf 87' lang='lat' dir='ltr'>R.</span> 
     </span>
     <span class='ocr_line' id='line_1_38' title="bbox 97 2808 1542 2862; baseline 0.003 -16"><span class='ocrx_word' id='word_1_355' title='bbox 97 2808 139 2847; x_wconf 84' lang='lat' dir='ltr'>R.</span> <span class='ocrx_word' id='word_1_356' title='bbox 182 2810 249 2858; x_wconf 88' lang='lat' dir='ltr'>Ill,</span> <span class='ocrx_word' id='word_1_357' title='bbox 304 2814 324 2849; x_wconf 91' lang='lat'>5</span> <span class='ocrx_word' id='word_1_358' title='bbox 377 2814 568 2851; x_wconf 81' lang='lat' dir='ltr'>columnis</span> <span class='ocrx_word' id='word_1_359' title='bbox 615 2814 896 2851; x_wconf 85' lang='lat' dir='ltr'>circumdatum</span> <span class='ocrx_word' id='word_1_360' title='bbox 945 2819 984 2851; x_wconf 88' lang='lat' dir='ltr'>et</span> <span class='ocrx_word' id='word_1_361' title='bbox 1029 2827 1138 2862; x_wconf 80' lang='lat' dir='ltr'>quasi</span> <span class='ocrx_word' id='word_1_362' title='bbox 1187 2827 1304 2850; x_wconf 79' lang='lat' dir='ltr'>cavea</span> <span class='ocrx_word' id='word_1_363' title='bbox 1351 2815 1542 2851; x_wconf 80' lang='lat' dir='ltr'>inclusum</span> 
     </span>
    </p>
   </div>
  </div>
 </body>
</html>
