<?xml version="1.0" encoding="UTF-8"?>
<!DOCTYPE html PUBLIC "-//W3C//DTD XHTML 1.0 Transitional//EN"
    "http://www.w3.org/TR/xhtml1/DTD/xhtml1-transitional.dtd">
<html xmlns="http://www.w3.org/1999/xhtml" xml:lang="en" lang="en">
 <head>
  <title>
</title>
<meta http-equiv="Content-Type" content="text/html;charset=utf-8" />
  <meta name='ocr-system' content='tesseract 3.04.00' />
  <meta name='ocr-capabilities' content='ocr_page ocr_carea ocr_par ocr_line ocrx_word'/>
</head>
<body>
  <div class='ocr_page' id='page_1' title='image "./comoediaerecensu04plauuoft_0244.png"; bbox 0 0 1963 3243; ppageno 0'>
   <div class='ocr_carea' id='block_1_1' title="bbox 315 218 1207 267">
    <p class='ocr_par' dir='ltr' id='par_1_1' title="bbox 315 218 1207 267">
     <span class='ocr_line' id='line_1_1' title="bbox 315 218 1207 267; baseline -0.009 0"><span class='ocrx_word' id='word_1_1' title='bbox 315 229 395 267; x_wconf 89' lang='lat'>238</span> <span class='ocrx_word' id='word_1_2' title='bbox 879 218 985 258; x_wconf 82' lang='lat' dir='ltr'>Miles</span> <span class='ocrx_word' id='word_1_3' title='bbox 1011 223 1207 264; x_wconf 78' lang='lat' dir='ltr'><strong>gloriosus.</strong></span> 
     </span>
    </p>
   </div>
   <div class='ocr_carea' id='block_1_2' title="bbox 309 340 1762 869">
    <p class='ocr_par' dir='ltr' id='par_1_2' title="bbox 309 340 1762 869">
     <span class='ocr_line' id='line_1_2' title="bbox 316 340 1760 402; baseline -0.002 -10"><span class='ocrx_word' id='word_1_4' title='bbox 316 357 433 392; x_wconf 67' lang='lat' dir='ltr'><strong>{ineat</strong></span> <span class='ocrx_word' id='word_1_5' title='bbox 460 354 588 399; x_wconf 83' lang='lat' dir='ltr'><strong>colere,</strong></span> <span class='ocrx_word' id='word_1_6' title='bbox 621 358 847 392; x_wconf 78' lang='lat' dir='ltr'><strong>constanter</strong></span> <span class='ocrx_word' id='word_1_7' title='bbox 878 354 992 390; x_wconf 83' lang='lat' dir='ltr'><strong>colat.</strong></span> <span class='ocrx_word' id='word_1_8' title='bbox 1026 373 1080 379; x_wconf 90' lang='lat'>—</span> <span class='ocrx_word' id='word_1_9' title='bbox 1116 354 1204 391; x_wconf 92' lang='lat'>188.</span> <span class='ocrx_word' id='word_1_10' title='bbox 1236 355 1382 398; x_wconf 65' lang='lat' dir='ltr'><strong>mineat,</strong></span> <span class='ocrx_word' id='word_1_11' title='bbox 1417 354 1638 398; x_wconf 85' lang='lat' dir='ltr'><strong>conuincat,</strong></span> <span class='ocrx_word' id='word_1_12' title='bbox 1670 340 1760 402; x_wconf 77' lang='lat' dir='ltr'><strong>per-</strong></span> 
     </span>
     <span class='ocr_line' id='line_1_3' title="bbox 313 420 1760 470; baseline -0.001 -10"><span class='ocrx_word' id='word_1_13' title='bbox 313 423 496 469; x_wconf 83' lang='lat' dir='ltr'><strong>suadeat3</strong></span> <span class='ocrx_word' id='word_1_14' title='bbox 539 423 586 459; x_wconf 91' lang='lat' dir='ltr'><strong>cf.</strong></span> <span class='ocrx_word' id='word_1_15' title='bbox 619 422 714 459; x_wconf 89' lang='lat' dir='ltr'>Hor.</span> <span class='ocrx_word' id='word_1_16' title='bbox 748 421 829 459; x_wconf 86' lang='lat' dir='ltr'>Sat.</span> <span class='ocrx_word' id='word_1_17' title='bbox 863 421 892 466; x_wconf 86' lang='lat' dir='ltr'>I,</span> <span class='ocrx_word' id='word_1_18' title='bbox 934 422 968 466; x_wconf 88' lang='grc'><strong>3,</strong></span> <span class='ocrx_word' id='word_1_19' title='bbox 1006 422 1094 459; x_wconf 86' lang='grc'>115.</span> <span class='ocrx_word' id='word_1_20' title='bbox 1131 441 1179 446; x_wconf 92' lang='grc'>-</span> <span class='ocrx_word' id='word_1_21' title='bbox 1214 423 1248 458; x_wconf 76' lang='lat' dir='ltr'><strong>is</strong></span> <span class='ocrx_word' id='word_1_22' title='bbox 1277 433 1316 458; x_wconf 81' lang='lat' dir='ltr'><strong>se</strong></span> <span class='ocrx_word' id='word_1_23' title='bbox 1345 423 1392 466; x_wconf 88' lang='lat' dir='ltr'>A,</span> <span class='ocrx_word' id='word_1_24' title='bbox 1423 434 1459 458; x_wconf 89' lang='lat' dir='ltr'><strong>v.</strong></span> <span class='ocrx_word' id='word_1_25' title='bbox 1492 420 1616 470; x_wconf 91' lang='lat' dir='ltr'>Gepp.</span> <span class='ocrx_word' id='word_1_26' title='bbox 1648 420 1760 458; x_wconf 89' lang='lat' dir='ltr'>Stud.</span> 
     </span>
     <span class='ocr_line' id='line_1_4' title="bbox 312 488 1760 541; baseline -0.001 -13"><span class='ocrx_word' id='word_1_27' title='bbox 312 492 348 528; x_wconf 92' lang='lat' dir='ltr'><strong>II</strong></span> <span class='ocrx_word' id='word_1_28' title='bbox 378 506 415 541; x_wconf 92' lang='lat' dir='ltr'><strong>p.</strong></span> <span class='ocrx_word' id='word_1_29' title='bbox 454 492 515 528; x_wconf 91' lang='lat'><strong>13.</strong></span> <span class='ocrx_word' id='word_1_30' title='bbox 548 509 602 515; x_wconf 88' lang='lat'><strong>·—</strong></span> <span class='ocrx_word' id='word_1_31' title='bbox 637 491 727 527; x_wconf 93' lang='lat'>189.</span> <span class='ocrx_word' id='word_1_32' title='bbox 761 489 803 527; x_wconf 75' lang='lat' dir='ltr'><strong>Si</strong></span> <span class='ocrx_word' id='word_1_33' title='bbox 831 489 992 536; x_wconf 76' lang='lat' dir='ltr'><strong>quidem,</strong></span> <span class='ocrx_word' id='word_1_34' title='bbox 1024 490 1189 537; x_wconf 76' lang='lat' dir='ltr'><strong>etiamsi,</strong></span> <span class='ocrx_word' id='word_1_35' title='bbox 1222 489 1268 526; x_wconf 88' lang='lat' dir='ltr'><strong>cf.</strong></span> <span class='ocrx_word' id='word_1_36' title='bbox 1303 489 1350 525; x_wconf 84' lang='lat' dir='ltr'><strong>ad</strong></span> <span class='ocrx_word' id='word_1_37' title='bbox 1382 489 1490 527; x_wconf 86' lang='lat' dir='ltr'><strong>Asin.</strong></span> <span class='ocrx_word' id='word_1_38' title='bbox 1524 490 1616 526; x_wconf 84' lang='lat'>316.</span> <span class='ocrx_word' id='word_1_39' title='bbox 1649 488 1760 526; x_wconf 79' lang='lat' dir='ltr'>Cure.</span> 
     </span>
     <span class='ocr_line' id='line_1_5' title="bbox 314 555 1762 606; baseline -0.002 -9"><span class='ocrx_word' id='word_1_40' title='bbox 314 561 406 597; x_wconf 91' lang='lat'>211.</span> <span class='ocrx_word' id='word_1_41' title='bbox 447 559 564 596; x_wconf 87' lang='lat' dir='ltr'><strong>Most.</strong></span> <span class='ocrx_word' id='word_1_42' title='bbox 606 558 697 595; x_wconf 88' lang='lat'>224.</span> <span class='ocrx_word' id='word_1_43' title='bbox 740 577 792 582; x_wconf 86' lang='lat'>-</span> <span class='ocrx_word' id='word_1_44' title='bbox 835 558 925 594; x_wconf 91' lang='lat'>190.</span> <span class='ocrx_word' id='word_1_45' title='bbox 971 555 1020 594; x_wconf 86' lang='lat' dir='ltr'><strong>Os</strong></span> <span class='ocrx_word' id='word_1_46' title='bbox 1059 557 1104 602; x_wconf 82' lang='lat' dir='ltr'>A,</span> <span class='ocrx_word' id='word_1_47' title='bbox 1144 558 1169 594; x_wconf 86' lang='lat' dir='ltr'><strong>i.</strong></span> <span class='ocrx_word' id='word_1_48' title='bbox 1210 570 1240 593; x_wconf 91' lang='lat' dir='ltr'><strong>e.</strong></span> <span class='ocrx_word' id='word_1_49' title='bbox 1275 557 1572 606; x_wconf 83' lang='lat' dir='ltr'><strong>impudentiam,</strong></span> <span class='ocrx_word' id='word_1_50' title='bbox 1604 557 1650 594; x_wconf 91' lang='lat' dir='ltr'><strong>cf.</strong></span> <span class='ocrx_word' id='word_1_51' title='bbox 1683 556 1762 595; x_wconf 86' lang='lat' dir='ltr'>Cic.</span> 
     </span>
     <span class='ocr_line' id='line_1_6' title="bbox 312 624 1761 672; baseline -0.002 -7"><span class='ocrx_word' id='word_1_52' title='bbox 312 628 421 666; x_wconf 86' lang='lat' dir='ltr'>Orat.</span> <span class='ocrx_word' id='word_1_53' title='bbox 441 628 469 672; x_wconf 81' lang='grc' dir='ltr'><strong>Ι,</strong></span> <span class='ocrx_word' id='word_1_54' title='bbox 500 628 563 671; x_wconf 88' lang='lat'><strong>38,</strong></span> <span class='ocrx_word' id='word_1_55' title='bbox 601 627 690 663; x_wconf 88' lang='grc'>175.</span> <span class='ocrx_word' id='word_1_56' title='bbox 724 625 979 661; x_wconf 52' lang='lat' dir='ltr'>{aL—habet.</span> <span class='ocrx_word' id='word_1_57' title='bbox 1026 624 1080 663; x_wconf 79' lang='lat' dir='ltr'><strong>Ut</strong></span> <span class='ocrx_word' id='word_1_58' title='bbox 1114 626 1189 662; x_wconf 89' lang='lat'><strong>193</strong></span> <span class='ocrx_word' id='word_1_59' title='bbox 1224 630 1262 662; x_wconf 89' lang='lat' dir='ltr'><strong>et</strong></span> <span class='ocrx_word' id='word_1_60' title='bbox 1296 626 1370 662; x_wconf 88' lang='lat'><strong>196</strong></span> <span class='ocrx_word' id='word_1_61' title='bbox 1405 638 1520 662; x_wconf 83' lang='lat' dir='ltr'><strong>causa</strong></span> <span class='ocrx_word' id='word_1_62' title='bbox 1550 625 1761 671; x_wconf 86' lang='lat' dir='ltr'><strong>indicatur,</strong></span> 
     </span>
     <span class='ocr_line' id='line_1_7' title="bbox 311 690 1760 746; baseline -0.002 -13"><span class='ocrx_word' id='word_1_63' title='bbox 311 697 423 746; x_wconf 81' lang='lat' dir='ltr'>quasi</span> <span class='ocrx_word' id='word_1_64' title='bbox 464 708 578 742; x_wconf 83' lang='lat' dir='ltr'><strong>„nam</strong></span> <span class='ocrx_word' id='word_1_65' title='bbox 610 690 769 730; x_wconf 86' lang='lat' dir='ltr'><strong>habet“.</strong></span> <span class='ocrx_word' id='word_1_66' title='bbox 818 692 1006 730; x_wconf 81' lang='lat' dir='ltr'><strong>Schmidt.</strong></span> <span class='ocrx_word' id='word_1_67' title='bbox 1038 694 1138 730; x_wconf 91' lang='lat' dir='ltr'>Ann.</span> <span class='ocrx_word' id='word_1_68' title='bbox 1171 693 1266 743; x_wconf 88' lang='lat' dir='ltr'><strong>phil.</strong></span> <span class='ocrx_word' id='word_1_69' title='bbox 1299 693 1426 730; x_wconf 86' lang='lat' dir='ltr'>XCIII</span> <span class='ocrx_word' id='word_1_70' title='bbox 1456 706 1494 742; x_wconf 93' lang='lat' dir='ltr'><strong>p.</strong></span> <span class='ocrx_word' id='word_1_71' title='bbox 1528 694 1621 739; x_wconf 91' lang='lat'>629,</span> <span class='ocrx_word' id='word_1_72' title='bbox 1655 693 1760 739; x_wconf 87' lang='lat' dir='ltr'>Lor.,</span> 
     </span>
     <span class='ocr_line' id='line_1_8' title="bbox 310 758 1762 810; baseline -0.002 -10"><span class='ocrx_word' id='word_1_73' title='bbox 310 765 375 801; x_wconf 68' lang='grc' dir='ltr'><strong>ΒΓ.</strong></span> <span class='ocrx_word' id='word_1_74' title='bbox 427 760 638 809; x_wconf 77' lang='lat' dir='ltr'><strong>„habeat“;</strong></span> <span class='ocrx_word' id='word_1_75' title='bbox 686 762 818 810; x_wconf 87' lang='lat' dir='ltr'><strong>potius</strong></span> <span class='ocrx_word' id='word_1_76' title='bbox 860 760 1114 810; x_wconf 69' lang='lat' dir='ltr'><strong>quaerendum</strong></span> <span class='ocrx_word' id='word_1_77' title='bbox 1153 761 1320 807; x_wconf 88' lang='lat' dir='ltr'><strong>videtur,</strong></span> <span class='ocrx_word' id='word_1_78' title='bbox 1368 766 1500 798; x_wconf 90' lang='lat' dir='ltr'><strong>utrum</strong></span> <span class='ocrx_word' id='word_1_79' title='bbox 1545 765 1654 798; x_wconf 92' lang='lat' dir='ltr'><strong>totus</strong></span> <span class='ocrx_word' id='word_1_80' title='bbox 1699 758 1762 798; x_wconf 86' lang='lat' dir='ltr'><strong>hic</strong></span> 
     </span>
     <span class='ocr_line' id='line_1_9' title="bbox 309 829 1762 869; baseline -0.001 -1"><span class='ocrx_word' id='word_1_81' title='bbox 309 833 416 869; x_wconf 93' lang='lat' dir='ltr'><strong>locus</strong></span> <span class='ocrx_word' id='word_1_82' title='bbox 454 830 663 868; x_wconf 87' lang='lat' dir='ltr'><strong>verborum</strong></span> <span class='ocrx_word' id='word_1_83' title='bbox 709 833 748 866; x_wconf 90' lang='lat' dir='ltr'><strong>et</strong></span> <span class='ocrx_word' id='word_1_84' title='bbox 791 831 1072 866; x_wconf 84' lang='lat' dir='ltr'><strong>sententiarum</strong></span> <span class='ocrx_word' id='word_1_85' title='bbox 1119 829 1302 867; x_wconf 87' lang='lat' dir='ltr'><strong>similium</strong></span> <span class='ocrx_word' id='word_1_86' title='bbox 1348 829 1509 866; x_wconf 86' lang='lat' dir='ltr'><strong>flumine</strong></span> <span class='ocrx_word' id='word_1_87' title='bbox 1555 829 1762 866; x_wconf 80' lang='lat' dir='ltr'><strong>abundans</strong></span> 
     </span>
    </p>
   </div>
   <div class='ocr_carea' id='block_1_3' title="bbox 310 897 1762 1083">
    <p class='ocr_par' dir='ltr' id='par_1_3' title="bbox 310 897 1762 1083">
     <span class='ocr_line' id='line_1_10' title="bbox 311 897 1761 948; baseline -0.003 -11"><span class='ocrx_word' id='word_1_88' title='bbox 311 914 353 937; x_wconf 83' lang='lat' dir='ltr'><strong>re</strong></span> <span class='ocrx_word' id='word_1_89' title='bbox 392 913 484 936; x_wconf 75' lang='lat' dir='ltr'><strong>vera</strong></span> <span class='ocrx_word' id='word_1_90' title='bbox 522 899 653 935; x_wconf 84' lang='lat' dir='ltr'><strong>Plauti</strong></span> <span class='ocrx_word' id='word_1_91' title='bbox 685 898 746 942; x_wconf 86' lang='lat' dir='ltr'><strong>sit,</strong></span> <span class='ocrx_word' id='word_1_92' title='bbox 783 910 831 933; x_wconf 85' lang='lat' dir='ltr'><strong>an</strong></span> <span class='ocrx_word' id='word_1_93' title='bbox 870 897 1001 945; x_wconf 85' lang='lat' dir='ltr'><strong>aliqua</strong></span> <span class='ocrx_word' id='word_1_94' title='bbox 1035 897 1233 935; x_wconf 81' lang='lat' dir='ltr'><strong>addiderit</strong></span> <span class='ocrx_word' id='word_1_95' title='bbox 1263 898 1536 948; x_wconf 86' lang='lat' dir='ltr'><strong>interpolator.</strong></span> <span class='ocrx_word' id='word_1_96' title='bbox 1569 916 1623 922; x_wconf 89' lang='lat'>—</span> <span class='ocrx_word' id='word_1_97' title='bbox 1653 897 1761 934; x_wconf 70' lang='lat' dir='ltr'><strong>mali-</strong></span> 
     </span>
     <span class='ocr_line' id='line_1_11' title="bbox 312 965 1761 1021; baseline -0.003 -15"><span class='ocrx_word' id='word_1_98' title='bbox 312 971 403 1006; x_wconf 68' lang='lat' dir='ltr'><strong>tiam</strong></span> <span class='ocrx_word' id='word_1_99' title='bbox 441 970 485 1004; x_wconf 91' lang='lat' dir='ltr'><strong>A.</strong></span> <span class='ocrx_word' id='word_1_100' title='bbox 529 986 581 991; x_wconf 90' lang='lat'>—</span> <span class='ocrx_word' id='word_1_101' title='bbox 625 967 699 1003; x_wconf 90' lang='lat'><strong>191</strong></span> <span class='ocrx_word' id='word_1_102' title='bbox 757 967 932 1015; x_wconf 88' lang='lat' dir='ltr'><strong>spurium</strong></span> <span class='ocrx_word' id='word_1_103' title='bbox 973 965 1110 1003; x_wconf 82' lang='lat' dir='ltr'><strong>habuit</strong></span> <span class='ocrx_word' id='word_1_104' title='bbox 1147 965 1193 1003; x_wconf 88' lang='lat' dir='ltr'><strong>R.</strong></span> <span class='ocrx_word' id='word_1_105' title='bbox 1228 966 1531 1021; x_wconf 52' lang='lat' dir='ltr'><strong>confirmitatem,</strong></span> <span class='ocrx_word' id='word_1_106' title='bbox 1571 979 1647 1002; x_wconf 84' lang='lat' dir='ltr'><strong>vox</strong></span> <span class='ocrx_word' id='word_1_107' title='bbox 1684 979 1761 1002; x_wconf 93' lang='lat' dir='ltr'><strong>non</strong></span> 
     </span>
     <span class='ocr_line' id='line_1_12' title="bbox 310 1033 1762 1083; baseline -0.001 -10"><span class='ocrx_word' id='word_1_108' title='bbox 310 1036 403 1073; x_wconf 85' lang='lat' dir='ltr'><strong>alibi</strong></span> <span class='ocrx_word' id='word_1_109' title='bbox 443 1037 614 1072; x_wconf 82' lang='lat' dir='ltr'><strong>inventa.</strong></span> <span class='ocrx_word' id='word_1_110' title='bbox 646 1053 700 1059; x_wconf 81' lang='lat'>—</span> <span class='ocrx_word' id='word_1_111' title='bbox 735 1035 812 1071; x_wconf 87' lang='lat'><strong>192</strong></span> <span class='ocrx_word' id='word_1_112' title='bbox 852 1037 941 1070; x_wconf 80' lang='lat' dir='ltr'><strong>ante</strong></span> <span class='ocrx_word' id='word_1_113' title='bbox 974 1048 1008 1070; x_wconf 92' lang='lat' dir='ltr'><strong>v.</strong></span> <span class='ocrx_word' id='word_1_114' title='bbox 1047 1034 1121 1071; x_wconf 88' lang='lat'>190</span> <span class='ocrx_word' id='word_1_115' title='bbox 1153 1034 1328 1083; x_wconf 86' lang='lat' dir='ltr'><strong>ponebat</strong></span> <span class='ocrx_word' id='word_1_116' title='bbox 1358 1033 1674 1071; x_wconf 84' lang='lat' dir='ltr'><strong>Forchhammer.</strong></span> <span class='ocrx_word' id='word_1_117' title='bbox 1708 1053 1762 1058; x_wconf 96' lang='lat'><strong>—</strong></span> 
     </span>
    </p>
   </div>
   <div class='ocr_carea' id='block_1_4' title="bbox 308 1101 1762 1769">
    <p class='ocr_par' dir='ltr' id='par_1_4' title="bbox 308 1101 1762 1769">
     <span class='ocr_line' id='line_1_13' title="bbox 314 1101 1758 1152; baseline -0.003 -9"><span class='ocrx_word' id='word_1_118' title='bbox 314 1105 390 1143; x_wconf 89' lang='lat'><strong>193</strong></span> <span class='ocrx_word' id='word_1_119' title='bbox 436 1106 476 1141; x_wconf 90' lang='lat' dir='ltr'><strong>in</strong></span> <span class='ocrx_word' id='word_1_120' title='bbox 522 1105 555 1140; x_wconf 90' lang='lat' dir='ltr'>A</span> <span class='ocrx_word' id='word_1_121' title='bbox 600 1115 677 1139; x_wconf 92' lang='lat' dir='ltr'><strong>non</strong></span> <span class='ocrx_word' id='word_1_122' title='bbox 723 1106 862 1148; x_wconf 79' lang='lat' dir='ltr'><strong>exstat,</strong></span> <span class='ocrx_word' id='word_1_123' title='bbox 910 1115 954 1139; x_wconf 85' lang='lat' dir='ltr'><strong>ac</strong></span> <span class='ocrx_word' id='word_1_124' title='bbox 993 1101 1139 1139; x_wconf 90' lang='lat' dir='ltr'><strong>delevit</strong></span> <span class='ocrx_word' id='word_1_125' title='bbox 1176 1101 1220 1139; x_wconf 85' lang='lat' dir='ltr'><strong>R.</strong></span> <span class='ocrx_word' id='word_1_126' title='bbox 1261 1103 1428 1139; x_wconf 81' lang='lat' dir='ltr'><strong>maxime</strong></span> <span class='ocrx_word' id='word_1_127' title='bbox 1465 1106 1631 1152; x_wconf 84' lang='lat' dir='ltr'><strong>propter</strong></span> <span class='ocrx_word' id='word_1_128' title='bbox 1675 1115 1758 1139; x_wconf 93' lang='lat' dir='ltr'>voc.</span> 
     </span>
     <span class='ocr_line' id='line_1_14' title="bbox 308 1169 1762 1221; baseline -0.002 -11"><span class='ocrx_word' id='word_1_129' title='bbox 308 1174 562 1219; x_wconf 73' lang='lat' dir='ltr'><strong>falsiiurium,</strong></span> <span class='ocrx_word' id='word_1_130' title='bbox 607 1183 644 1208; x_wconf 85' lang='lat' dir='ltr'><strong>v.</strong></span> <span class='ocrx_word' id='word_1_131' title='bbox 682 1171 793 1221; x_wconf 83' lang='lat' dir='ltr'>praef.</span> <span class='ocrx_word' id='word_1_132' title='bbox 824 1183 862 1219; x_wconf 91' lang='lat' dir='ltr'><strong>p.</strong></span> <span class='ocrx_word' id='word_1_133' title='bbox 895 1169 1074 1217; x_wconf 90' lang='lat' dir='ltr'>XXVIII,</span> <span class='ocrx_word' id='word_1_134' title='bbox 1122 1172 1345 1219; x_wconf 86' lang='lat' dir='ltr'><strong>proximum</strong></span> <span class='ocrx_word' id='word_1_135' title='bbox 1391 1174 1531 1216; x_wconf 82' lang='lat' dir='ltr'><strong>autem,</strong></span> <span class='ocrx_word' id='word_1_136' title='bbox 1579 1171 1645 1219; x_wconf 88' lang='lat' dir='ltr'><strong>qui</strong></span> <span class='ocrx_word' id='word_1_137' title='bbox 1691 1170 1762 1207; x_wconf 89' lang='lat' dir='ltr'><strong>hoc</strong></span> 
     </span>
     <span class='ocr_line' id='line_1_15' title="bbox 310 1238 1762 1288; baseline -0.003 -9"><span class='ocrx_word' id='word_1_138' title='bbox 310 1242 439 1279; x_wconf 90' lang='lat' dir='ltr'><strong>deleto</strong></span> <span class='ocrx_word' id='word_1_139' title='bbox 477 1253 553 1277; x_wconf 91' lang='lat' dir='ltr'><strong>non</strong></span> <span class='ocrx_word' id='word_1_140' title='bbox 591 1239 709 1276; x_wconf 77' lang='lat' dir='ltr'><strong>habet</strong></span> <span class='ocrx_word' id='word_1_141' title='bbox 745 1252 821 1288; x_wconf 90' lang='lat' dir='ltr'><strong>quo</strong></span> <span class='ocrx_word' id='word_1_142' title='bbox 860 1238 1070 1285; x_wconf 83' lang='lat' dir='ltr'><strong>referatur,</strong></span> <span class='ocrx_word' id='word_1_143' title='bbox 1108 1240 1368 1288; x_wconf 79' lang='lat' dir='ltr'><strong>transposuit.</strong></span> <span class='ocrx_word' id='word_1_144' title='bbox 1444 1238 1636 1287; x_wconf 89' lang='lat' dir='ltr'><strong>Equidem</strong></span> <span class='ocrx_word' id='word_1_145' title='bbox 1683 1251 1762 1275; x_wconf 89' lang='lat' dir='ltr'><strong>non</strong></span> 
     </span>
     <span class='ocr_line' id='line_1_16' title="bbox 309 1306 1761 1358; baseline -0.002 -12"><span class='ocrx_word' id='word_1_146' title='bbox 309 1310 457 1354; x_wconf 84' lang='lat' dir='ltr'><strong>dubito,</strong></span> <span class='ocrx_word' id='word_1_147' title='bbox 505 1309 598 1358; x_wconf 92' lang='lat' dir='ltr'><strong>quin</strong></span> <span class='ocrx_word' id='word_1_148' title='bbox 629 1309 669 1344; x_wconf 90' lang='lat' dir='ltr'><strong>in</strong></span> <span class='ocrx_word' id='word_1_149' title='bbox 700 1309 733 1344; x_wconf 94' lang='lat' dir='ltr'>A</span> <span class='ocrx_word' id='word_1_150' title='bbox 767 1319 873 1343; x_wconf 90' lang='lat' dir='ltr'><strong>mero</strong></span> <span class='ocrx_word' id='word_1_151' title='bbox 904 1318 1037 1343; x_wconf 86' lang='lat' dir='ltr'><strong>errore</strong></span> <span class='ocrx_word' id='word_1_152' title='bbox 1067 1311 1233 1356; x_wconf 88' lang='lat' dir='ltr'><strong>propter</strong></span> <span class='ocrx_word' id='word_1_153' title='bbox 1264 1306 1560 1343; x_wconf 86' lang='lat' dir='ltr'><strong>similitudinem</strong></span> <span class='ocrx_word' id='word_1_154' title='bbox 1593 1307 1761 1355; x_wconf 86' lang='lat' dir='ltr'><strong>proximi</strong></span> 
     </span>
     <span class='ocr_line' id='line_1_17' title="bbox 308 1374 1760 1424; baseline -0.003 -9"><span class='ocrx_word' id='word_1_155' title='bbox 308 1379 516 1424; x_wconf 86' lang='lat' dir='ltr'><strong>exciderit;</strong></span> <span class='ocrx_word' id='word_1_156' title='bbox 548 1376 614 1413; x_wconf 89' lang='lat' dir='ltr'><strong>sed</strong></span> <span class='ocrx_word' id='word_1_157' title='bbox 646 1380 857 1424; x_wconf 87' lang='lat' dir='ltr'><strong>utrumque</strong></span> <span class='ocrx_word' id='word_1_158' title='bbox 888 1387 1042 1412; x_wconf 84' lang='lat' dir='ltr'><strong>versum</strong></span> <span class='ocrx_word' id='word_1_159' title='bbox 1074 1388 1146 1424; x_wconf 92' lang='lat' dir='ltr'><strong>pro</strong></span> <span class='ocrx_word' id='word_1_160' title='bbox 1177 1374 1481 1424; x_wconf 84' lang='lat' dir='ltr'><strong>amplificatione</strong></span> <span class='ocrx_word' id='word_1_161' title='bbox 1512 1375 1647 1424; x_wconf 87' lang='lat' dir='ltr'><strong>spuria</strong></span> <span class='ocrx_word' id='word_1_162' title='bbox 1680 1387 1760 1410; x_wconf 76' lang='lat' dir='ltr'><strong>ver-</strong></span> 
     </span>
     <span class='ocr_line' id='line_1_18' title="bbox 308 1442 1758 1492; baseline -0.003 -8"><span class='ocrx_word' id='word_1_163' title='bbox 308 1461 372 1484; x_wconf 91' lang='lat' dir='ltr'><strong>sus</strong></span> <span class='ocrx_word' id='word_1_164' title='bbox 417 1447 492 1483; x_wconf 90' lang='lat'><strong>196</strong></span> <span class='ocrx_word' id='word_1_165' title='bbox 533 1444 666 1482; x_wconf 80' lang='lat' dir='ltr'>habeo.</span> <span class='ocrx_word' id='word_1_166' title='bbox 726 1443 796 1480; x_wconf 89' lang='lat' dir='ltr'><strong>His</strong></span> <span class='ocrx_word' id='word_1_167' title='bbox 829 1444 984 1480; x_wconf 85' lang='lat' dir='ltr'><strong>omissis</strong></span> <span class='ocrx_word' id='word_1_168' title='bbox 1015 1443 1213 1492; x_wconf 78' lang='lat' dir='ltr'><strong>particula</strong></span> <span class='ocrx_word' id='word_1_169' title='bbox 1243 1443 1345 1479; x_wconf 83' lang='lat' dir='ltr'><strong>Nam</strong></span> <span class='ocrx_word' id='word_1_170' title='bbox 1377 1457 1412 1479; x_wconf 89' lang='lat' dir='ltr'><strong>v.</strong></span> <span class='ocrx_word' id='word_1_171' title='bbox 1450 1443 1526 1479; x_wconf 89' lang='lat'><strong>195</strong></span> <span class='ocrx_word' id='word_1_172' title='bbox 1559 1455 1672 1479; x_wconf 81' lang='lat' dir='ltr'><strong>suum</strong></span> <span class='ocrx_word' id='word_1_173' title='bbox 1702 1442 1758 1480; x_wconf 93' lang='lat' dir='ltr'><strong>lo-</strong></span> 
     </span>
     <span class='ocr_line' id='line_1_19' title="bbox 309 1510 1758 1561; baseline -0.004 -9"><span class='ocrx_word' id='word_1_174' title='bbox 309 1528 393 1552; x_wconf 90' lang='lat' dir='ltr'><strong>cum</strong></span> <span class='ocrx_word' id='word_1_175' title='bbox 425 1519 570 1551; x_wconf 86' lang='lat' dir='ltr'><strong>tuetur.</strong></span> <span class='ocrx_word' id='word_1_176' title='bbox 607 1533 653 1537; x_wconf 93' lang='lat'><strong>—</strong></span> <span class='ocrx_word' id='word_1_177' title='bbox 689 1513 816 1561; x_wconf 67' lang='lat' dir='ltr'><strong>Domi,</strong></span> <span class='ocrx_word' id='word_1_178' title='bbox 849 1512 955 1561; x_wconf 86' lang='lat' dir='ltr'><strong>apud</strong></span> <span class='ocrx_word' id='word_1_179' title='bbox 986 1525 1038 1555; x_wconf 84' lang='lat' dir='ltr'><strong>se,</strong></span> <span class='ocrx_word' id='word_1_180' title='bbox 1072 1511 1120 1548; x_wconf 90' lang='lat' dir='ltr'><strong>de</strong></span> <span class='ocrx_word' id='word_1_181' title='bbox 1151 1512 1299 1558; x_wconf 83' lang='lat' dir='ltr'><strong>ingenii</strong></span> <span class='ocrx_word' id='word_1_182' title='bbox 1331 1511 1453 1560; x_wconf 87' lang='lat' dir='ltr'><strong>copia,</strong></span> <span class='ocrx_word' id='word_1_183' title='bbox 1487 1524 1522 1547; x_wconf 93' lang='lat' dir='ltr'><strong>v.</strong></span> <span class='ocrx_word' id='word_1_184' title='bbox 1555 1510 1603 1547; x_wconf 80' lang='lat' dir='ltr'><strong>ad</strong></span> <span class='ocrx_word' id='word_1_185' title='bbox 1620 1510 1758 1547; x_wconf 82' lang='lat' dir='ltr'><strong>Bacch.</strong></span> 
     </span>
     <span class='ocr_line' id='line_1_20' title="bbox 311 1578 1760 1631; baseline -0.002 -12"><span class='ocrx_word' id='word_1_186' title='bbox 311 1584 390 1620; x_wconf 90' lang='lat'><strong>222</strong></span> <span class='ocrx_word' id='word_1_187' title='bbox 432 1587 468 1618; x_wconf 82' lang='lat' dir='ltr'><strong>et</strong></span> <span class='ocrx_word' id='word_1_188' title='bbox 502 1581 646 1631; x_wconf 83' lang='lat' dir='ltr'><strong>Amph.</strong></span> <span class='ocrx_word' id='word_1_189' title='bbox 680 1582 772 1618; x_wconf 87' lang='lat'>631.</span> <span class='ocrx_word' id='word_1_190' title='bbox 815 1580 902 1618; x_wconf 83' lang='lat' dir='ltr'>add.</span> <span class='ocrx_word' id='word_1_191' title='bbox 937 1579 1023 1616; x_wconf 82' lang='lat' dir='ltr'>Cas.</span> <span class='ocrx_word' id='word_1_192' title='bbox 1065 1580 1158 1617; x_wconf 90' lang='lat'>206.</span> <span class='ocrx_word' id='word_1_193' title='bbox 1192 1579 1290 1616; x_wconf 84' lang='lat' dir='ltr'>Rud.</span> <span class='ocrx_word' id='word_1_194' title='bbox 1329 1579 1447 1615; x_wconf 88' lang='lat'>1322.</span> <span class='ocrx_word' id='word_1_195' title='bbox 1481 1578 1569 1616; x_wconf 87' lang='lat' dir='ltr'><strong>Ter.</strong></span> <span class='ocrx_word' id='word_1_196' title='bbox 1602 1578 1760 1616; x_wconf 87' lang='lat' dir='ltr'><strong>Phorm.</strong></span> 
     </span>
     <span class='ocr_line' id='line_1_21' title="bbox 311 1647 1760 1694; baseline -0.003 -6"><span class='ocrx_word' id='word_1_197' title='bbox 311 1652 401 1688; x_wconf 91' lang='lat'>504.</span> <span class='ocrx_word' id='word_1_198' title='bbox 439 1650 514 1687; x_wconf 86' lang='lat' dir='ltr'><strong>Ad.</strong></span> <span class='ocrx_word' id='word_1_199' title='bbox 554 1650 649 1686; x_wconf 92' lang='lat'>413.</span> <span class='ocrx_word' id='word_1_200' title='bbox 690 1648 767 1686; x_wconf 87' lang='lat' dir='ltr'>Cic.</span> <span class='ocrx_word' id='word_1_201' title='bbox 809 1648 857 1685; x_wconf 89' lang='lat' dir='ltr'><strong>ad</strong></span> <span class='ocrx_word' id='word_1_202' title='bbox 887 1647 971 1684; x_wconf 87' lang='lat' dir='ltr'>Att.</span> <span class='ocrx_word' id='word_1_203' title='bbox 1011 1647 1059 1690; x_wconf 83' lang='lat' dir='ltr'><strong>X,</strong></span> <span class='ocrx_word' id='word_1_204' title='bbox 1097 1649 1157 1694; x_wconf 88' lang='lat'><strong>14,</strong></span> <span class='ocrx_word' id='word_1_205' title='bbox 1189 1649 1224 1684; x_wconf 90' lang='lat'><strong>2.</strong></span> <span class='ocrx_word' id='word_1_206' title='bbox 1258 1666 1311 1672; x_wconf 87' lang='lat'><strong>—</strong></span> <span class='ocrx_word' id='word_1_207' title='bbox 1346 1648 1436 1684; x_wconf 89' lang='lat'>194.</span> <span class='ocrx_word' id='word_1_208' title='bbox 1470 1647 1680 1694; x_wconf 66' lang='lat' dir='ltr'><strong>delenifica,</strong></span> <span class='ocrx_word' id='word_1_209' title='bbox 1713 1647 1760 1684; x_wconf 89' lang='lat' dir='ltr'><strong>cf.</strong></span> 
     </span>
     <span class='ocr_line' id='line_1_22' title="bbox 309 1715 1759 1769; baseline -0.003 -13"><span class='ocrx_word' id='word_1_210' title='bbox 309 1719 459 1769; x_wconf 90' lang='lat' dir='ltr'><strong>Turpil.</strong></span> <span class='ocrx_word' id='word_1_211' title='bbox 495 1719 545 1755; x_wconf 92' lang='lat'><strong>29</strong></span> <span class='ocrx_word' id='word_1_212' title='bbox 578 1722 617 1755; x_wconf 90' lang='lat' dir='ltr'><strong>et</strong></span> <span class='ocrx_word' id='word_1_213' title='bbox 652 1718 741 1754; x_wconf 91' lang='lat'>186.</span> <span class='ocrx_word' id='word_1_214' title='bbox 776 1736 829 1740; x_wconf 87' lang='lat'>—</span> <span class='ocrx_word' id='word_1_215' title='bbox 865 1717 955 1753; x_wconf 85' lang='lat'>195.</span> <span class='ocrx_word' id='word_1_216' title='bbox 987 1717 1102 1754; x_wconf 80' lang='lat' dir='ltr'>mala.</span> <span class='ocrx_word' id='word_1_217' title='bbox 1135 1715 1313 1760; x_wconf 83' lang='lat' dir='ltr'><strong>subdola,</strong></span> <span class='ocrx_word' id='word_1_218' title='bbox 1346 1715 1480 1759; x_wconf 86' lang='lat' dir='ltr'><strong>fallax,</strong></span> <span class='ocrx_word' id='word_1_219' title='bbox 1515 1715 1562 1752; x_wconf 88' lang='lat' dir='ltr'><strong>cf.</strong></span> <span class='ocrx_word' id='word_1_220' title='bbox 1588 1716 1683 1752; x_wconf 88' lang='lat'>444.</span> <span class='ocrx_word' id='word_1_221' title='bbox 1711 1715 1759 1751; x_wconf 88' lang='lat' dir='ltr'><strong>al.</strong></span> 
     </span>
    </p>
   </div>
   <div class='ocr_carea' id='block_1_5' title="bbox 309 1780 1796 1831">
    <p class='ocr_par' dir='ltr' id='par_1_5' title="bbox 309 1780 1796 1831">
     <span class='ocr_line' id='line_1_23' title="bbox 309 1780 1796 1831; baseline -0.003 -6"><span class='ocrx_word' id='word_1_222' title='bbox 309 1807 362 1812; x_wconf 90' lang='lat'>—</span> <span class='ocrx_word' id='word_1_223' title='bbox 404 1787 493 1824; x_wconf 89' lang='lat'>196.</span> <span class='ocrx_word' id='word_1_224' title='bbox 534 1787 651 1824; x_wconf 69' lang='lat' dir='ltr'><strong>Domi</strong></span> <span class='ocrx_word' id='word_1_225' title='bbox 685 1785 795 1822; x_wconf 72' lang='lat' dir='ltr'><strong>habet</strong></span> <span class='ocrx_word' id='word_1_226' title='bbox 829 1786 995 1829; x_wconf 73' lang='lat' dir='ltr'><strong>hortum,</strong></span> <span class='ocrx_word' id='word_1_227' title='bbox 1036 1785 1082 1821; x_wconf 92' lang='lat' dir='ltr'><strong>cf.</strong></span> <span class='ocrx_word' id='word_1_228' title='bbox 1124 1783 1201 1821; x_wconf 89' lang='lat' dir='ltr'>Cic.</span> <span class='ocrx_word' id='word_1_229' title='bbox 1242 1783 1291 1820; x_wconf 80' lang='lat' dir='ltr'><strong>ad</strong></span> <span class='ocrx_word' id='word_1_230' title='bbox 1331 1783 1400 1829; x_wconf 81' lang='lat' dir='ltr'><strong>Qu.</strong></span> <span class='ocrx_word' id='word_1_231' title='bbox 1439 1784 1485 1820; x_wconf 86' lang='lat' dir='ltr'><strong>fr.</strong></span> <span class='ocrx_word' id='word_1_232' title='bbox 1528 1783 1577 1830; x_wconf 88' lang='grc' dir='ltr'><strong>ΙΙ,</strong></span> <span class='ocrx_word' id='word_1_233' title='bbox 1615 1784 1663 1820; x_wconf 90' lang='grc'>10</span> <span class='ocrx_word' id='word_1_234' title='bbox 1697 1780 1759 1831; x_wconf 92' lang='lat'><strong>(8)</strong></span> <span class='ocrx_word' id='word_1_235' title='bbox 1791 1827 1796 1829; x_wconf 43' lang='grc'>,</span> 
     </span>
    </p>
   </div>
   <div class='ocr_carea' id='block_1_6' title="bbox 306 1851 1764 2857">
    <p class='ocr_par' dir='ltr' id='par_1_6' title="bbox 306 1851 1764 2371">
     <span class='ocr_line' id='line_1_24' title="bbox 310 1851 1759 1903; baseline -0.003 -10"><span class='ocrx_word' id='word_1_236' title='bbox 310 1860 407 1893; x_wconf 83' lang='lat' dir='ltr'><strong>extr.</strong></span> <span class='ocrx_word' id='word_1_237' title='bbox 472 1855 644 1903; x_wconf 85' lang='lat' dir='ltr'><strong>„Hortus</strong></span> <span class='ocrx_word' id='word_1_238' title='bbox 683 1854 788 1891; x_wconf 90' lang='lat' dir='ltr'><strong>domi</strong></span> <span class='ocrx_word' id='word_1_239' title='bbox 828 1851 928 1890; x_wconf 80' lang='lat' dir='ltr'><strong>est“.</strong></span> <span class='ocrx_word' id='word_1_240' title='bbox 969 1873 1022 1877; x_wconf 94' lang='lat'><strong>—</strong></span> <span class='ocrx_word' id='word_1_241' title='bbox 1062 1864 1184 1889; x_wconf 81' lang='lat' dir='ltr'><strong>mores</strong></span> <span class='ocrx_word' id='word_1_242' title='bbox 1221 1853 1272 1895; x_wconf 93' lang='lat' dir='ltr'><strong>A,</strong></span> <span class='ocrx_word' id='word_1_243' title='bbox 1313 1853 1464 1889; x_wconf 87' lang='lat' dir='ltr'><strong>utiam</strong></span> <span class='ocrx_word' id='word_1_244' title='bbox 1503 1851 1759 1889; x_wconf 85' lang='lat' dir='ltr'><strong>Camerarius.</strong></span> 
     </span>
     <span class='ocr_line' id='line_1_25' title="bbox 309 1919 1759 1970; baseline -0.001 -11"><span class='ocrx_word' id='word_1_245' title='bbox 309 1944 363 1950; x_wconf 90' lang='lat'><strong>--</strong></span> <span class='ocrx_word' id='word_1_246' title='bbox 400 1923 582 1960; x_wconf 81' lang='lat' dir='ltr'><strong>Formam</strong></span> <span class='ocrx_word' id='word_1_247' title='bbox 625 1920 862 1970; x_wconf 79' lang='lat' dir='ltr'><strong>‚‚malificus“</strong></span> <span class='ocrx_word' id='word_1_248' title='bbox 906 1921 952 1958; x_wconf 90' lang='lat' dir='ltr'><strong>R.</strong></span> <span class='ocrx_word' id='word_1_249' title='bbox 991 1926 1124 1957; x_wconf 84' lang='lat' dir='ltr'><strong>tuetur</strong></span> <span class='ocrx_word' id='word_1_250' title='bbox 1163 1920 1234 1969; x_wconf 90' lang='lat' dir='ltr'><strong>Op.</strong></span> <span class='ocrx_word' id='word_1_251' title='bbox 1273 1919 1310 1956; x_wconf 91' lang='lat' dir='ltr'><strong>II</strong></span> <span class='ocrx_word' id='word_1_252' title='bbox 1346 1932 1384 1969; x_wconf 94' lang='lat' dir='ltr'><strong>p.</strong></span> <span class='ocrx_word' id='word_1_253' title='bbox 1426 1921 1518 1958; x_wconf 90' lang='lat'>561.</span> <span class='ocrx_word' id='word_1_254' title='bbox 1566 1939 1619 1944; x_wconf 92' lang='lat'>—</span> <span class='ocrx_word' id='word_1_255' title='bbox 1669 1920 1759 1957; x_wconf 89' lang='lat'>198.</span> 
     </span>
     <span class='ocr_line' id='line_1_26' title="bbox 306 1987 1762 2040; baseline -0.004 -10"><span class='ocrx_word' id='word_1_256' title='bbox 306 1992 473 2037; x_wconf 66' lang='lat' dir='ltr'><strong>uolutus,</strong></span> <span class='ocrx_word' id='word_1_257' title='bbox 507 1991 554 2027; x_wconf 87' lang='lat' dir='ltr'><strong>cf.</strong></span> <span class='ocrx_word' id='word_1_258' title='bbox 587 1990 699 2040; x_wconf 82' lang='lat' dir='ltr'>Capt.</span> <span class='ocrx_word' id='word_1_259' title='bbox 732 1991 825 2027; x_wconf 86' lang='lat'>775.</span> <span class='ocrx_word' id='word_1_260' title='bbox 859 1990 976 2026; x_wconf 86' lang='lat' dir='ltr'><strong>Most.</strong></span> <span class='ocrx_word' id='word_1_261' title='bbox 1010 1989 1075 2026; x_wconf 85' lang='lat'><strong>84.</strong></span> <span class='ocrx_word' id='word_1_262' title='bbox 1108 1988 1236 2026; x_wconf 85' lang='lat' dir='ltr'><strong>Etiam</strong></span> <span class='ocrx_word' id='word_1_263' title='bbox 1268 1988 1373 2038; x_wconf 86' lang='lat' dir='ltr'><strong>apud</strong></span> <span class='ocrx_word' id='word_1_264' title='bbox 1390 1987 1557 2026; x_wconf 90' lang='lat' dir='ltr'><strong>Gellium</strong></span> <span class='ocrx_word' id='word_1_265' title='bbox 1574 1987 1762 2032; x_wconf 85' lang='lat' dir='ltr'>X11‚4in</span> 
     </span>
     <span class='ocr_line' id='line_1_27' title="bbox 307 2056 1764 2104; baseline -0.003 -6"><span class='ocrx_word' id='word_1_266' title='bbox 307 2061 426 2098; x_wconf 89' lang='lat' dir='ltr'><strong>Ennii</strong></span> <span class='ocrx_word' id='word_1_267' title='bbox 450 2075 484 2098; x_wconf 91' lang='lat' dir='ltr'><strong>v.</strong></span> <span class='ocrx_word' id='word_1_268' title='bbox 518 2061 539 2097; x_wconf 88' lang='grc'>9</span> <span class='ocrx_word' id='word_1_269' title='bbox 572 2059 739 2096; x_wconf 84' lang='lat' dir='ltr'><strong>fortasse</strong></span> <span class='ocrx_word' id='word_1_270' title='bbox 771 2057 1036 2096; x_wconf 88' lang='lat' dir='ltr'><strong>scribendum:</strong></span> <span class='ocrx_word' id='word_1_271' title='bbox 1075 2057 1271 2104; x_wconf 79' lang='lat' dir='ltr'><strong>„Quocum</strong></span> <span class='ocrx_word' id='word_1_272' title='bbox 1297 2057 1419 2094; x_wconf 83' lang='lat' dir='ltr'><strong>multa</strong></span> <span class='ocrx_word' id='word_1_273' title='bbox 1440 2057 1596 2094; x_wconf 80' lang='lat' dir='ltr'><strong>uolutat</strong></span> <span class='ocrx_word' id='word_1_274' title='bbox 1618 2056 1764 2104; x_wconf 78' lang='lat' dir='ltr'><strong>gaudia</strong></span> 
     </span>
     <span class='ocr_line' id='line_1_28' title="bbox 308 2123 1759 2177; baseline -0.003 -11"><span class='ocrx_word' id='word_1_275' title='bbox 308 2130 484 2177; x_wconf 81' lang='lat' dir='ltr'><strong>clamque</strong></span> <span class='ocrx_word' id='word_1_276' title='bbox 516 2128 723 2177; x_wconf 82' lang='lat' dir='ltr'><strong>palamque</strong></span> <span class='ocrx_word' id='word_1_277' title='bbox 745 2123 991 2176; x_wconf 85' lang='lat' dir='ltr'><strong>Ingenium“.</strong></span> <span class='ocrx_word' id='word_1_278' title='bbox 1019 2145 1066 2150; x_wconf 89' lang='lat'><strong>—-</strong></span> <span class='ocrx_word' id='word_1_279' title='bbox 1096 2127 1188 2163; x_wconf 91' lang='lat'>200.</span> <span class='ocrx_word' id='word_1_280' title='bbox 1222 2129 1357 2163; x_wconf 76' lang='lat' dir='ltr'><strong>contra</strong></span> <span class='ocrx_word' id='word_1_281' title='bbox 1381 2125 1558 2162; x_wconf 88' lang='lat' dir='ltr'><strong>absolute</strong></span> <span class='ocrx_word' id='word_1_282' title='bbox 1581 2126 1759 2174; x_wconf 82' lang='lat' dir='ltr'><strong>ponitur3</strong></span> 
     </span>
     <span class='ocr_line' id='line_1_29' title="bbox 308 2192 1757 2244; baseline -0.003 -10"><span class='ocrx_word' id='word_1_283' title='bbox 308 2197 463 2234; x_wconf 83' lang='lat' dir='ltr'><strong>dativus</strong></span> <span class='ocrx_word' id='word_1_284' title='bbox 508 2209 593 2233; x_wconf 91' lang='lat' dir='ltr'><strong>cum</strong></span> <span class='ocrx_word' id='word_1_285' title='bbox 640 2196 760 2232; x_wconf 88' lang='lat' dir='ltr'><strong>verbo</strong></span> <span class='ocrx_word' id='word_1_286' title='bbox 805 2196 994 2243; x_wconf 73' lang='lat' dir='ltr'><strong>iungitur,</strong></span> <span class='ocrx_word' id='word_1_287' title='bbox 1034 2195 1079 2231; x_wconf 86' lang='lat' dir='ltr'><strong>cf.</strong></span> <span class='ocrx_word' id='word_1_288' title='bbox 1114 2193 1224 2244; x_wconf 87' lang='lat' dir='ltr'>Capt.</span> <span class='ocrx_word' id='word_1_289' title='bbox 1266 2195 1358 2232; x_wconf 89' lang='lat'>658.</span> <span class='ocrx_word' id='word_1_290' title='bbox 1398 2192 1499 2231; x_wconf 86' lang='lat' dir='ltr'>Rud.</span> <span class='ocrx_word' id='word_1_291' title='bbox 1539 2193 1630 2230; x_wconf 89' lang='lat'>683.</span> <span class='ocrx_word' id='word_1_292' title='bbox 1670 2192 1757 2229; x_wconf 85' lang='lat' dir='ltr'>Ter.</span> 
     </span>
     <span class='ocr_line' id='line_1_30' title="bbox 308 2261 1756 2311; baseline -0.003 -9"><span class='ocrx_word' id='word_1_293' title='bbox 308 2265 409 2303; x_wconf 87' lang='lat' dir='ltr'>Eun.</span> <span class='ocrx_word' id='word_1_294' title='bbox 451 2266 541 2302; x_wconf 89' lang='lat'>355.</span> <span class='ocrx_word' id='word_1_295' title='bbox 583 2264 676 2301; x_wconf 88' lang='lat'>624.</span> <span class='ocrx_word' id='word_1_296' title='bbox 709 2263 800 2301; x_wconf 86' lang='lat' dir='ltr'>Hec.</span> <span class='ocrx_word' id='word_1_297' title='bbox 843 2264 934 2301; x_wconf 88' lang='lat'>583.</span> <span class='ocrx_word' id='word_1_298' title='bbox 966 2262 1083 2311; x_wconf 85' lang='lat' dir='ltr'>Verg.</span> <span class='ocrx_word' id='word_1_299' title='bbox 1116 2262 1206 2300; x_wconf 89' lang='lat' dir='ltr'><strong>AEn.</strong></span> <span class='ocrx_word' id='word_1_300' title='bbox 1238 2262 1286 2306; x_wconf 93' lang='lat' dir='ltr'><strong>X,</strong></span> <span class='ocrx_word' id='word_1_301' title='bbox 1322 2263 1413 2300; x_wconf 81' lang='lat'>769.</span> <span class='ocrx_word' id='word_1_302' title='bbox 1445 2261 1549 2299; x_wconf 80' lang='lat' dir='ltr'><strong>infra</strong></span> <span class='ocrx_word' id='word_1_303' title='bbox 1581 2261 1673 2298; x_wconf 88' lang='lat'>225.</span> <span class='ocrx_word' id='word_1_304' title='bbox 1708 2279 1756 2285; x_wconf 88' lang='lat'><strong>—·</strong></span> 
     </span>
     <span class='ocr_line' id='line_1_31' title="bbox 309 2331 1132 2371; baseline -0.005 0"><span class='ocrx_word' id='word_1_305' title='bbox 309 2335 400 2371; x_wconf 91' lang='lat'>201.</span> <span class='ocrx_word' id='word_1_306' title='bbox 433 2335 481 2370; x_wconf 71' lang='lat' dir='ltr'><strong>ut</strong></span> <span class='ocrx_word' id='word_1_307' title='bbox 508 2344 554 2369; x_wconf 74' lang='lat' dir='ltr'><strong>ne</strong></span> <span class='ocrx_word' id='word_1_308' title='bbox 585 2332 618 2369; x_wconf 94' lang='lat' dir='ltr'>D</span> <span class='ocrx_word' id='word_1_309' title='bbox 651 2336 690 2369; x_wconf 89' lang='lat' dir='ltr'><strong>et</strong></span> <span class='ocrx_word' id='word_1_310' title='bbox 721 2331 872 2368; x_wconf 86' lang='lat' dir='ltr'><strong>Camer.</strong></span> <span class='ocrx_word' id='word_1_311' title='bbox 904 2351 958 2356; x_wconf 91' lang='lat'><strong>-—</strong></span> <span class='ocrx_word' id='word_1_312' title='bbox 988 2332 1059 2368; x_wconf 69' lang='lat' dir='ltr'><strong>siet</strong></span> <span class='ocrx_word' id='word_1_313' title='bbox 1087 2331 1132 2367; x_wconf 92' lang='lat' dir='ltr'><strong>A.</strong></span> 
     </span>
    </p>

    <p class='ocr_par' dir='ltr' id='par_1_7' title="bbox 307 2397 1759 2857">
     <span class='ocr_line' id='line_1_32' title="bbox 424 2397 1758 2450; baseline -0.002 -12"><span class='ocrx_word' id='word_1_314' title='bbox 424 2403 515 2438; x_wconf 88' lang='lat'>202.</span> <span class='ocrx_word' id='word_1_315' title='bbox 557 2400 868 2450; x_wconf 84' lang='lat' dir='ltr'><strong>Periplecomeni</strong></span> <span class='ocrx_word' id='word_1_316' title='bbox 910 2401 1034 2436; x_wconf 78' lang='lat' dir='ltr'><strong>oratio</strong></span> <span class='ocrx_word' id='word_1_317' title='bbox 1075 2399 1232 2448; x_wconf 84' lang='lat' dir='ltr'><strong>egregie</strong></span> <span class='ocrx_word' id='word_1_318' title='bbox 1271 2397 1451 2447; x_wconf 86' lang='lat' dir='ltr'><strong>depingit</strong></span> <span class='ocrx_word' id='word_1_319' title='bbox 1497 2398 1599 2434; x_wconf 87' lang='lat' dir='ltr'><strong>servi</strong></span> <span class='ocrx_word' id='word_1_320' title='bbox 1636 2397 1758 2435; x_wconf 87' lang='lat' dir='ltr'><strong>medi-</strong></span> 
     </span>
     <span class='ocr_line' id='line_1_33' title="bbox 307 2465 1755 2518; baseline -0.001 -12"><span class='ocrx_word' id='word_1_321' title='bbox 307 2471 430 2506; x_wconf 82' lang='lat' dir='ltr'><strong>tantis</strong></span> <span class='ocrx_word' id='word_1_322' title='bbox 461 2474 604 2518; x_wconf 87' lang='lat' dir='ltr'><strong>gestus.</strong></span> <span class='ocrx_word' id='word_1_323' title='bbox 652 2467 758 2506; x_wconf 79' lang='lat' dir='ltr'><strong>Illuc</strong></span> <span class='ocrx_word' id='word_1_324' title='bbox 789 2469 834 2505; x_wconf 91' lang='lat' dir='ltr'><strong>A.</strong></span> <span class='ocrx_word' id='word_1_325' title='bbox 867 2487 920 2493; x_wconf 94' lang='lat'><strong>—</strong></span> <span class='ocrx_word' id='word_1_326' title='bbox 950 2469 1002 2505; x_wconf 75' lang='lat' dir='ltr'><strong>sis</strong></span> <span class='ocrx_word' id='word_1_327' title='bbox 1032 2468 1129 2514; x_wconf 70' lang='lat' dir='ltr'><strong>uide,</strong></span> <span class='ocrx_word' id='word_1_328' title='bbox 1164 2480 1198 2503; x_wconf 93' lang='lat' dir='ltr'><strong>v.</strong></span> <span class='ocrx_word' id='word_1_329' title='bbox 1233 2466 1281 2503; x_wconf 80' lang='lat' dir='ltr'><strong>ad</strong></span> <span class='ocrx_word' id='word_1_330' title='bbox 1311 2467 1401 2503; x_wconf 81' lang='lat' dir='ltr'>Aul.</span> <span class='ocrx_word' id='word_1_331' title='bbox 1426 2466 1477 2502; x_wconf 88' lang='grc'><strong>46</strong></span> <span class='ocrx_word' id='word_1_332' title='bbox 1505 2470 1544 2503; x_wconf 85' lang='lat' dir='ltr'><strong>et</strong></span> <span class='ocrx_word' id='word_1_333' title='bbox 1567 2465 1615 2503; x_wconf 86' lang='lat' dir='ltr'><strong>ad</strong></span> <span class='ocrx_word' id='word_1_334' title='bbox 1639 2466 1755 2504; x_wconf 83' lang='lat' dir='ltr'><strong>Most.</strong></span> 
     </span>
     <span class='ocr_line' id='line_1_34' title="bbox 310 2534 1757 2583; baseline -0.002 -9"><span class='ocrx_word' id='word_1_335' title='bbox 310 2538 403 2574; x_wconf 79' lang='lat'>870.</span> <span class='ocrx_word' id='word_1_336' title='bbox 444 2556 495 2561; x_wconf 89' lang='lat'>—</span> <span class='ocrx_word' id='word_1_337' title='bbox 537 2538 629 2574; x_wconf 75' lang='lat'>2055.</span> <span class='ocrx_word' id='word_1_338' title='bbox 670 2538 818 2574; x_wconf 52' lang='lat' dir='ltr'><strong>adstitit</strong></span> <span class='ocrx_word' id='word_1_339' title='bbox 853 2547 982 2573; x_wconf 73' lang='lat' dir='ltr'><strong>seuero</strong></span> <span class='ocrx_word' id='word_1_340' title='bbox 1014 2536 1057 2572; x_wconf 88' lang='lat' dir='ltr'><strong>A.</strong></span> <span class='ocrx_word' id='word_1_341' title='bbox 1093 2554 1146 2560; x_wconf 92' lang='lat'><strong>—-</strong></span> <span class='ocrx_word' id='word_1_342' title='bbox 1175 2535 1338 2579; x_wconf 81' lang='lat' dir='ltr'><strong>frontem</strong></span> <span class='ocrx_word' id='word_1_343' title='bbox 1372 2534 1585 2572; x_wconf 80' lang='lat' dir='ltr'><strong>masculino</strong></span> <span class='ocrx_word' id='word_1_344' title='bbox 1617 2547 1757 2583; x_wconf 85' lang='lat' dir='ltr'><strong>genere</strong></span> 
     </span>
     <span class='ocr_line' id='line_1_35' title="bbox 308 2602 1757 2655; baseline -0.003 -12"><span class='ocrx_word' id='word_1_345' title='bbox 308 2606 451 2643; x_wconf 82' lang='lat' dir='ltr'><strong>dixisse</strong></span> <span class='ocrx_word' id='word_1_346' title='bbox 496 2607 737 2655; x_wconf 84' lang='lat' dir='ltr'><strong>antiquiores</strong></span> <span class='ocrx_word' id='word_1_347' title='bbox 783 2608 982 2641; x_wconf 81' lang='lat' dir='ltr'><strong>testantur</strong></span> <span class='ocrx_word' id='word_1_348' title='bbox 1027 2603 1178 2640; x_wconf 88' lang='lat' dir='ltr'><strong>Gellius</strong></span> <span class='ocrx_word' id='word_1_349' title='bbox 1223 2602 1306 2647; x_wconf 90' lang='lat' dir='ltr'><strong>XV,</strong></span> <span class='ocrx_word' id='word_1_350' title='bbox 1355 2603 1390 2639; x_wconf 91' lang='lat'><strong>9.</strong></span> <span class='ocrx_word' id='word_1_351' title='bbox 1441 2602 1542 2639; x_wconf 79' lang='lat' dir='ltr'><strong>Fest.</strong></span> <span class='ocrx_word' id='word_1_352' title='bbox 1584 2616 1622 2652; x_wconf 93' lang='lat' dir='ltr'><strong>p.</strong></span> <span class='ocrx_word' id='word_1_353' title='bbox 1667 2603 1757 2641; x_wconf 89' lang='lat'>151.</span> 
     </span>
     <span class='ocr_line' id='line_1_36' title="bbox 308 2670 1755 2723; baseline -0.002 -13"><span class='ocrx_word' id='word_1_354' title='bbox 308 2673 406 2710; x_wconf 86' lang='lat' dir='ltr'>Non.</span> <span class='ocrx_word' id='word_1_355' title='bbox 454 2688 490 2723; x_wconf 93' lang='lat' dir='ltr'><strong>p.</strong></span> <span class='ocrx_word' id='word_1_356' title='bbox 537 2674 614 2711; x_wconf 89' lang='lat'>204</span> <span class='ocrx_word' id='word_1_357' title='bbox 661 2687 717 2723; x_wconf 86' lang='lat' dir='ltr'><strong>sq.</strong></span> <span class='ocrx_word' id='word_1_358' title='bbox 749 2692 803 2698; x_wconf 90' lang='lat'>—</span> <span class='ocrx_word' id='word_1_359' title='bbox 833 2683 978 2710; x_wconf 78' lang='lat' dir='ltr'><strong>curans</strong></span> <span class='ocrx_word' id='word_1_360' title='bbox 1026 2673 1196 2719; x_wconf 72' lang='lat' dir='ltr'><strong>coye&#39;tans</strong></span> <span class='ocrx_word' id='word_1_361' title='bbox 1233 2673 1277 2716; x_wconf 90' lang='lat' dir='ltr'><strong>A,</strong></span> <span class='ocrx_word' id='word_1_362' title='bbox 1321 2670 1464 2717; x_wconf 88' lang='lat' dir='ltr'>Bergk.</span> <span class='ocrx_word' id='word_1_363' title='bbox 1505 2670 1697 2708; x_wconf 86' lang='lat' dir='ltr'><strong>Zeitschr.</strong></span> <span class='ocrx_word' id='word_1_364' title='bbox 1729 2670 1755 2707; x_wconf 85' lang='lat' dir='ltr'><strong>f.</strong></span> 
     </span>
     <span class='ocr_line' id='line_1_37' title="bbox 309 2738 1756 2791; baseline -0.003 -13"><span class='ocrx_word' id='word_1_365' title='bbox 309 2741 476 2778; x_wconf 85' lang='lat' dir='ltr'><strong>Alterth.</strong></span> <span class='ocrx_word' id='word_1_366' title='bbox 529 2742 633 2779; x_wconf 90' lang='lat'>1848</span> <span class='ocrx_word' id='word_1_367' title='bbox 679 2755 717 2791; x_wconf 92' lang='lat' dir='ltr'><strong>p.</strong></span> <span class='ocrx_word' id='word_1_368' title='bbox 770 2741 886 2787; x_wconf 91' lang='lat'>1128,</span> <span class='ocrx_word' id='word_1_369' title='bbox 935 2742 1112 2789; x_wconf 77' lang='lat' dir='ltr'><strong>quamvis</strong></span> <span class='ocrx_word' id='word_1_370' title='bbox 1158 2738 1357 2775; x_wconf 87' lang='lat' dir='ltr'><strong>insolitum</strong></span> <span class='ocrx_word' id='word_1_371' title='bbox 1404 2739 1457 2773; x_wconf 86' lang='lat' dir='ltr'><strong>sit</strong></span> <span class='ocrx_word' id='word_1_372' title='bbox 1503 2752 1639 2775; x_wconf 81' lang='lat' dir='ltr'><strong>curare</strong></span> <span class='ocrx_word' id='word_1_373' title='bbox 1684 2751 1756 2788; x_wconf 87' lang='lat' dir='ltr'><strong>pro</strong></span> 
     </span>
     <span class='ocr_line' id='line_1_38' title="bbox 309 2806 1759 2857; baseline -0.002 -10"><span class='ocrx_word' id='word_1_374' title='bbox 309 2823 424 2847; x_wconf 80' lang='lat' dir='ltr'><strong>curas</strong></span> <span class='ocrx_word' id='word_1_375' title='bbox 464 2812 629 2857; x_wconf 82' lang='lat' dir='ltr'><strong>agitare.</strong></span> <span class='ocrx_word' id='word_1_376' title='bbox 690 2809 747 2846; x_wconf 93' lang='lat' dir='ltr'><strong>De</strong></span> <span class='ocrx_word' id='word_1_377' title='bbox 788 2809 977 2857; x_wconf 82' lang='lat' dir='ltr'><strong>asyndeto</strong></span> <span class='ocrx_word' id='word_1_378' title='bbox 1018 2823 1051 2846; x_wconf 93' lang='lat' dir='ltr'><strong>v.</strong></span> <span class='ocrx_word' id='word_1_379' title='bbox 1091 2809 1151 2845; x_wconf 85' lang='lat' dir='ltr'><strong>ad.</strong></span> <span class='ocrx_word' id='word_1_380' title='bbox 1192 2806 1332 2855; x_wconf 88' lang='lat' dir='ltr'>Amph.</span> <span class='ocrx_word' id='word_1_381' title='bbox 1377 2807 1437 2843; x_wconf 87' lang='lat'><strong>13.</strong></span> <span class='ocrx_word' id='word_1_382' title='bbox 1475 2826 1528 2832; x_wconf 91' lang='lat'>—</span> <span class='ocrx_word' id='word_1_383' title='bbox 1568 2807 1660 2844; x_wconf 86' lang='lat'>204.</span> <span class='ocrx_word' id='word_1_384' title='bbox 1694 2817 1759 2844; x_wconf 87' lang='lat' dir='ltr'><strong>cor</strong></span> 
     </span>
    </p>
   </div>
   <div class='ocr_carea' id='block_1_7' title="bbox 1915 0 1963 1746">
    <p class='ocr_par' dir='ltr' id='par_1_8' title="bbox 1915 0 1963 1746">
     <span class='ocr_line' id='line_1_39' title="bbox 1915 0 1963 1746; baseline 0 0"><span class='ocrx_word' id='word_1_385' title='bbox 1915 0 1963 1746; x_wconf 95' lang='lat' dir='ltr'><strong> </strong></span> 
     </span>
    </p>
   </div>
   <div class='ocr_carea' id='block_1_8' title="bbox 1909 1754 1922 2452">
    <p class='ocr_par' dir='ltr' id='par_1_9' title="bbox 1909 1754 1922 2452">
     <span class='ocr_line' id='line_1_40' title="bbox 1909 1754 1922 2452; baseline 0 0"><span class='ocrx_word' id='word_1_386' title='bbox 1909 1754 1922 2452; x_wconf 95' lang='lat' dir='ltr'><strong> </strong></span> 
     </span>
    </p>
   </div>
  </div>
 </body>
</html>
