1963 3243
120 195 167 238 11,
192 198 223 238 4,
248 196 362 231 9-16
681 193 788 228 Miles
812 192 1009 236 gloriosus.
1523 193 1570 232 31

690 318 1001 361 Palaestrio

851 389 953 431 Mihi
987 403 1158 443 quoque
1192 388 1261 442 pol
1295 389 1356 429 ita
1387 389 1574 430 uidetur.

119 464 205 516 Age
237 478 349 505 nunc
381 465 481 513 iam,
514 463 687 517 quando
720 462 853 510 lubet,

705 564 998 605 Sceledrus

872 634 983 685 Quid
1016 635 1171 688 agam?

691 738 848 780 Palae
863 738 1004 779 strio

1105 795 1249 836 Perire
1281 809 1479 849 propera.
1512 807 1578 840 365

617 897 1072 940 Philocomasium

121 971 201 1013 Ubi
219 972 300 1013 iste
318 976 385 1013 est
401 970 539 1012 bonus
556 985 719 1021 seruos,
745 971 818 1024 qui
847 970 992 1024 probri
1013 984 1078 1011 me
1099 970 1285 1010 maxumi
1306 971 1577 1012 innocentem

118 1043 245 1086 Falso
277 1043 578 1086 insimulauit‘?

691 1145 1004 1187 Palaestrio

597 1217 674 1258 Em
707 1217 802 1263 tibi,
834 1216 903 1258 hic
934 1216 1038 1258 mihi
1071 1216 1189 1268 dixit,
1221 1217 1299 1258 tibi
1333 1232 1445 1272 quae
1479 1219 1580 1261 dixi.

615 1331 1074 1373 Philocomasium

116 1405 209 1446 Tun
243 1420 308 1446 me
340 1404 502 1445 uidisse
534 1405 576 1445 in
609 1418 817 1457 proxumo
849 1403 933 1453 hic,
966 1403 1162 1452 sceleste,
1196 1404 1259 1444 ais
1284 1404 1582 1445 osculantem?

703 1517 1008 1558 Palaestrio

122 1591 260 1645 Atque
292 1604 387 1632 cum
419 1590 560 1632 alieno
594 1589 919 1632 adulescentulo
953 1589 1072 1630 dixit.

708 1704 734 1746 S
747 1718 770 1746 c
782 1704 826 1744 el
839 1718 860 1745 e
873 1703 897 1745 d
910 1718 930 1744 r
942 1717 969 1744 u
982 1717 1000 1744 s

1143 1761 1240 1803 Dixi
1272 1761 1416 1804 hercle
1447 1776 1564 1804 uero.

620 1864 1077 1907 Philocomasium

121 1936 214 1978 Tun
249 1951 314 1979 me
345 1936 526 1978 uidisti?

710 2032 736 2074 S
748 2047 770 2074 c
781 2032 826 2074 el
839 2046 860 2074 e
874 2031 900 2073 d
912 2046 933 2072 r
946 2045 973 2072 u
984 2045 1003 2072 s

529 2104 671 2158 Atque
704 2105 770 2147 his
803 2104 978 2158 quidem
1010 2102 1154 2146 hercle
1186 2104 1337 2146 oculis.

614 2217 1076 2260 Philocomasium

1133 2289 1312 2333 Carebis
1344 2291 1487 2342 credo,
1519 2303 1587 2336 370

122 2361 204 2412 Qui
236 2362 330 2416 plus
363 2362 514 2405 uident
545 2377 675 2418 quam
708 2363 825 2418 quod
858 2363 1021 2405 uident.

212 2522 278 2556 365
303 2522 407 2556 luuet
431 2521 467 2556 Β
560 2522 687 2566 peripe
713 2533 875 2566 propero
895 2521 939 2561 B,
965 2522 1044 2567 peri
1071 2533 1298 2566 perpropere
1325 2521 1353 2556 C
1443 2523 1509 2557 366
1534 2526 1590 2556 est

122 2589 187 2614 om.
214 2578 280 2614 BG
371 2578 536 2623 prodiuit
562 2579 604 2617 Β,
632 2579 758 2623 prodit
785 2579 815 2614 Ο
909 2591 1080 2614 maxume
1181 2580 1246 2612 367
1271 2578 1332 2612 ΡΑ
1360 2578 1469 2613 Falso
1496 2579 1585 2613 insi-

123 2636 286 2670 mulavit.
318 2636 391 2670 PH.
424 2647 479 2670 em
507 2636 585 2670 tibi.
613 2635 649 2671 P.
677 2635 736 2670 hic
761 2635 832 2671 BC
933 2637 969 2670 id
1005 2636 1110 2670 dixit.
1144 2636 1216 2671 PH.
1251 2636 1319 2670 tibi
1353 2647 1460 2680 quem
1494 2636 1588 2670 dixit

122 2693 167 2736 B,
190 2692 229 2726 id
255 2692 359 2728 dixit.
384 2691 456 2726 PH.
483 2693 579 2727 tibi?
605 2704 715 2737 quem
742 2693 833 2726 dixti
860 2692 888 2727 C
962 2694 1029 2728 368
1050 2693 1152 2727 Tune
1175 2693 1219 2733 A,
1245 2692 1339 2727 Tute
1364 2705 1421 2727 me
1443 2692 1514 2728 BC

124 2749 273 2785 uidiss&
302 2749 338 2784 B
443 2750 635 2785 scelestem
669 2749 897 2785 osculantem
931 2749 977 2794 B,
1015 2751 1172 2785 sceleste
1206 2750 1437 2784 osculantem
1472 2750 1500 2785 C

122 2808 190 2842 370
212 2807 315 2842 Tune
341 2807 374 2841 A
467 2806 593 2842 hercle
619 2817 674 2842 om
712 2805 778 2841 BC
870 2818 955 2841 care
981 2808 1038 2842 uis
1066 2807 1100 2841 Β
1193 2808 1255 2841 371
1285 2807 1367 2852 plus
1393 2807 1499 2842 uidet
1524 2807 1559 2842 Β
