1963 3243
126 236 154 280 1,
180 238 211 281 5,
237 237 368 272 ⁷2—81
766 237 981 272 Pseudolus.
1563 245 1614 284 43

804 363 941 405 Simo

122 433 210 487 Ita3
243 449 350 489 quas
382 450 476 477 meo
508 439 640 489 gnato
672 435 759 486 des,
792 437 866 490 qui
899 437 1082 478 amicam
1115 435 1299 478 liberet?

122 505 299 557 Fatere3
332 506 400 549 dic
431 499 494 543 καὶ
523 505 643 544 τοῦτο
675 521 736 543 ναι

715 609 1018 651 Pseudolus

809 676 887 719 K«)
920 681 1038 720 τοῦτο
1073 680 1143 719 ναί.

743 794 990 849 Callipho

122 867 315 909 Fatetur.

793 939 932 981 Simo

392 1010 531 1061 Dixin,
566 1009 777 1065 Callipho,
812 1011 971 1052 dudum
1005 1011 1116 1053 tibi?

718 1124 1010 1167 Calidorus

123 1197 309 1240 Memini.

800 1288 940 1329 Simo

393 1358 479 1401 Cur
509 1359 628 1404 haec,
662 1365 709 1401 tu
742 1360 814 1401 ubi
847 1362 1063 1403 resciuisti
1094 1361 1206 1404 ilico.
1548 1372 1616 1406 490

121 1430 270 1474 Celata
302 1446 368 1473 me
401 1432 531 1474 suut?
564 1445 640 1473 cur
669 1446 754 1473 nou
785 1433 972 1474 resciui‘?

720 1545 1017 1588 Pseudolus

1023 1618 1235 1672 Eloquar:

120 1689 232 1741 Quia
262 1690 465 1732 nolebam
498 1703 549 1731 ex
581 1703 647 1731 me
679 1703 841 1731 morem
874 1691 1071 1743 progigni
1104 1691 1276 1741 malum,

118 1762 253 1804 Erum
284 1768 332 1804 ut
361 1775 467 1804 suus
499 1776 647 1803 seruos
680 1763 930 1803 criminaret
961 1762 1076 1816 apud
1110 1776 1243 1804 erum.

797 1875 940 1917 Simo

118 1948 348 1990 Iuberesne
379 1948 492 1990 hunc
524 1948 804 2002 praecipit-em
838 1949 882 1989 in
914 1948 1140 2001 pistrinum
1175 1947 1318 1990 trahi?

740 2060 988 2114 Callipho

120 2134 230 2177 Num
264 2135 382 2189 quid,
415 2133 544 2183 Simo,
578 2138 804 2188 peccatum
839 2134 932 2176 est?

801 2251 941 2293 Simo

939 2323 1074 2365 Immo
1105 2337 1316 2365 maxume.
1547 2335 1613 2368 495

123 2395 314 2448 Desiste3
345 2400 462 2438 recte
495 2409 572 2449 ego
604 2409 744 2436 meam
775 2409 865 2436 rem
897 2396 1032 2449 sapio,
1068 2394 1281 2449 Callipho.

209 2536 276 2570 487
301 2546 391 2578 quas
418 2546 437 2568 a
463 2546 522 2569 me
547 2538 706 2578 cognato
824 2536 890 2568 488
917 2534 1042 2568 Fateri
1071 2534 1104 2568 di
1132 2534 1346 2577 chaytoyna
1372 2533 1408 2566 P.
1437 2533 1610 2577 Chaitoy-

120 2590 218 2625 ionai
242 2590 286 2634 B,
312 2591 420 2625 fateri
450 2591 709 2635 Diehaytoyna
734 2591 981 2634 cbaitoyionai
1094 2592 1161 2625 489
1187 2590 1332 2635 calipho
1437 2592 1504 2624 490
1528 2591 1612 2624 resi-

121 2647 207 2681 uisti
232 2647 268 2682 B
360 2650 424 2682 491
451 2649 562 2683 resiui
589 2649 742 2692 eloquar
831 2649 896 2681 492
923 2649 1115 2692 praegigni
1144 2647 1179 2691 C,
1205 2659 1274 2691 que
1301 2647 1404 2690 gigni
1431 2647 1465 2682 B
1546 2647 1612 2681 493

122 2715 207 2738 suus
232 2715 296 2740 om.
399 2705 603 2740 criminarit
629 2704 665 2747 C,
691 2705 887 2738 criminare
913 2705 939 2737 it
966 2703 1002 2738 B
1106 2706 1172 2738 494
1198 2704 1254 2738 Sl.
1281 2714 1347 2738 om.
1450 2703 1612 2738 Luberes

211 2761 425 2806 pristrinum
451 2761 487 2796 B
579 2763 645 2796 495
672 2761 742 2795 CA.
770 2771 835 2795 om.
932 2765 1126 2805 peccatum
1152 2766 1208 2794 est
1234 2761 1325 2794 simo
1351 2760 1464 2794 immo
1547 2762 1614 2794 4915

122 2816 156 2850 S.
186 2816 331 2852 Desiste
356 2817 391 2852 B
