1963 3243
130 241 159 285 Ι,
186 242 217 283 2,
245 239 420 274 122—133
774 237 967 271 Poenulus.
1530 243 1601 280 131

676 363 1055 415 Adelphasimn,

443 434 554 485 Quid
586 435 688 476 mihi
723 434 969 476 molestu's?
1003 434 1192 475 obsecro.

681 535 1057 585 Aqorastocles

1157 606 1238 647 Ah!
1272 612 1360 648 tam
1395 608 1608 648 saeuitvr‘!

679 698 1057 749 Adelphasium

131 773 267 818 Mitte,
300 770 465 813 amabo.

678 852 1064 906 Agorastocles

537 924 649 975 Quid
682 925 892 966 festinas?
953 924 1098 966 Turba
1127 939 1239 966 nunc
1269 925 1331 966 illi
1363 930 1439 967 est.

680 1027 1061 1079 Adelphasium

1498 1098 1606 1139 Scio.

135 1171 240 1213 Sunt
270 1171 331 1212 illi
362 1171 485 1217 aliae,
518 1185 624 1225 quas
657 1178 851 1224 spectare
884 1186 961 1223 ego
994 1176 1037 1213 et
1070 1186 1132 1212 me
1166 1171 1351 1224 spectari
1383 1169 1495 1210 uolo.

681 1277 1058 1330 Agsorccstocles

135 1347 214 1398 Qui
246 1348 366 1390 lubet
397 1356 592 1402 spectare
628 1350 775 1402 turpis,
810 1349 1004 1402 pulcram
1037 1349 1314 1402 spectandam
1349 1348 1482 1389 dare?
1545 1359 1610 1391 335

685 1462 1059 1514 Adelphasium

135 1533 243 1584 Quia
275 1534 387 1587 apud
421 1534 569 1576 aedem
603 1533 778 1575 Ueneris
815 1533 943 1575 hodie
983 1539 1047 1576 est
1082 1539 1296 1574 mercatus
1331 1533 1608 1574 meretricius,

134 1605 194 1647 Eo
226 1606 489 1647 conueniunt
520 1612 799 1656 mercatores;
832 1605 893 1647 ibi
924 1619 1001 1658 ego
1034 1620 1098 1646 me
1130 1605 1295 1646 ostendi
1327 1604 1439 1645 uolo.

685 1719 1060 1772 Ayorastocles

134 1790 390 1833 Inuendibili
424 1792 553 1833 merci
585 1796 758 1846 oportet
788 1791 903 1832 ultro
937 1795 1171 1844 emptorem
1205 1789 1429 1831 adducere.

134 1862 275 1905 Proba
304 1877 418 1904 mers
449 1863 574 1904 facile
617 1867 852 1917 emptorem
893 1863 1071 1916 reperit,
1119 1862 1291 1903 tametsi
1329 1862 1371 1902 in
1412 1861 1612 1902 abstruso

1147 1935 1230 1974 sita
1262 1938 1339 1974 est.

134 2006 242 2058 Quid
275 2007 338 2048 ais
363 2006 440 2048 tu‘?
472 2006 644 2060 quando
671 2005 735 2046 illi
760 2005 874 2060 apud
900 2020 965 2047 me
990 2020 1151 2047 mecum
1180 2011 1310 2058 caput
1334 2011 1380 2045 tu
1407 2004 1613 2058 copulas?

682 2108 1062 2159 Adelphasium

135 2179 225 2230 Quo
258 2180 325 2222 die
357 2179 493 2223 Orcus
526 2180 579 2222 ab
611 2180 857 2221 Acherunte
891 2184 1081 2221 mortuos
1113 2179 1318 2219 amiserit.
1549 2189 1610 2222 341

686 2281 1061 2335 AyorastocZes

135 2352 244 2396 Sunt
271 2355 376 2396 mihi
408 2355 524 2397 intus
554 2356 701 2396 nescio
734 2358 840 2407 quot
869 2353 1030 2394 nummi
1061 2352 1182 2394 aurei
1213 2351 1476 2405 lymphatici.

681 2454 1061 2507 Adelphasium

135 2520 308 2571 Deferto
340 2529 395 2570 ad
427 2543 513 2580 me3
545 2527 644 2570 faxo
676 2532 868 2568 actutum
901 2526 1143 2568 constiterit
1172 2524 1493 2578 lymphaticum.

223 2698 288 2732 337
315 2708 383 2740 ego
410 2708 474 2732 om.
500 2696 534 2730 A
638 2698 704 2731 338
730 2695 1000 2730 Inuendibilem
1027 2706 1082 2728 ers
1109 2693 1144 2728 B
1244 2693 1309 2727 339
1333 2693 1612 2737 repperittarem

136 2757 190 2787 est
214 2757 252 2788 et
276 2754 305 2788 si
387 2754 582 2788 abstruoso
599 2753 633 2793 C,
660 2753 805 2787 occulto
821 2752 853 2786 A
936 2753 1003 2785 340
1026 2754 1139 2795 caput
1164 2753 1200 2783 et
1225 2760 1359 2794 corpus
1385 2749 1536 2794 copulas
1551 2748 1618 2783 BC

135 2810 196 2844 341
224 2810 357 2845 orchus
383 2811 428 2845 ab
454 2810 675 2845 achaei-unte
701 2809 736 2843 B
829 2808 991 2842 amiseris
1085 2808 1150 2842 342
1175 2807 1274 2840 intus
1299 2816 1363 2840 om.
1391 2806 1424 2839 A
1513 2806 1613 2850 quod

1279 2876 1320 2912 90
