1963 3243
303 275 382 315 180
981 280 1105 316 mauu
1527 269 1572 314 V2
1595 270 1630 314 2,
1656 269 1788 308 21-31

851 393 1240 449 Agorastocles

303 466 418 517 Quid
445 467 561 509 iam?
824 470 826 472 ’

932 566 976 608 Μ
985 556 1024 608 1'1
1034 581 1062 621 p
1071 566 1159 609 hio

628 653 740 705 Quia
767 653 977 696 incedunt
1007 666 1105 695 cum
1135 653 1325 696 anulatis
1354 652 1548 696 auribus.

299 724 440 768 Adibo
469 725 601 767 hosce
631 729 765 779 atque
796 724 1026 780 adpellabo
1057 725 1242 767 Poenice.

224 828 225 831 η
302 795 348 838 Si
377 796 716 850 respondebunt,
747 795 922 840 Poem‘ce
952 810 1130 850 pergam
1161 796 1303 851 loqui3
1724 806 1793 842 980
1859 771 1873 802 Ἰ
1945 797 1949 833 3

301 868 347 911 Si
376 881 476 919 non,
507 871 600 910 tum
630 867 686 910 ad
715 867 872 910 horum
901 881 1044 909 mores
1073 867 1265 921 linguam
1294 865 1489 911 uorteross

302 939 416 990 Quid
445 940 511 982 ais
539 939 617 982 tu‘?
649 939 806 993 ecquid
836 939 1153 981 conmeministi
1182 937 1383 980 Poenice?

855 1056 1240 1109 Agorastocles

299 1143 417 1186 Nihil
448 1143 623 1198 edepol;
653 1156 755 1185 nam
788 1143 867 1197 qui
897 1143 1008 1185 scire
1039 1143 1175 1196 potui,
1209 1142 1278 1184 dic
1308 1141 1426 1194 mihi,

302 1214 385 1265 Qui
414 1214 523 1257 illim
553 1215 752 1258 sexennis
784 1215 988 1269 perierim
1018 1213 1310 1268 Carthagine?

957 1331 998 1373 H
1009 1345 1073 1373 an
1083 1345 1109 1372 n
1121 1345 1146 1372 o

303 1419 387 1461 Pro
419 1419 464 1461 di
493 1419 748 1461 inmortales
761 1452 770 1471 ‚
801 1419 989 1473 plurumi
1019 1419 1120 1460 adeo
1150 1418 1206 1460 ad
1236 1417 1350 1460 hunc
1379 1417 1553 1460 modum
1725 1429 1792 1464 985
1807 1440 1810 1441 ⁷

303 1491 476 1534 Periere
506 1491 630 1545 pueri
659 1490 787 1533 liberi
818 1489 1090 1544 Carthagine.
1846 1482 1854 1490 “

933 1592 1025 1634 Mil
1035 1607 1062 1646 p
1073 1592 1102 1634 h
1112 1592 1127 1634 i
1138 1606 1162 1634 0

304 1664 419 1715 Quid
449 1665 514 1707 ais
544 1668 594 1707 tu
603 1665 624 1706 ?

846 1750 1242 1805 Agorastocles

661 1837 774 1888 Quid
805 1838 901 1880 uis‘?
1071 1900 1080 1908 “

931 1939 1021 1980 Mil
1036 1954 1062 1993 p
1073 1938 1102 1980 h
1114 1940 1163 1981 io

950 2025 1036 2068 Uin
1066 2025 1282 2081 adpellem
1313 2025 1428 2067 hunc
1457 2024 1630 2068 Poenice
1639 2025 1659 2066 Ῥ

855 2140 960 2193 Ago
973 2139 1241 2182 rastocles

304 2213 372 2255 An
403 2214 515 2256 scis?

935 2299 1002 2340 Mi
1012 2298 1062 2352 lp
1075 2297 1127 2340 hi
1137 2311 1161 2340 o

590 2386 744 2430 Nullus
776 2400 843 2428 me
875 2390 941 2427 est
971 2385 1100 2427 hodie
1132 2384 1289 2426 Poenus
1320 2382 1502 2427 Poenior.

395 2547 462 2580 978
486 2545 520 2580 Κ
544 2544 639 2589 Quid
663 2543 699 2580 B
845 2554 917 2588 quo
942 2542 1141 2577 manulatis
1165 2541 1202 2577 Β
1354 2542 1420 2577 979
1444 2539 1592 2575 Audibo
1616 2538 1686 2575 Bc
1703 2541 1711 2544 ’

305 2605 417 2646 atque
442 2602 555 2638 hosce
582 2601 612 2637 0
706 2600 852 2645 punice,
876 2604 918 2634 ut
940 2610 1077 2643 semper
1175 2599 1238 2634 981
1267 2598 1392 2642 lingua
1416 2600 1631 2633 accuertero
1726 2583 1833 2648 9845,Ι
1896 2580 1919 2603 Τ

304 2659 408 2694 illum
435 2657 464 2694 G
542 2670 581 2694 se
606 2658 759 2694 exennia
784 2657 819 2692 B
938 2657 1005 2691 985
1029 2656 1122 2692 adeo
1147 2665 1215 2691 om.
1342 2654 1444 2688 illum
1469 2653 1502 2688 A
1637 2650 1818 2701 987—98„

304 2715 554 2759 Ayorastoclis
578 2719 612 2751 et
636 2714 855 2759 Milphionis
877 2717 971 2748 notoe
993 2714 1148 2748 inversae
1275 2712 1342 2746 987
1367 2711 1453 2746 uina
1475 2709 1609 2755 pellem
1725 2704 1795 2743 988
1895 2685 1915 2739 ξ’

305 2771 417 2807 hodie
443 2782 508 2807 om.
535 2770 564 2806 G
655 2771 772 2806 denus
802 2769 939 2815 punior
