<?xml version="1.0" encoding="UTF-8"?>
<!DOCTYPE html PUBLIC "-//W3C//DTD XHTML 1.0 Transitional//EN"
    "http://www.w3.org/TR/xhtml1/DTD/xhtml1-transitional.dtd">
<html xmlns="http://www.w3.org/1999/xhtml" xml:lang="en" lang="en">
 <head>
  <title>
</title>
<meta http-equiv="Content-Type" content="text/html;charset=utf-8" />
  <meta name='ocr-system' content='tesseract 3.04.00' />
  <meta name='ocr-capabilities' content='ocr_page ocr_carea ocr_par ocr_line ocrx_word'/>
</head>
<body>
  <div class='ocr_page' id='page_1' title='image "./comoediaerecensu04plauuoft_0384.png"; bbox 0 0 1963 3243; ppageno 0'>
   <div class='ocr_carea' id='block_1_1' title="bbox 280 215 1759 274">
    <p class='ocr_par' dir='ltr' id='par_1_1' title="bbox 280 215 1759 274">
     <span class='ocr_line' id='line_1_1' title="bbox 280 215 1759 274; baseline -0.014 -1"><span class='ocrx_word' id='word_1_1' title='bbox 280 235 328 274; x_wconf 82' lang='lat'>14</span> <span class='ocrx_word' id='word_1_2' title='bbox 956 227 1080 262; x_wconf 73' lang='lat' dir='ltr'>Plauti</span> <span class='ocrx_word' id='word_1_3' title='bbox 1469 222 1497 265; x_wconf 88' lang='grc' dir='ltr'>Ι,</span> <span class='ocrx_word' id='word_1_4' title='bbox 1526 223 1558 265; x_wconf 83' lang='grc'>1,</span> <span class='ocrx_word' id='word_1_5' title='bbox 1581 215 1759 255; x_wconf 75' lang='lat'><strong>116—‘129</strong></span> 
     </span>
    </p>
   </div>
   <div class='ocr_carea' id='block_1_2' title="bbox 277 351 1238 478">
    <p class='ocr_par' dir='ltr' id='par_1_2' title="bbox 277 351 1238 478">
     <span class='ocr_line' id='line_1_2' title="bbox 867 351 1171 393; baseline -0.003 0"><span class='ocrx_word' id='word_1_6' title='bbox 867 351 1171 393; x_wconf 83' lang='lat' dir='ltr'>Pseudolus</span> 
     </span>
     <span class='ocr_line' id='line_1_3' title="bbox 277 421 1238 478; baseline -0.008 -8"><span class='ocrx_word' id='word_1_7' title='bbox 277 427 421 478; x_wconf 80' lang='lat' dir='ltr'>Dab03</span> <span class='ocrx_word' id='word_1_8' title='bbox 452 425 659 467; x_wconf 76' lang='lat' dir='ltr'>molestus</span> <span class='ocrx_word' id='word_1_9' title='bbox 689 436 803 465; x_wconf 87' lang='lat' dir='ltr'>nunc</span> <span class='ocrx_word' id='word_1_10' title='bbox 832 424 918 465; x_wconf 88' lang='lat' dir='ltr'>iam</span> <span class='ocrx_word' id='word_1_11' title='bbox 949 437 1002 464; x_wconf 85' lang='lat' dir='ltr'>ne</span> <span class='ocrx_word' id='word_1_12' title='bbox 1034 423 1091 464; x_wconf 91' lang='lat' dir='ltr'>sis</span> <span class='ocrx_word' id='word_1_13' title='bbox 1121 421 1238 463; x_wconf 88' lang='lat' dir='ltr'>mihi.</span> 
     </span>
    </p>
   </div>
   <div class='ocr_carea' id='block_1_3' title="bbox 279 492 1762 620">
    <p class='ocr_par' dir='ltr' id='par_1_3' title="bbox 279 492 1762 620">
     <span class='ocr_line' id='line_1_4' title="bbox 279 492 1762 552; baseline -0.006 -12"><span class='ocrx_word' id='word_1_14' title='bbox 279 501 419 552; x_wconf 80' lang='lat' dir='ltr'><strong>Atque</strong></span> <span class='ocrx_word' id='word_1_15' title='bbox 449 497 542 547; x_wconf 84' lang='lat' dir='ltr'>hoc,</span> <span class='ocrx_word' id='word_1_16' title='bbox 574 509 627 536; x_wconf 87' lang='lat' dir='ltr'>ne</span> <span class='ocrx_word' id='word_1_17' title='bbox 658 495 821 536; x_wconf 82' lang='lat' dir='ltr'>dictum</span> <span class='ocrx_word' id='word_1_18' title='bbox 852 494 934 535; x_wconf 82' lang='lat' dir='ltr'>tibi</span> <span class='ocrx_word' id='word_1_19' title='bbox 963 507 1105 545; x_wconf 84' lang='lat' dir='ltr'><strong>neges,</strong></span> <span class='ocrx_word' id='word_1_20' title='bbox 1137 493 1232 534; x_wconf 86' lang='lat' dir='ltr'>dico</span> <span class='ocrx_word' id='word_1_21' title='bbox 1264 492 1407 545; x_wconf 89' lang='lat' dir='ltr'>prius:</span> <span class='ocrx_word' id='word_1_22' title='bbox 1697 498 1762 532; x_wconf 82' lang='lat'>120</span> 
     </span>
     <span class='ocr_line' id='line_1_5' title="bbox 280 566 1503 620; baseline -0.007 -9"><span class='ocrx_word' id='word_1_23' title='bbox 280 571 324 612; x_wconf 82' lang='lat' dir='ltr'>Si</span> <span class='ocrx_word' id='word_1_24' title='bbox 354 569 568 611; x_wconf 89' lang='lat' dir='ltr'>neminem</span> <span class='ocrx_word' id='word_1_25' title='bbox 600 567 732 608; x_wconf 84' lang='lat' dir='ltr'>alium</span> <span class='ocrx_word' id='word_1_26' title='bbox 763 570 927 620; x_wconf 77' lang='lat' dir='ltr'>potero,</span> <span class='ocrx_word' id='word_1_27' title='bbox 960 569 1081 606; x_wconf 79' lang='lat' dir='ltr'>tuum</span> <span class='ocrx_word' id='word_1_28' title='bbox 1112 569 1289 618; x_wconf 78' lang='lat' dir='ltr'>tangam</span> <span class='ocrx_word' id='word_1_29' title='bbox 1322 566 1503 617; x_wconf 84' lang='lat' dir='ltr'>patrem.</span> 
     </span>
    </p>
   </div>
   <div class='ocr_carea' id='block_1_4' title="bbox 1860 143 1890 482">
    <p class='ocr_par' dir='ltr' id='par_1_4' title="bbox 1860 143 1890 482">
     <span class='ocr_line' id='line_1_6' title="bbox 1860 143 1890 482; textangle 90"><span class='ocrx_word' id='word_1_30' title='bbox 1868 478 1882 482; x_wconf 74' lang='grc' dir='ltr'><strong>τ</strong></span> <span class='ocrx_word' id='word_1_31' title='bbox 1861 323 1890 461; x_wconf 39' lang='grc' dir='ltr'>ὄψῃ-νέᾳ</span> <span class='ocrx_word' id='word_1_32' title='bbox 1863 299 1877 310; x_wconf 67' lang='lat'>&#39;¹</span> <span class='ocrx_word' id='word_1_33' title='bbox 1862 215 1890 257; x_wconf 36' lang='lat'>&#39;⁵0&#39;</span> <span class='ocrx_word' id='word_1_34' title='bbox 1869 177 1886 203; x_wconf 61' lang='lat' dir='ltr'>J«</span> <span class='ocrx_word' id='word_1_35' title='bbox 1860 143 1886 157; x_wconf 22' lang='lat' dir='ltr'>&#39;v</span> 
     </span>
    </p>
   </div>
   <div class='ocr_carea' id='block_1_5' title="bbox 280 665 1409 862">
    <p class='ocr_par' dir='ltr' id='par_1_5' title="bbox 280 665 1409 862">
     <span class='ocr_line' id='line_1_7' title="bbox 882 665 1166 708; baseline -0.004 0"><span class='ocrx_word' id='word_1_36' title='bbox 882 665 1166 708; x_wconf 80' lang='lat' dir='ltr'>Calidorus</span> 
     </span>
     <span class='ocr_line' id='line_1_8' title="bbox 280 738 1409 793; baseline -0.007 -8"><span class='ocrx_word' id='word_1_37' title='bbox 280 744 333 785; x_wconf 93' lang='lat' dir='ltr'>Di</span> <span class='ocrx_word' id='word_1_38' title='bbox 366 749 408 784; x_wconf 86' lang='lat' dir='ltr'>te</span> <span class='ocrx_word' id='word_1_39' title='bbox 440 741 543 783; x_wconf 88' lang='lat' dir='ltr'>mihi</span> <span class='ocrx_word' id='word_1_40' title='bbox 576 753 747 793; x_wconf 84' lang='lat' dir='ltr'>semper</span> <span class='ocrx_word' id='word_1_41' title='bbox 778 738 971 781; x_wconf 74' lang='lat' dir='ltr'>seruent!</span> <span class='ocrx_word' id='word_1_42' title='bbox 1003 751 1154 779; x_wconf 88' lang='lat' dir='ltr'>uerum</span> <span class='ocrx_word' id='word_1_43' title='bbox 1187 738 1222 778; x_wconf 88' lang='lat' dir='ltr'>si</span> <span class='ocrx_word' id='word_1_44' title='bbox 1252 740 1409 791; x_wconf 79' lang='lat' dir='ltr'>potest,</span> 
     </span>
     <span class='ocr_line' id='line_1_9' title="bbox 282 811 1316 862; baseline -0.007 -6"><span class='ocrx_word' id='word_1_45' title='bbox 282 813 463 856; x_wconf 77' lang='lat' dir='ltr'>Pietatis</span> <span class='ocrx_word' id='word_1_46' title='bbox 495 825 626 853; x_wconf 76' lang='lat' dir='ltr'>causa</span> <span class='ocrx_word' id='word_1_47' title='bbox 655 811 725 852; x_wconf 90' lang='lat' dir='ltr'>uel</span> <span class='ocrx_word' id='word_1_48' title='bbox 757 811 885 852; x_wconf 72' lang='lat' dir='ltr'>etiam</span> <span class='ocrx_word' id='word_1_49' title='bbox 919 814 1103 850; x_wconf 76' lang='lat' dir='ltr'>matrem</span> <span class='ocrx_word' id='word_1_50' title='bbox 1133 822 1316 862; x_wconf 87' lang='lat' dir='ltr'>quoque.</span> 
     </span>
    </p>
   </div>
   <div class='ocr_carea' id='block_1_6' title="bbox 285 903 1423 1028">
    <p class='ocr_par' dir='ltr' id='par_1_6' title="bbox 285 903 1423 1028">
     <span class='ocr_line' id='line_1_10' title="bbox 870 903 1175 945; baseline -0.003 0"><span class='ocrx_word' id='word_1_51' title='bbox 870 903 1175 945; x_wconf 85' lang='lat' dir='ltr'>Pseudolus</span> 
     </span>
     <span class='ocr_line' id='line_1_11' title="bbox 285 973 1423 1028; baseline -0.008 -6"><span class='ocrx_word' id='word_1_52' title='bbox 285 982 345 1022; x_wconf 91' lang='lat' dir='ltr'>De</span> <span class='ocrx_word' id='word_1_53' title='bbox 376 981 484 1022; x_wconf 81' lang='lat' dir='ltr'>istac</span> <span class='ocrx_word' id='word_1_54' title='bbox 515 993 561 1020; x_wconf 89' lang='lat' dir='ltr'>re</span> <span class='ocrx_word' id='word_1_55' title='bbox 591 979 634 1019; x_wconf 86' lang='lat' dir='ltr'>in</span> <span class='ocrx_word' id='word_1_56' title='bbox 667 977 838 1019; x_wconf 82' lang='lat' dir='ltr'>oculum</span> <span class='ocrx_word' id='word_1_57' title='bbox 869 976 1084 1017; x_wconf 82' lang='lat' dir='ltr'>utrumuis</span> <span class='ocrx_word' id='word_1_58' title='bbox 1117 973 1423 1028; x_wconf 79' lang='lat' dir='ltr'>conquiescito.</span> 
     </span>
    </p>
   </div>
   <div class='ocr_carea' id='block_1_7' title="bbox 288 1069 1171 1189">
    <p class='ocr_par' dir='ltr' id='par_1_7' title="bbox 288 1069 1171 1189">
     <span class='ocr_line' id='line_1_12' title="bbox 885 1069 1171 1111; baseline -0.003 0"><span class='ocrx_word' id='word_1_59' title='bbox 885 1069 1171 1111; x_wconf 85' lang='lat' dir='ltr'>Calidorus</span> 
     </span>
     <span class='ocr_line' id='line_1_13' title="bbox 288 1142 996 1189; baseline -0.01 0"><span class='ocrx_word' id='word_1_60' title='bbox 288 1147 442 1189; x_wconf 81' lang='lat' dir='ltr'>Utrum</span> <span class='ocrx_word' id='word_1_61' title='bbox 475 1144 646 1187; x_wconf 85' lang='lat' dir='ltr'>oculum</span> <span class='ocrx_word' id='word_1_62' title='bbox 677 1157 785 1185; x_wconf 82' lang='lat' dir='ltr'>anne</span> <span class='ocrx_word' id='word_1_63' title='bbox 819 1142 996 1184; x_wconf 77' lang='lat' dir='ltr'>aurem?</span> 
     </span>
    </p>
   </div>
   <div class='ocr_carea' id='block_1_8' title="bbox 287 1235 1773 1643">
    <p class='ocr_par' dir='ltr' id='par_1_8' title="bbox 287 1235 1773 1643">
     <span class='ocr_line' id='line_1_14' title="bbox 877 1235 1177 1277; baseline -0.007 0"><span class='ocrx_word' id='word_1_64' title='bbox 877 1235 1177 1277; x_wconf 87' lang='lat' dir='ltr'>Pseudolus</span> 
     </span>
     <span class='ocr_line' id='line_1_15' title="bbox 904 1303 1773 1360; baseline -0.001 -12"><span class='ocrx_word' id='word_1_65' title='bbox 904 1308 959 1348; x_wconf 72' lang='lat' dir='ltr'>At</span> <span class='ocrx_word' id='word_1_66' title='bbox 989 1307 1070 1348; x_wconf 87' lang='lat' dir='ltr'>hoc</span> <span class='ocrx_word' id='word_1_67' title='bbox 1100 1305 1402 1360; x_wconf 79' lang='lat' dir='ltr'>peruolgatum</span> <span class='ocrx_word' id='word_1_68' title='bbox 1433 1308 1498 1346; x_wconf 77' lang='lat' dir='ltr'>est</span> <span class='ocrx_word' id='word_1_69' title='bbox 1527 1303 1679 1345; x_wconf 85' lang='lat' dir='ltr'>minus.</span> <span class='ocrx_word' id='word_1_70' title='bbox 1710 1313 1773 1347; x_wconf 83' lang='lat'>125</span> 
     </span>
     <span class='ocr_line' id='line_1_16' title="bbox 289 1376 1458 1437; baseline -0.009 -10"><span class='ocrx_word' id='word_1_71' title='bbox 289 1381 412 1427; x_wconf 82' lang='lat' dir='ltr'>Nune</span> <span class='ocrx_word' id='word_1_72' title='bbox 442 1398 494 1425; x_wconf 83' lang='lat' dir='ltr'>ne</span> <span class='ocrx_word' id='word_1_73' title='bbox 527 1383 623 1437; x_wconf 86' lang='lat' dir='ltr'>quis</span> <span class='ocrx_word' id='word_1_74' title='bbox 655 1382 818 1423; x_wconf 75' lang='lat' dir='ltr'>dictum</span> <span class='ocrx_word' id='word_1_75' title='bbox 849 1379 930 1421; x_wconf 87' lang='lat' dir='ltr'>sibi</span> <span class='ocrx_word' id='word_1_76' title='bbox 962 1383 1099 1431; x_wconf 79' lang='lat' dir='ltr'>neget,</span> <span class='ocrx_word' id='word_1_77' title='bbox 1133 1377 1229 1419; x_wconf 85' lang='lat' dir='ltr'>dieo</span> <span class='ocrx_word' id='word_1_78' title='bbox 1261 1376 1458 1418; x_wconf 89' lang='lat' dir='ltr'>omnibus</span> 
     </span>
     <span class='ocr_line' id='line_1_17' title="bbox 290 1449 1299 1509; baseline -0.009 -11"><span class='ocrx_word' id='word_1_79' title='bbox 290 1457 407 1498; x_wconf 87' lang='lat' dir='ltr'>Pube</span> <span class='ocrx_word' id='word_1_80' title='bbox 439 1455 657 1509; x_wconf 78' lang='lat' dir='ltr'>praesenti</span> <span class='ocrx_word' id='word_1_81' title='bbox 689 1454 732 1494; x_wconf 88' lang='lat' dir='ltr'>in</span> <span class='ocrx_word' id='word_1_82' title='bbox 764 1452 976 1500; x_wconf 81' lang='lat' dir='ltr'>contione,</span> <span class='ocrx_word' id='word_1_83' title='bbox 1010 1450 1125 1490; x_wconf 90' lang='lat' dir='ltr'>omni</span> <span class='ocrx_word' id='word_1_84' title='bbox 1156 1449 1299 1503; x_wconf 73' lang='lat' dir='ltr'>poplo,</span> 
     </span>
     <span class='ocr_line' id='line_1_18' title="bbox 292 1521 1215 1578; baseline -0.01 -8"><span class='ocrx_word' id='word_1_85' title='bbox 292 1528 499 1570; x_wconf 87' lang='lat' dir='ltr'>Omnibus</span> <span class='ocrx_word' id='word_1_86' title='bbox 531 1526 679 1568; x_wconf 81' lang='lat' dir='ltr'>amieis</span> <span class='ocrx_word' id='word_1_87' title='bbox 711 1525 911 1578; x_wconf 73' lang='lat' dir='ltr'>notisque</span> <span class='ocrx_word' id='word_1_88' title='bbox 943 1522 1064 1563; x_wconf 83' lang='lat' dir='ltr'>edico</span> <span class='ocrx_word' id='word_1_89' title='bbox 1097 1521 1215 1571; x_wconf 86' lang='lat' dir='ltr'>meis,</span> 
     </span>
     <span class='ocr_line' id='line_1_19' title="bbox 287 1590 1533 1643; baseline -0.009 -1"><span class='ocrx_word' id='word_1_90' title='bbox 287 1601 336 1642; x_wconf 92' lang='lat' dir='ltr'>In</span> <span class='ocrx_word' id='word_1_91' title='bbox 367 1599 480 1641; x_wconf 86' lang='lat' dir='ltr'>huno</span> <span class='ocrx_word' id='word_1_92' title='bbox 512 1598 623 1639; x_wconf 87' lang='lat' dir='ltr'>diem</span> <span class='ocrx_word' id='word_1_93' title='bbox 658 1611 683 1638; x_wconf 85' lang='lat' dir='ltr'>a</span> <span class='ocrx_word' id='word_1_94' title='bbox 713 1610 780 1637; x_wconf 89' lang='lat' dir='ltr'>me</span> <span class='ocrx_word' id='word_1_95' title='bbox 813 1600 861 1636; x_wconf 74' lang='lat' dir='ltr'>ut</span> <span class='ocrx_word' id='word_1_96' title='bbox 891 1598 1089 1643; x_wconf 76' lang='lat' dir='ltr'>caueant,</span> <span class='ocrx_word' id='word_1_97' title='bbox 1121 1606 1174 1634; x_wconf 86' lang='lat' dir='ltr'>ne</span> <span class='ocrx_word' id='word_1_98' title='bbox 1206 1592 1386 1634; x_wconf 76' lang='lat' dir='ltr'>credant</span> <span class='ocrx_word' id='word_1_99' title='bbox 1417 1590 1533 1632; x_wconf 82' lang='lat' dir='ltr'>mihi.</span> 
     </span>
    </p>
   </div>
   <div class='ocr_carea' id='block_1_9' title="bbox 290 1695 1177 1825">
    <p class='ocr_par' dir='ltr' id='par_1_9' title="bbox 290 1695 1177 1825">
     <span class='ocr_line' id='line_1_20' title="bbox 884 1695 1177 1738; baseline -0.007 0"><span class='ocrx_word' id='word_1_100' title='bbox 884 1695 1177 1738; x_wconf 86' lang='lat' dir='ltr'>&#39;Calidorus</span> 
     </span>
     <span class='ocr_line' id='line_1_21' title="bbox 290 1769 879 1825; baseline -0.012 -8"><span class='ocrx_word' id='word_1_101' title='bbox 290 1775 350 1825; x_wconf 75' lang='lat' dir='ltr'>St,</span> <span class='ocrx_word' id='word_1_102' title='bbox 382 1779 479 1815; x_wconf 80' lang='lat' dir='ltr'>tace</span> <span class='ocrx_word' id='word_1_103' title='bbox 512 1772 691 1814; x_wconf 80' lang='lat' dir='ltr'>obsecro</span> <span class='ocrx_word' id='word_1_104' title='bbox 723 1769 879 1811; x_wconf 84' lang='lat' dir='ltr'>hercle.</span> 
     </span>
    </p>
   </div>
   <div class='ocr_carea' id='block_1_10' title="bbox 885 1860 1379 1984">
    <p class='ocr_par' dir='ltr' id='par_1_10' title="bbox 885 1860 1379 1984">
     <span class='ocr_line' id='line_1_22' title="bbox 885 1860 1192 1904; baseline -0.01 0"><span class='ocrx_word' id='word_1_105' title='bbox 885 1860 1192 1904; x_wconf 86' lang='lat' dir='ltr'>Pseudolus</span> 
     </span>
     <span class='ocr_line' id='line_1_23' title="bbox 964 1929 1379 1984; baseline -0.007 -10"><span class='ocrx_word' id='word_1_106' title='bbox 964 1933 1076 1984; x_wconf 78' lang='lat' dir='ltr'>Quid</span> <span class='ocrx_word' id='word_1_107' title='bbox 1107 1931 1253 1984; x_wconf 85' lang='lat' dir='ltr'>negoti</span> <span class='ocrx_word' id='word_1_108' title='bbox 1285 1929 1379 1972; x_wconf 78' lang='lat' dir='ltr'>est‘?</span> 
     </span>
    </p>
   </div>
   <div class='ocr_carea' id='block_1_11' title="bbox 294 2027 1781 2359">
    <p class='ocr_par' dir='ltr' id='par_1_11' title="bbox 294 2027 1781 2359">
     <span class='ocr_line' id='line_1_24' title="bbox 901 2027 1182 2070; baseline -0.014 0"><span class='ocrx_word' id='word_1_109' title='bbox 901 2028 932 2070; x_wconf 94' lang='lat' dir='ltr'>C</span> <span class='ocrx_word' id='word_1_110' title='bbox 943 2027 1049 2069; x_wconf 80' lang='lat' dir='ltr'>alid</span> <span class='ocrx_word' id='word_1_111' title='bbox 1064 2041 1086 2067; x_wconf 88' lang='lat'>0</span> <span class='ocrx_word' id='word_1_112' title='bbox 1098 2040 1117 2066; x_wconf 92' lang='lat' dir='ltr'>r</span> <span class='ocrx_word' id='word_1_113' title='bbox 1127 2040 1154 2067; x_wconf 95' lang='lat' dir='ltr'>u</span> <span class='ocrx_word' id='word_1_114' title='bbox 1164 2039 1182 2066; x_wconf 91' lang='lat' dir='ltr'>s</span> 
     </span>
     <span class='ocr_line' id='line_1_25' title="bbox 1380 2095 1781 2137; baseline -0.005 0"><span class='ocrx_word' id='word_1_115' title='bbox 1380 2095 1548 2137; x_wconf 76' lang='lat' dir='ltr'>Ostium</span> <span class='ocrx_word' id='word_1_116' title='bbox 1716 2103 1781 2137; x_wconf 86' lang='lat'>130</span> 
     </span>
     <span class='ocr_line' id='line_1_26' title="bbox 294 2177 693 2231; baseline -0.008 -11"><span class='ocrx_word' id='word_1_117' title='bbox 294 2178 478 2220; x_wconf 83' lang='lat' dir='ltr'>Lenonis</span> <span class='ocrx_word' id='word_1_118' title='bbox 511 2177 693 2231; x_wconf 74' lang='lat' dir='ltr'>crepuit.</span> 
     </span>
     <span class='ocr_line' id='line_1_27' title="bbox 888 2241 1193 2285; baseline -0.013 0"><span class='ocrx_word' id='word_1_119' title='bbox 888 2244 919 2285; x_wconf 93' lang='lat' dir='ltr'>P</span> <span class='ocrx_word' id='word_1_120' title='bbox 932 2258 950 2285; x_wconf 91' lang='lat' dir='ltr'>s</span> <span class='ocrx_word' id='word_1_121' title='bbox 965 2257 986 2284; x_wconf 90' lang='lat' dir='ltr'>e</span> <span class='ocrx_word' id='word_1_122' title='bbox 1000 2257 1027 2283; x_wconf 91' lang='lat' dir='ltr'>u</span> <span class='ocrx_word' id='word_1_123' title='bbox 1039 2242 1064 2283; x_wconf 91' lang='lat' dir='ltr'>d</span> <span class='ocrx_word' id='word_1_124' title='bbox 1077 2255 1099 2283; x_wconf 94' lang='lat' dir='ltr'>o</span> <span class='ocrx_word' id='word_1_125' title='bbox 1110 2241 1163 2282; x_wconf 93' lang='lat' dir='ltr'>lu</span> <span class='ocrx_word' id='word_1_126' title='bbox 1175 2254 1193 2281; x_wconf 90' lang='lat' dir='ltr'>s</span> 
     </span>
     <span class='ocr_line' id='line_1_28' title="bbox 760 2311 1322 2359; baseline -0.012 0"><span class='ocrx_word' id='word_1_127' title='bbox 760 2315 894 2359; x_wconf 85' lang='lat' dir='ltr'>Crura</span> <span class='ocrx_word' id='word_1_128' title='bbox 924 2313 1153 2356; x_wconf 81' lang='lat' dir='ltr'>mauellem</span> <span class='ocrx_word' id='word_1_129' title='bbox 1183 2311 1322 2353; x_wconf 90' lang='lat' dir='ltr'>modo.</span> 
     </span>
    </p>
   </div>
   <div class='ocr_carea' id='block_1_12' title="bbox 298 2415 1398 2549">
    <p class='ocr_par' dir='ltr' id='par_1_12' title="bbox 298 2415 1398 2549">
     <span class='ocr_line' id='line_1_29' title="bbox 896 2415 1185 2459; baseline -0.01 -1"><span class='ocrx_word' id='word_1_130' title='bbox 896 2415 1185 2459; x_wconf 86' lang='lat' dir='ltr'>Calidorus</span> 
     </span>
     <span class='ocr_line' id='line_1_30' title="bbox 298 2487 1398 2549; baseline -0.013 -11"><span class='ocrx_word' id='word_1_131' title='bbox 298 2498 438 2549; x_wconf 79' lang='lat' dir='ltr'>Atque</span> <span class='ocrx_word' id='word_1_132' title='bbox 470 2495 562 2548; x_wconf 87' lang='lat' dir='ltr'>ipse</span> <span class='ocrx_word' id='word_1_133' title='bbox 595 2491 813 2545; x_wconf 81' lang='lat' dir='ltr'>egreditur</span> <span class='ocrx_word' id='word_1_134' title='bbox 843 2490 973 2538; x_wconf 83' lang='lat' dir='ltr'>intus,</span> <span class='ocrx_word' id='word_1_135' title='bbox 1005 2487 1224 2542; x_wconf 89' lang='lat' dir='ltr'>periurum</span> <span class='ocrx_word' id='word_1_136' title='bbox 1257 2488 1398 2539; x_wconf 78' lang='lat' dir='ltr'>caput.</span> 
     </span>
    </p>
   </div>
   <div class='ocr_carea' id='block_1_13' title="bbox 300 2614 1783 2836">
    <p class='ocr_par' dir='ltr' id='par_1_13' title="bbox 300 2614 1783 2836">
     <span class='ocr_line' id='line_1_31' title="bbox 393 2614 1698 2668; baseline -0.011 -5"><span class='ocrx_word' id='word_1_137' title='bbox 393 2630 455 2663; x_wconf 75' lang='lat'>120</span> <span class='ocrx_word' id='word_1_138' title='bbox 479 2639 586 2663; x_wconf 83' lang='lat' dir='ltr'>neces</span> <span class='ocrx_word' id='word_1_139' title='bbox 611 2626 647 2661; x_wconf 91' lang='grc' dir='ltr'><strong><em>Β</em></strong></span> <span class='ocrx_word' id='word_1_140' title='bbox 740 2625 806 2660; x_wconf 86' lang='lat' dir='ltr'>tibi</span> <span class='ocrx_word' id='word_1_141' title='bbox 832 2625 932 2668; x_wconf 85' lang='lat' dir='ltr'>prius</span> <span class='ocrx_word' id='word_1_142' title='bbox 961 2622 989 2657; x_wconf 82' lang='grc' dir='ltr'><em>Ο</em></span> <span class='ocrx_word' id='word_1_143' title='bbox 1070 2623 1132 2655; x_wconf 79' lang='lat'>122</span> <span class='ocrx_word' id='word_1_144' title='bbox 1157 2620 1278 2654; x_wconf 75' lang='lat' dir='ltr'>Dicite</span> <span class='ocrx_word' id='word_1_145' title='bbox 1368 2629 1513 2661; x_wconf 81' lang='lat' dir='ltr'>semper</span> <span class='ocrx_word' id='word_1_146' title='bbox 1538 2627 1603 2652; x_wconf 86' lang='lat' dir='ltr'>om.</span> <span class='ocrx_word' id='word_1_147' title='bbox 1628 2614 1698 2650; x_wconf 81' lang='lat' dir='ltr'>BG</span> 
     </span>
     <span class='ocr_line' id='line_1_32' title="bbox 300 2673 1780 2731; baseline -0.009 -13"><span class='ocrx_word' id='word_1_148' title='bbox 300 2690 406 2731; x_wconf 77' lang='lat' dir='ltr'>potes</span> <span class='ocrx_word' id='word_1_149' title='bbox 432 2684 501 2720; x_wconf 82' lang='lat' dir='ltr'>BC</span> <span class='ocrx_word' id='word_1_150' title='bbox 576 2684 637 2731; x_wconf 22' lang='lat'>1-25</span> <span class='ocrx_word' id='word_1_151' title='bbox 664 2681 816 2716; x_wconf 80' lang='lat' dir='ltr'>Oculum</span> <span class='ocrx_word' id='word_1_152' title='bbox 843 2684 966 2714; x_wconf 82' lang='lat' dir='ltr'>utrum</span> <span class='ocrx_word' id='word_1_153' title='bbox 992 2689 1085 2712; x_wconf 87' lang='lat' dir='ltr'>anne</span> <span class='ocrx_word' id='word_1_154' title='bbox 1109 2678 1146 2711; x_wconf 91' lang='lat' dir='ltr'>in</span> <span class='ocrx_word' id='word_1_155' title='bbox 1171 2676 1247 2719; x_wconf 81' lang='lat' dir='ltr'>BC,</span> <span class='ocrx_word' id='word_1_156' title='bbox 1273 2675 1386 2710; x_wconf 77' lang='lat' dir='ltr'>Utr..</span> <span class='ocrx_word' id='word_1_157' title='bbox 1403 2699 1409 2706; x_wconf 94' lang='lat'><em>.</em></span> <span class='ocrx_word' id='word_1_158' title='bbox 1426 2674 1489 2708; x_wconf 90' lang='lat' dir='ltr'>nin</span> <span class='ocrx_word' id='word_1_159' title='bbox 1514 2673 1548 2707; x_wconf 72' lang='lat' dir='ltr'><em>A</em></span> <span class='ocrx_word' id='word_1_160' title='bbox 1627 2673 1691 2706; x_wconf 82' lang='lat'>127</span> <span class='ocrx_word' id='word_1_161' title='bbox 1715 2681 1780 2716; x_wconf 87' lang='lat' dir='ltr'>po-</span> 
     </span>
     <span class='ocr_line' id='line_1_33' title="bbox 302 2725 1783 2787; baseline -0.011 -10"><span class='ocrx_word' id='word_1_162' title='bbox 302 2743 386 2787; x_wconf 78' lang='lat' dir='ltr'>pulo</span> <span class='ocrx_word' id='word_1_163' title='bbox 415 2741 442 2776; x_wconf 91' lang='lat' dir='ltr'>C</span> <span class='ocrx_word' id='word_1_164' title='bbox 514 2742 576 2775; x_wconf 83' lang='grc'>129</span> <span class='ocrx_word' id='word_1_165' title='bbox 601 2750 667 2774; x_wconf 84' lang='lat' dir='ltr'>nec</span> <span class='ocrx_word' id='word_1_166' title='bbox 692 2737 728 2773; x_wconf 93' lang='lat' dir='ltr'><strong><em>B</em></strong></span> <span class='ocrx_word' id='word_1_167' title='bbox 803 2738 865 2771; x_wconf 85' lang='lat'>130</span> <span class='ocrx_word' id='word_1_168' title='bbox 891 2735 946 2770; x_wconf 73' lang='lat' dir='ltr'>Sit</span> <span class='ocrx_word' id='word_1_169' title='bbox 971 2741 1076 2769; x_wconf 73' lang='lat' dir='ltr'>taceo</span> <span class='ocrx_word' id='word_1_170' title='bbox 1096 2733 1142 2778; x_wconf 86' lang='lat' dir='ltr'>B,</span> <span class='ocrx_word' id='word_1_171' title='bbox 1170 2734 1198 2768; x_wconf 84' lang='lat' dir='ltr'>si</span> <span class='ocrx_word' id='word_1_172' title='bbox 1224 2737 1305 2766; x_wconf 83' lang='lat' dir='ltr'>tace</span> <span class='ocrx_word' id='word_1_173' title='bbox 1333 2730 1362 2765; x_wconf 89' lang='lat' dir='ltr'>C</span> <span class='ocrx_word' id='word_1_174' title='bbox 1428 2729 1550 2764; x_wconf 85' lang='lat' dir='ltr'>hercle</span> <span class='ocrx_word' id='word_1_175' title='bbox 1576 2729 1728 2763; x_wconf 84' lang='lat' dir='ltr'>obsecro</span> <span class='ocrx_word' id='word_1_176' title='bbox 1750 2725 1783 2760; x_wconf 80' lang='lat' dir='ltr'><strong><em>A</em></strong></span> 
     </span>
     <span class='ocr_line' id='line_1_34' title="bbox 305 2784 1653 2836; baseline -0.01 -3"><span class='ocrx_word' id='word_1_177' title='bbox 305 2801 363 2833; x_wconf 88' lang='lat'>131</span> <span class='ocrx_word' id='word_1_178' title='bbox 391 2798 508 2833; x_wconf 79' lang='lat' dir='ltr'>leonis</span> <span class='ocrx_word' id='word_1_179' title='bbox 537 2797 566 2832; x_wconf 81' lang='lat' dir='ltr'><em>C</em></span> <span class='ocrx_word' id='word_1_180' title='bbox 656 2795 681 2830; x_wconf 92' lang='lat' dir='ltr'>C</span> <span class='ocrx_word' id='word_1_181' title='bbox 707 2794 742 2830; x_wconf 91' lang='lat' dir='ltr'><em>B</em></span> <span class='ocrx_word' id='word_1_182' title='bbox 862 2793 924 2827; x_wconf 79' lang='lat'>132</span> <span class='ocrx_word' id='word_1_183' title='bbox 950 2792 1096 2836; x_wconf 80' lang='lat' dir='ltr'>penitus</span> <span class='ocrx_word' id='word_1_184' title='bbox 1190 2789 1326 2833; x_wconf 85' lang='lat' dir='ltr'>periuri</span> <span class='ocrx_word' id='word_1_185' title='bbox 1351 2787 1386 2822; x_wconf 94' lang='lat' dir='ltr'><em>B</em></span> <span class='ocrx_word' id='word_1_186' title='bbox 1480 2785 1599 2831; x_wconf 84' lang='lat' dir='ltr'>capud</span> <span class='ocrx_word' id='word_1_187' title='bbox 1624 2784 1653 2820; x_wconf 79' lang='lat' dir='ltr'><strong><em>G</em></strong></span> 
     </span>
    </p>
   </div>
   <div class='ocr_carea' id='block_1_14' title="bbox 1861 0 1963 3243">
    <p class='ocr_par' dir='ltr' id='par_1_14' title="bbox 1861 0 1963 3243">
     <span class='ocr_line' id='line_1_35' title="bbox 1861 0 1963 3243; baseline 0 0"><span class='ocrx_word' id='word_1_188' title='bbox 1861 0 1963 3243; x_wconf 95' lang='lat' dir='ltr'> </span> 
     </span>
    </p>
   </div>
  </div>
 </body>
</html>
