1963 3243
130 256 188 301 IV,
214 258 246 300 6,
270 257 383 292 3—13
775 256 991 291 Pseudolus.
1566 261 1617 298 85

783 381 964 423 Ballio

130 456 164 498 Ο
195 455 427 506 fortunate,
459 454 728 497 fortunatam
759 454 864 495 cedo
896 468 1082 496 manum.
1536 466 1621 499 1065

811 548 947 591 Simo

129 621 241 672 Quid
272 622 370 664 est?

783 691 965 734 Ballio

360 765 451 806 Iam
471 798 478 806 .
500 798 506 805 .

800 835 941 877 Simo

515 906 627 957 Quid
660 907 778 949 iam?

786 994 964 1036 Ballio

811 1066 929 1108 Nihil
962 1071 1028 1108 est
1060 1066 1175 1120 quod
1207 1072 1389 1110 metuas.

809 1161 951 1204 Simo

1381 1234 1493 1285 Quid
1526 1235 1622 1276 est‘?

129 1305 312 1349 Uenitne
343 1307 471 1349 homo
503 1307 558 1348 ad
591 1307 664 1348 te'?

784 1378 969 1420 Ballio

730 1451 837 1492 Non.

815 1537 950 1579 Simo

888 1609 998 1660 Quid
1031 1615 1097 1652 est
1129 1610 1263 1663 igitur
1293 1610 1426 1653 boni?

785 1701 960 1743 Ballio

132 1773 274 1815 Minae
306 1775 462 1827 uiginti
493 1788 623 1816 sanae
656 1778 699 1815 et
729 1773 877 1815 saluae
909 1778 1009 1815 sunt
1040 1773 1134 1824 tibi,

132 1844 270 1887 Hodie
301 1860 411 1900 quas
444 1846 520 1887 abs
551 1851 594 1887 te
627 1851 691 1887 est
723 1846 1004 1900 instipulatus
1035 1846 1290 1888 Pseudolus.

806 1940 946 1983 Simo

132 2010 270 2053 Uelim
303 2012 477 2066 quidem
510 2012 666 2067 hercle.

791 2099 970 2141 Ballio

734 2172 855 2225 Roga
886 2186 951 2214 me
983 2172 1138 2225 uiginti
1169 2172 1323 2222 minas,
1539 2183 1628 2216 1070

133 2241 177 2284 Si
207 2242 297 2285 illic
326 2242 455 2285 hodie
487 2243 563 2285 illa
595 2245 651 2286 sit
682 2245 847 2298 potitus
879 2244 1062 2285 muliere

131 2313 232 2357 Siue
264 2329 358 2357 eam
388 2319 465 2358 tuo
496 2321 628 2369 gnato
661 2315 806 2366 hodie,
836 2320 884 2357 ut
915 2315 1127 2369 promisit,
1160 2314 1296 2357 dabit.

131 2386 253 2440 Roga
285 2386 463 2429 obsecro
494 2387 660 2439 hercle3
693 2388 832 2441 gestio
863 2388 1130 2441 promittere,

131 2457 339 2501 Omnibus
371 2460 512 2502 modis
543 2460 622 2501 tibi
657 2473 750 2501 esse
781 2473 871 2501 rem
903 2465 951 2501 ut
983 2459 1152 2501 saluam
1185 2460 1315 2511 scias;

131 2530 273 2585 Atque
304 2531 436 2572 etiam
467 2531 629 2574 habeto
660 2531 885 2573 mulierem
918 2531 1029 2573 dono
1062 2531 1154 2572 tibi.
1542 2541 1627 2574 1075

227 2668 312 2702 1065
337 2667 429 2702 cedo
453 2667 679 2702 fortunatam
702 2666 771 2701 BC
862 2668 947 2700 1066
973 2665 1085 2701 Simo.
1115 2665 1166 2699 SI.
1194 2666 1280 2710 quid
1308 2670 1365 2700 est
1383 2666 1427 2707 B,
1455 2666 1546 2700 sino.
1574 2664 1625 2699 SI.

132 2723 277 2768 quidem
306 2723 335 2759 C
434 2724 586 2759 nihilem
613 2724 712 2768 quod
739 2723 768 2757 C
869 2725 955 2757 1067
980 2723 1034 2757 SI.
1063 2733 1127 2758 om.
1156 2722 1184 2757 C
1285 2723 1432 2767 quidem
1460 2723 1573 2767 igitur
1600 2722 1631 2759 C

135 2781 220 2815 1069
243 2780 330 2815 inde
356 2784 414 2815 est
438 2781 680 2826 instipulatus
822 2782 905 2814 1071
935 2779 973 2814 Si
999 2780 1059 2815 ille
1085 2779 1198 2814 hodie
1339 2781 1425 2814 1072
1450 2780 1567 2824 prosit
1591 2779 1628 2814 B

134 2838 220 2871 1073
245 2837 392 2881 Rogato
507 2837 629 2872 hercle
656 2837 809 2871 obsecro
837 2836 864 2871 C
964 2838 1050 2871 1075
1076 2836 1123 2870 do
1153 2835 1181 2871 G
1206 2881 1209 2883 -
