<?xml version="1.0" encoding="UTF-8"?>
<!DOCTYPE html PUBLIC "-//W3C//DTD XHTML 1.0 Transitional//EN"
    "http://www.w3.org/TR/xhtml1/DTD/xhtml1-transitional.dtd">
<html xmlns="http://www.w3.org/1999/xhtml" xml:lang="en" lang="en">
 <head>
  <title>
</title>
<meta http-equiv="Content-Type" content="text/html;charset=utf-8" />
  <meta name='ocr-system' content='tesseract 3.04.00' />
  <meta name='ocr-capabilities' content='ocr_page ocr_carea ocr_par ocr_line ocrx_word'/>
</head>
<body>
  <div class='ocr_page' id='page_1' title='image "./comoediaerecensu04plauuoft_0294.png"; bbox 0 0 1963 3243; ppageno 0'>
   <div class='ocr_carea' id='block_1_1' title="bbox 335 173 1237 217">
    <p class='ocr_par' dir='ltr' id='par_1_1' title="bbox 335 173 1237 217">
     <span class='ocr_line' id='line_1_1' title="bbox 335 173 1237 217; baseline -0.007 -3"><span class='ocrx_word' id='word_1_1' title='bbox 335 176 416 215; x_wconf 76' lang='lat'>288</span> <span class='ocrx_word' id='word_1_2' title='bbox 908 173 1014 207; x_wconf 81' lang='lat' dir='ltr'>Miles</span> <span class='ocrx_word' id='word_1_3' title='bbox 1040 173 1237 217; x_wconf 79' lang='lat' dir='ltr'>gloriosus.</span> 
     </span>
    </p>
   </div>
   <div class='ocr_carea' id='block_1_2' title="bbox 331 301 1792 1033">
    <p class='ocr_par' dir='ltr' id='par_1_2' title="bbox 331 301 1792 1033">
     <span class='ocr_line' id='line_1_2' title="bbox 339 301 1786 352; baseline -0.001 -13"><span class='ocrx_word' id='word_1_4' title='bbox 339 303 400 339; x_wconf 89' lang='lat'>12.</span> <span class='ocrx_word' id='word_1_5' title='bbox 440 303 564 340; x_wconf 80' lang='lat' dir='ltr'><em>animi</em></span> <span class='ocrx_word' id='word_1_6' title='bbox 602 304 816 347; x_wconf 75' lang='lat' dir='ltr'><strong><em>excrucias,</em></strong></span> <span class='ocrx_word' id='word_1_7' title='bbox 858 303 904 340; x_wconf 86' lang='lat' dir='ltr'>cf.</span> <span class='ocrx_word' id='word_1_8' title='bbox 946 302 1034 340; x_wconf 90' lang='lat' dir='ltr'>Ter.</span> <span class='ocrx_word' id='word_1_9' title='bbox 1068 301 1224 339; x_wconf 87' lang='lat' dir='ltr'>Phorm.</span> <span class='ocrx_word' id='word_1_10' title='bbox 1263 303 1359 339; x_wconf 83' lang='lat'>187:</span> <span class='ocrx_word' id='word_1_11' title='bbox 1396 302 1596 352; x_wconf 82' lang='lat' dir='ltr'>„Antipho</span> <span class='ocrx_word' id='word_1_12' title='bbox 1632 315 1690 339; x_wconf 87' lang='lat' dir='ltr'>me</span> <span class='ocrx_word' id='word_1_13' title='bbox 1722 314 1786 339; x_wconf 84' lang='lat' dir='ltr'>ex-</span> 
     </span>
     <span class='ocr_line' id='line_1_3' title="bbox 333 367 1786 418; baseline 0 -12"><span class='ocrx_word' id='word_1_14' title='bbox 333 370 483 408; x_wconf 79' lang='lat' dir='ltr'>cruciat,</span> <span class='ocrx_word' id='word_1_15' title='bbox 513 367 672 408; x_wconf 88' lang='lat' dir='ltr'>animi“.</span> <span class='ocrx_word' id='word_1_16' title='bbox 705 390 758 395; x_wconf 92' lang='lat'>——</span> <span class='ocrx_word' id='word_1_17' title='bbox 794 371 911 407; x_wconf 87' lang='lat'>1064.</span> <span class='ocrx_word' id='word_1_18' title='bbox 961 370 1057 408; x_wconf 81' lang='lat' dir='ltr'>Iube</span> <span class='ocrx_word' id='word_1_19' title='bbox 1091 380 1239 418; x_wconf 72' lang='lat' dir='ltr'>eampse</span> <span class='ocrx_word' id='word_1_20' title='bbox 1268 369 1545 407; x_wconf 76' lang='lat' dir='ltr'>Ritterhusius.</span> <span class='ocrx_word' id='word_1_21' title='bbox 1580 388 1622 395; x_wconf 90' lang='lat'>—</span> <span class='ocrx_word' id='word_1_22' title='bbox 1667 370 1786 408; x_wconf 90' lang='grc'><strong>1065.</strong></span> 
     </span>
     <span class='ocr_line' id='line_1_4' title="bbox 331 435 1786 487; baseline -0.002 -11"><span class='ocrx_word' id='word_1_23' title='bbox 331 449 390 476; x_wconf 79' lang='lat' dir='ltr'>‘me</span> <span class='ocrx_word' id='word_1_24' title='bbox 429 438 489 476; x_wconf 89' lang='lat' dir='ltr'>ed.</span> <span class='ocrx_word' id='word_1_25' title='bbox 529 451 587 487; x_wconf 88' lang='lat' dir='ltr'>pr.</span> <span class='ocrx_word' id='word_1_26' title='bbox 621 458 675 463; x_wconf 94' lang='lat'><strong>—</strong></span> <span class='ocrx_word' id='word_1_27' title='bbox 715 440 750 475; x_wconf 75' lang='lat' dir='ltr'>te</span> <span class='ocrx_word' id='word_1_28' title='bbox 786 437 876 475; x_wconf 85' lang='lat' dir='ltr'>add.</span> <span class='ocrx_word' id='word_1_29' title='bbox 918 437 1052 474; x_wconf 89' lang='lat' dir='ltr'><strong>Herm.</strong></span> <span class='ocrx_word' id='word_1_30' title='bbox 1085 457 1138 462; x_wconf 97' lang='lat'><strong>—</strong></span> <span class='ocrx_word' id='word_1_31' title='bbox 1171 437 1237 474; x_wconf 85' lang='lat' dir='ltr'>R.:</span> <span class='ocrx_word' id='word_1_32' title='bbox 1275 435 1544 485; x_wconf 81' lang='lat' dir='ltr'>„aequomst“.</span> <span class='ocrx_word' id='word_1_33' title='bbox 1578 455 1626 462; x_wconf 88' lang='lat'>—</span> <span class='ocrx_word' id='word_1_34' title='bbox 1667 437 1786 474; x_wconf 84' lang='lat'>1066.</span> 
     </span>
     <span class='ocr_line' id='line_1_5' title="bbox 337 501 1789 555; baseline -0.001 -12"><span class='ocrx_word' id='word_1_35' title='bbox 337 501 462 554; x_wconf 79' lang='lat' dir='ltr'>Quom</span> <span class='ocrx_word' id='word_1_36' title='bbox 492 505 641 551; x_wconf 86' lang='lat' dir='ltr'>Lamb.,</span> <span class='ocrx_word' id='word_1_37' title='bbox 675 505 779 555; x_wconf 89' lang='lat' dir='ltr'>quod</span> <span class='ocrx_word' id='word_1_38' title='bbox 808 505 1010 555; x_wconf 81' lang='lat' dir='ltr'>proximus</span> <span class='ocrx_word' id='word_1_39' title='bbox 1041 518 1175 542; x_wconf 83' lang='lat' dir='ltr'>versus</span> <span class='ocrx_word' id='word_1_40' title='bbox 1205 505 1396 555; x_wconf 81' lang='lat' dir='ltr'>postulat.</span> <span class='ocrx_word' id='word_1_41' title='bbox 1429 523 1483 529; x_wconf 89' lang='lat'>-—</span> <span class='ocrx_word' id='word_1_42' title='bbox 1514 507 1547 542; x_wconf 81' lang='lat' dir='ltr'>te</span> <span class='ocrx_word' id='word_1_43' title='bbox 1569 508 1609 542; x_wconf 78' lang='lat' dir='ltr'>et</span> <span class='ocrx_word' id='word_1_44' title='bbox 1631 504 1789 542; x_wconf 79' lang='lat' dir='ltr'>eandem</span> 
     </span>
     <span class='ocr_line' id='line_1_6' title="bbox 333 571 1786 622; baseline 0 -12"><span class='ocrx_word' id='word_1_45' title='bbox 333 577 495 612; x_wconf 78' lang='lat' dir='ltr'>tuentur</span> <span class='ocrx_word' id='word_1_46' title='bbox 524 573 637 610; x_wconf 80' lang='lat' dir='ltr'>Both.</span> <span class='ocrx_word' id='word_1_47' title='bbox 671 576 709 609; x_wconf 80' lang='lat' dir='ltr'>et</span> <span class='ocrx_word' id='word_1_48' title='bbox 740 572 888 621; x_wconf 86' lang='lat' dir='ltr'><strong>Haupt.</strong></span> <span class='ocrx_word' id='word_1_49' title='bbox 923 572 995 622; x_wconf 94' lang='lat' dir='ltr'>Op.</span> <span class='ocrx_word' id='word_1_50' title='bbox 1027 572 1085 610; x_wconf 92' lang='lat' dir='ltr'>HI</span> <span class='ocrx_word' id='word_1_51' title='bbox 1114 585 1152 622; x_wconf 91' lang='lat' dir='ltr'>p.</span> <span class='ocrx_word' id='word_1_52' title='bbox 1185 574 1280 619; x_wconf 87' lang='lat'>400,</span> <span class='ocrx_word' id='word_1_53' title='bbox 1321 573 1367 609; x_wconf 90' lang='lat' dir='ltr'>cf.</span> <span class='ocrx_word' id='word_1_54' title='bbox 1409 572 1458 608; x_wconf 86' lang='lat' dir='ltr'>ad</span> <span class='ocrx_word' id='word_1_55' title='bbox 1482 571 1569 610; x_wconf 77' lang='lat' dir='ltr'>Aul.</span> <span class='ocrx_word' id='word_1_56' title='bbox 1597 573 1689 610; x_wconf 89' lang='lat'>202.</span> <span class='ocrx_word' id='word_1_57' title='bbox 1719 572 1786 610; x_wconf 86' lang='lat' dir='ltr'>R.:</span> 
     </span>
     <span class='ocr_line' id='line_1_7' title="bbox 339 635 1786 689; baseline 0 -11"><span class='ocrx_word' id='word_1_58' title='bbox 339 641 502 689; x_wconf 83' lang='lat' dir='ltr'>„Quom‚</span> <span class='ocrx_word' id='word_1_59' title='bbox 534 654 634 689; x_wconf 75' lang='lat' dir='ltr'>quae</span> <span class='ocrx_word' id='word_1_60' title='bbox 665 641 779 678; x_wconf 83' lang='lat' dir='ltr'>illaec</span> <span class='ocrx_word' id='word_1_61' title='bbox 817 641 914 687; x_wconf 73' lang='lat' dir='ltr'>uolt,</span> <span class='ocrx_word' id='word_1_62' title='bbox 957 635 1133 678; x_wconf 79' lang='lat' dir='ltr'>eadem“.</span> <span class='ocrx_word' id='word_1_63' title='bbox 1165 661 1221 666; x_wconf 94' lang='lat'>—</span> <span class='ocrx_word' id='word_1_64' title='bbox 1251 641 1342 679; x_wconf 73' lang='lat' dir='ltr'>Non</span> <span class='ocrx_word' id='word_1_65' title='bbox 1377 641 1445 678; x_wconf 78' lang='lat' dir='ltr'>hoc</span> <span class='ocrx_word' id='word_1_66' title='bbox 1473 641 1666 679; x_wconf 70' lang='lat' dir='ltr'>msulswm</span> <span class='ocrx_word' id='word_1_67' title='bbox 1696 644 1786 678; x_wconf 76' lang='lat' dir='ltr'>cett.</span> 
     </span>
     <span class='ocr_line' id='line_1_8' title="bbox 334 708 1786 757; baseline 0 -11"><span class='ocrx_word' id='word_1_68' title='bbox 334 709 421 746; x_wconf 79' lang='lat' dir='ltr'>edd.</span> <span class='ocrx_word' id='word_1_69' title='bbox 464 709 710 746; x_wconf 80' lang='lat' dir='ltr'>Palaestrioni</span> <span class='ocrx_word' id='word_1_70' title='bbox 749 709 856 755; x_wconf 79' lang='lat' dir='ltr'>dant,</span> <span class='ocrx_word' id='word_1_71' title='bbox 896 708 1008 746; x_wconf 87' lang='lat' dir='ltr'><strong>codd.</strong></span> <span class='ocrx_word' id='word_1_72' title='bbox 1051 710 1179 753; x_wconf 77' lang='lat' dir='ltr'>militi,</span> <span class='ocrx_word' id='word_1_73' title='bbox 1219 713 1345 757; x_wconf 75' lang='lat' dir='ltr'>recte3</span> <span class='ocrx_word' id='word_1_74' title='bbox 1384 708 1452 747; x_wconf 79' lang='lat' dir='ltr'>hoc</span> <span class='ocrx_word' id='word_1_75' title='bbox 1489 713 1549 746; x_wconf 76' lang='lat' dir='ltr'>est</span> <span class='ocrx_word' id='word_1_76' title='bbox 1578 721 1717 753; x_wconf 89' lang='lat' dir='ltr'>meum,</span> <span class='ocrx_word' id='word_1_77' title='bbox 1753 723 1786 746; x_wconf 91' lang='lat' dir='ltr'>v.</span> 
     </span>
     <span class='ocr_line' id='line_1_9' title="bbox 335 776 1786 827; baseline 0 -14"><span class='ocrx_word' id='word_1_78' title='bbox 335 777 384 814; x_wconf 88' lang='lat' dir='ltr'>ad</span> <span class='ocrx_word' id='word_1_79' title='bbox 425 776 536 827; x_wconf 83' lang='lat' dir='ltr'>Capt.</span> <span class='ocrx_word' id='word_1_80' title='bbox 572 777 674 823; x_wconf 84' lang='lat'>3343</span> <span class='ocrx_word' id='word_1_81' title='bbox 715 776 803 814; x_wconf 83' lang='lat' dir='ltr'>add.</span> <span class='ocrx_word' id='word_1_82' title='bbox 836 777 955 814; x_wconf 85' lang='lat' dir='ltr'>Merc.</span> <span class='ocrx_word' id='word_1_83' title='bbox 993 777 1082 814; x_wconf 88' lang='lat'>122.</span> <span class='ocrx_word' id='word_1_84' title='bbox 1118 777 1211 814; x_wconf 86' lang='lat'>985.</span> <span class='ocrx_word' id='word_1_85' title='bbox 1245 777 1354 813; x_wconf 89' lang='lat' dir='ltr'>Trin.</span> <span class='ocrx_word' id='word_1_86' title='bbox 1392 778 1510 815; x_wconf 87' lang='lat'>1115.</span> <span class='ocrx_word' id='word_1_87' title='bbox 1543 777 1632 814; x_wconf 89' lang='lat' dir='ltr'>Ter.</span> <span class='ocrx_word' id='word_1_88' title='bbox 1666 776 1786 814; x_wconf 74' lang='lat' dir='ltr'>Andr.</span> 
     </span>
     <span class='ocr_line' id='line_1_10' title="bbox 337 844 1790 891; baseline -0.002 -7"><span class='ocrx_word' id='word_1_89' title='bbox 337 846 430 884; x_wconf 87' lang='lat'>310.</span> <span class='ocrx_word' id='word_1_90' title='bbox 466 846 558 883; x_wconf 87' lang='lat'>890.</span> <span class='ocrx_word' id='word_1_91' title='bbox 594 844 734 882; x_wconf 77' lang='lat' dir='ltr'>Heaut.</span> <span class='ocrx_word' id='word_1_92' title='bbox 770 846 862 884; x_wconf 92' lang='lat'>356.</span> <span class='ocrx_word' id='word_1_93' title='bbox 896 865 948 870; x_wconf 96' lang='lat'><strong>—</strong></span> <span class='ocrx_word' id='word_1_94' title='bbox 986 844 1124 891; x_wconf 72' lang='lat' dir='ltr'>„hinc”</span> <span class='ocrx_word' id='word_1_95' title='bbox 1160 845 1307 891; x_wconf 84' lang='lat' dir='ltr'>delevi3</span> <span class='ocrx_word' id='word_1_96' title='bbox 1339 845 1404 882; x_wconf 81' lang='lat' dir='ltr'>R.:</span> <span class='ocrx_word' id='word_1_97' title='bbox 1451 845 1560 890; x_wconf 79' lang='lat' dir='ltr'>„Non</span> <span class='ocrx_word' id='word_1_98' title='bbox 1600 845 1790 882; x_wconf 85' lang='lat' dir='ltr'>insulsum</span> 
     </span>
     <span class='ocr_line' id='line_1_11' title="bbox 334 907 1789 963; baseline -0.001 -13"><span class='ocrx_word' id='word_1_99' title='bbox 334 914 426 952; x_wconf 92' lang='lat' dir='ltr'>huic</span> <span class='ocrx_word' id='word_1_100' title='bbox 462 910 746 961; x_wconf 81' lang='lat' dir='ltr'>ingeniumst“.</span> <span class='ocrx_word' id='word_1_101' title='bbox 782 933 832 938; x_wconf 89' lang='lat'>-—</span> <span class='ocrx_word' id='word_1_102' title='bbox 871 914 988 951; x_wconf 88' lang='lat'>1067.</span> <span class='ocrx_word' id='word_1_103' title='bbox 1030 907 1142 963; x_wconf 80' lang='lat' dir='ltr'>„me“</span> <span class='ocrx_word' id='word_1_104' title='bbox 1183 925 1255 949; x_wconf 81' lang='lat'>0111.</span> <span class='ocrx_word' id='word_1_105' title='bbox 1297 912 1410 949; x_wconf 82' lang='lat' dir='ltr'>Both.</span> <span class='ocrx_word' id='word_1_106' title='bbox 1451 932 1499 939; x_wconf 91' lang='lat'>-</span> <span class='ocrx_word' id='word_1_107' title='bbox 1532 912 1638 950; x_wconf 79' lang='lat' dir='ltr'>haud</span> <span class='ocrx_word' id='word_1_108' title='bbox 1668 911 1789 959; x_wconf 64' lang='lat' dir='ltr'>Cam„</span> 
     </span>
     <span class='ocr_line' id='line_1_12' title="bbox 337 975 1792 1033; baseline -0.001 -14"><span class='ocrx_word' id='word_1_109' title='bbox 337 978 465 1031; x_wconf 82' lang='lat' dir='ltr'>„hau“</span> <span class='ocrx_word' id='word_1_110' title='bbox 495 981 561 1033; x_wconf 71' lang='grc' dir='ltr'>ΙΒ.</span> <span class='ocrx_word' id='word_1_111' title='bbox 596 1001 645 1006; x_wconf 92' lang='grc'>--</span> <span class='ocrx_word' id='word_1_112' title='bbox 687 992 732 1018; x_wconf 74' lang='lat' dir='ltr'>eoe</span> <span class='ocrx_word' id='word_1_113' title='bbox 773 984 816 1019; x_wconf 76' lang='lat' dir='ltr'>te.</span> <span class='ocrx_word' id='word_1_114' title='bbox 879 981 943 1018; x_wconf 69' lang='grc' dir='ltr'>ΒΓ.</span> <span class='ocrx_word' id='word_1_115' title='bbox 993 982 1087 1032; x_wconf 81' lang='lat' dir='ltr'>„abs</span> <span class='ocrx_word' id='word_1_116' title='bbox 1133 975 1199 1018; x_wconf 58' lang='grc' dir='ltr'>δρα</span> <span class='ocrx_word' id='word_1_117' title='bbox 1247 980 1522 1030; x_wconf 77' lang='lat' dir='ltr'>corrigendum</span> <span class='ocrx_word' id='word_1_118' title='bbox 1567 985 1698 1018; x_wconf 83' lang='lat' dir='ltr'>censet</span> <span class='ocrx_word' id='word_1_119' title='bbox 1744 994 1792 1018; x_wconf 82' lang='lat' dir='ltr'>ex</span> 
     </span>
    </p>
   </div>
   <div class='ocr_carea' id='block_1_3' title="bbox 333 1048 1794 1441">
    <p class='ocr_par' dir='ltr' id='par_1_3' title="bbox 333 1048 1794 1441">
     <span class='ocr_line' id='line_1_13' title="bbox 334 1048 1788 1095; baseline -0.001 -8"><span class='ocrx_word' id='word_1_120' title='bbox 334 1049 467 1087; x_wconf 78' lang='lat' dir='ltr'>Plauti</span> <span class='ocrx_word' id='word_1_121' title='bbox 499 1063 583 1095; x_wconf 85' lang='lat' dir='ltr'>usu,</span> <span class='ocrx_word' id='word_1_122' title='bbox 615 1062 649 1088; x_wconf 88' lang='lat' dir='ltr'>v.</span> <span class='ocrx_word' id='word_1_123' title='bbox 681 1050 770 1086; x_wconf 90' lang='lat' dir='ltr'>Aul.</span> <span class='ocrx_word' id='word_1_124' title='bbox 806 1050 897 1087; x_wconf 87' lang='lat'>302.</span> <span class='ocrx_word' id='word_1_125' title='bbox 944 1049 1084 1088; x_wconf 85' lang='lat' dir='ltr'>Bacch.</span> <span class='ocrx_word' id='word_1_126' title='bbox 1120 1050 1239 1095; x_wconf 89' lang='lat'>1169,</span> <span class='ocrx_word' id='word_1_127' title='bbox 1277 1051 1395 1086; x_wconf 87' lang='lat'>1177.</span> <span class='ocrx_word' id='word_1_128' title='bbox 1443 1048 1529 1086; x_wconf 76' lang='lat' dir='ltr'>Cas.</span> <span class='ocrx_word' id='word_1_129' title='bbox 1557 1049 1650 1086; x_wconf 84' lang='lat'>249.</span> <span class='ocrx_word' id='word_1_130' title='bbox 1683 1048 1788 1086; x_wconf 88' lang='lat' dir='ltr'>Trin.</span> 
     </span>
     <span class='ocr_line' id='line_1_14' title="bbox 336 1112 1791 1166; baseline -0.002 -10"><span class='ocrx_word' id='word_1_131' title='bbox 336 1119 428 1157; x_wconf 82' lang='lat'>326.</span> <span class='ocrx_word' id='word_1_132' title='bbox 466 1138 514 1142; x_wconf 74' lang='lat'><em>-</em></span> <span class='ocrx_word' id='word_1_133' title='bbox 551 1118 670 1155; x_wconf 82' lang='lat'>1068.</span> <span class='ocrx_word' id='word_1_134' title='bbox 718 1112 820 1165; x_wconf 74' lang='lat' dir='ltr'>Quid</span> <span class='ocrx_word' id='word_1_135' title='bbox 854 1119 938 1156; x_wconf 75' lang='lat' dir='ltr'>est?</span> <span class='ocrx_word' id='word_1_136' title='bbox 974 1120 1023 1156; x_wconf 72' lang='lat' dir='ltr'>ut</span> <span class='ocrx_word' id='word_1_137' title='bbox 1058 1118 1168 1156; x_wconf 74' lang='lat' dir='ltr'><em>ludo!</em></span> <span class='ocrx_word' id='word_1_138' title='bbox 1200 1118 1290 1154; x_wconf 88' lang='lat' dir='ltr'>Haec</span> <span class='ocrx_word' id='word_1_139' title='bbox 1322 1117 1439 1164; x_wconf 85' lang='lat' dir='ltr'>vulgo</span> <span class='ocrx_word' id='word_1_140' title='bbox 1471 1119 1601 1154; x_wconf 83' lang='lat' dir='ltr'>iuncta</span> <span class='ocrx_word' id='word_1_141' title='bbox 1634 1115 1791 1166; x_wconf 86' lang='lat' dir='ltr'>Milphi-</span> 
     </span>
     <span class='ocr_line' id='line_1_15' title="bbox 334 1184 1794 1236; baseline -0.002 -12"><span class='ocrx_word' id='word_1_142' title='bbox 334 1187 466 1236; x_wconf 83' lang='lat' dir='ltr'>dippae</span> <span class='ocrx_word' id='word_1_143' title='bbox 497 1186 653 1232; x_wconf 79' lang='lat' dir='ltr'>dantur,</span> <span class='ocrx_word' id='word_1_144' title='bbox 685 1187 838 1236; x_wconf 79' lang='lat' dir='ltr'>reliqua</span> <span class='ocrx_word' id='word_1_145' title='bbox 870 1187 1128 1224; x_wconf 80' lang='lat' dir='ltr'>Palaestrioni.</span> <span class='ocrx_word' id='word_1_146' title='bbox 1183 1185 1258 1222; x_wconf 81' lang='lat' dir='ltr'>Sed</span> <span class='ocrx_word' id='word_1_147' title='bbox 1290 1185 1396 1222; x_wconf 86' lang='lat' dir='ltr'>illam</span> <span class='ocrx_word' id='word_1_148' title='bbox 1430 1198 1545 1234; x_wconf 75' lang='lat' dir='ltr'>quam</span> <span class='ocrx_word' id='word_1_149' title='bbox 1577 1184 1679 1222; x_wconf 88' lang='lat' dir='ltr'>hunc</span> <span class='ocrx_word' id='word_1_150' title='bbox 1709 1185 1794 1221; x_wconf 76' lang='lat' dir='ltr'>veri</span> 
     </span>
     <span class='ocr_line' id='line_1_16' title="bbox 333 1253 1791 1303; baseline -0.001 -11"><span class='ocrx_word' id='word_1_151' title='bbox 333 1256 498 1292; x_wconf 84' lang='lat' dir='ltr'>similius</span> <span class='ocrx_word' id='word_1_152' title='bbox 545 1259 603 1291; x_wconf 77' lang='lat' dir='ltr'>est</span> <span class='ocrx_word' id='word_1_153' title='bbox 651 1256 771 1291; x_wconf 83' lang='lat' dir='ltr'>risum</span> <span class='ocrx_word' id='word_1_154' title='bbox 812 1257 1015 1292; x_wconf 77' lang='lat' dir='ltr'>continere</span> <span class='ocrx_word' id='word_1_155' title='bbox 1055 1267 1132 1290; x_wconf 89' lang='lat' dir='ltr'>non</span> <span class='ocrx_word' id='word_1_156' title='bbox 1170 1254 1356 1303; x_wconf 83' lang='lat' dir='ltr'>potuisse.</span> <span class='ocrx_word' id='word_1_157' title='bbox 1427 1253 1633 1290; x_wconf 75' lang='lat' dir='ltr'>Palaestrio</span> <span class='ocrx_word' id='word_1_158' title='bbox 1671 1254 1791 1290; x_wconf 75' lang='lat' dir='ltr'>inter-</span> 
     </span>
     <span class='ocr_line' id='line_1_17' title="bbox 335 1320 1791 1372; baseline -0.001 -13"><span class='ocrx_word' id='word_1_159' title='bbox 335 1328 456 1372; x_wconf 84' lang='lat' dir='ltr'>rogat,</span> <span class='ocrx_word' id='word_1_160' title='bbox 489 1323 584 1371; x_wconf 86' lang='lat' dir='ltr'>quid</span> <span class='ocrx_word' id='word_1_161' title='bbox 617 1324 681 1368; x_wconf 83' lang='lat' dir='ltr'>sit,</span> <span class='ocrx_word' id='word_1_162' title='bbox 715 1324 820 1372; x_wconf 90' lang='lat' dir='ltr'>quod</span> <span class='ocrx_word' id='word_1_163' title='bbox 851 1323 989 1360; x_wconf 88' lang='lat' dir='ltr'>faciem</span> <span class='ocrx_word' id='word_1_164' title='bbox 1022 1326 1196 1369; x_wconf 79' lang='lat' dir='ltr'>avertat3</span> <span class='ocrx_word' id='word_1_165' title='bbox 1229 1321 1297 1359; x_wconf 83' lang='lat' dir='ltr'>illa</span> <span class='ocrx_word' id='word_1_166' title='bbox 1328 1320 1539 1370; x_wconf 78' lang='lat' dir='ltr'>respondet</span> <span class='ocrx_word' id='word_1_167' title='bbox 1575 1334 1615 1358; x_wconf 87' lang='lat' dir='ltr'>se</span> <span class='ocrx_word' id='word_1_168' title='bbox 1646 1323 1685 1358; x_wconf 85' lang='lat' dir='ltr'>in</span> <span class='ocrx_word' id='word_1_169' title='bbox 1719 1321 1791 1358; x_wconf 79' lang='lat' dir='ltr'>tali</span> 
     </span>
     <span class='ocr_line' id='line_1_18' title="bbox 334 1389 1792 1441; baseline -0.001 -13"><span class='ocrx_word' id='word_1_170' title='bbox 334 1391 425 1428; x_wconf 83' lang='lat' dir='ltr'>ludo</span> <span class='ocrx_word' id='word_1_171' title='bbox 466 1404 542 1429; x_wconf 90' lang='lat' dir='ltr'>non</span> <span class='ocrx_word' id='word_1_172' title='bbox 584 1390 715 1427; x_wconf 83' lang='lat' dir='ltr'>ridere</span> <span class='ocrx_word' id='word_1_173' title='bbox 754 1405 831 1428; x_wconf 87' lang='lat' dir='ltr'>non</span> <span class='ocrx_word' id='word_1_174' title='bbox 863 1391 1075 1441; x_wconf 83' lang='lat' dir='ltr'>posse.&#39;—</span> <span class='ocrx_word' id='word_1_175' title='bbox 1105 1390 1275 1438; x_wconf 77' lang='lat' dir='ltr'><em>equidem</em></span> <span class='ocrx_word' id='word_1_176' title='bbox 1305 1389 1418 1426; x_wconf 90' lang='lat' dir='ltr'>Both.</span> <span class='ocrx_word' id='word_1_177' title='bbox 1454 1389 1550 1426; x_wconf 89' lang='lat' dir='ltr'>Tum</span> <span class='ocrx_word' id='word_1_178' title='bbox 1584 1389 1648 1427; x_wconf 90' lang='lat' dir='ltr'>R.:</span> <span class='ocrx_word' id='word_1_179' title='bbox 1686 1391 1792 1438; x_wconf 78' lang='lat' dir='ltr'>„risu</span> 
     </span>
    </p>
   </div>
   <div class='ocr_carea' id='block_1_4' title="bbox 336 1447 1867 1509">
    <p class='ocr_par' dir='ltr' id='par_1_4' title="bbox 336 1447 1867 1509">
     <span class='ocr_line' id='line_1_19' title="bbox 336 1447 1867 1509; baseline -0.001 -12"><span class='ocrx_word' id='word_1_180' title='bbox 336 1459 648 1498; x_wconf 82' lang='lat' dir='ltr'>admoderarier.</span> <span class='ocrx_word' id='word_1_181' title='bbox 698 1459 770 1496; x_wconf 92' lang='grc' dir='ltr'>ΜΙ.</span> <span class='ocrx_word' id='word_1_182' title='bbox 819 1459 977 1509; x_wconf 81' lang='lat' dir='ltr'>Ergo“;</span> <span class='ocrx_word' id='word_1_183' title='bbox 1017 1459 1140 1508; x_wconf 86' lang='lat' dir='ltr'>Bugg.</span> <span class='ocrx_word' id='word_1_184' title='bbox 1182 1458 1324 1508; x_wconf 80' lang='lat' dir='ltr'>Opusc.</span> <span class='ocrx_word' id='word_1_185' title='bbox 1369 1458 1416 1494; x_wconf 84' lang='lat' dir='ltr'>ad</span> <span class='ocrx_word' id='word_1_186' title='bbox 1454 1458 1587 1495; x_wconf 80' lang='lat' dir='ltr'><strong>Madv,</strong></span> <span class='ocrx_word' id='word_1_187' title='bbox 1620 1470 1658 1506; x_wconf 93' lang='lat' dir='ltr'>p.</span> <span class='ocrx_word' id='word_1_188' title='bbox 1694 1458 1792 1495; x_wconf 87' lang='lat'>170:</span> <span class='ocrx_word' id='word_1_189' title='bbox 1862 1447 1867 1451; x_wconf 32' lang='grc' dir='ltr'>ι</span> 
     </span>
    </p>
   </div>
   <div class='ocr_carea' id='block_1_5' title="bbox 336 1521 1792 1713">
    <p class='ocr_par' dir='ltr' id='par_1_5' title="bbox 336 1521 1792 1713">
     <span class='ocr_line' id='line_1_20' title="bbox 339 1521 1792 1577; baseline -0.001 -12"><span class='ocrx_word' id='word_1_190' title='bbox 339 1529 444 1577; x_wconf 84' lang='lat' dir='ltr'>„risu</span> <span class='ocrx_word' id='word_1_191' title='bbox 477 1541 560 1565; x_wconf 86' lang='lat' dir='ltr'>meo</span> <span class='ocrx_word' id='word_1_192' title='bbox 594 1527 802 1565; x_wconf 81' lang='lat' dir='ltr'>moderari.</span> <span class='ocrx_word' id='word_1_193' title='bbox 849 1528 921 1565; x_wconf 88' lang='grc' dir='ltr'>ΜΙ.</span> <span class='ocrx_word' id='word_1_194' title='bbox 970 1527 1022 1565; x_wconf 74' lang='lat' dir='ltr'>Et</span> <span class='ocrx_word' id='word_1_195' title='bbox 1053 1521 1174 1575; x_wconf 74' lang='lat' dir='ltr'>ego“;</span> <span class='ocrx_word' id='word_1_196' title='bbox 1207 1539 1299 1574; x_wconf 83' lang='lat' dir='ltr'>ego:</span> <span class='ocrx_word' id='word_1_197' title='bbox 1339 1527 1423 1564; x_wconf 72' lang='lat' dir='ltr'>risu</span> <span class='ocrx_word' id='word_1_198' title='bbox 1452 1535 1533 1564; x_wconf 81' lang='lat' dir='ltr'>meo</span> <span class='ocrx_word' id='word_1_199' title='bbox 1562 1527 1641 1563; x_wconf 79' lang='lat' dir='ltr'>iam</span> <span class='ocrx_word' id='word_1_200' title='bbox 1669 1525 1792 1564; x_wconf 80' lang='lat' dir='ltr'>mode-</span> 
     </span>
     <span class='ocr_line' id='line_1_21' title="bbox 336 1593 1791 1644; baseline -0.001 -10"><span class='ocrx_word' id='word_1_201' title='bbox 336 1598 432 1634; x_wconf 76' lang='lat' dir='ltr'>rari.</span> <span class='ocrx_word' id='word_1_202' title='bbox 474 1617 524 1621; x_wconf 90' lang='grc'>-</span> <span class='ocrx_word' id='word_1_203' title='bbox 569 1596 687 1634; x_wconf 91' lang='lat'>1070.</span> <span class='ocrx_word' id='word_1_204' title='bbox 727 1596 854 1634; x_wconf 75' lang='lat' dir='ltr'>habeo.</span> <span class='ocrx_word' id='word_1_205' title='bbox 917 1596 1132 1633; x_wconf 68' lang='lat' dir='ltr'>Beckerum</span> <span class='ocrx_word' id='word_1_206' title='bbox 1167 1598 1205 1632; x_wconf 85' lang='lat' dir='ltr'>in</span> <span class='ocrx_word' id='word_1_207' title='bbox 1237 1594 1414 1632; x_wconf 77' lang='lat' dir='ltr'>Studem.</span> <span class='ocrx_word' id='word_1_208' title='bbox 1449 1593 1558 1631; x_wconf 77' lang='lat' dir='ltr'>Stud.</span> <span class='ocrx_word' id='word_1_209' title='bbox 1591 1593 1610 1630; x_wconf 96' lang='lat' dir='ltr'>I</span> <span class='ocrx_word' id='word_1_210' title='bbox 1640 1607 1680 1644; x_wconf 90' lang='lat' dir='ltr'>p.</span> <span class='ocrx_word' id='word_1_211' title='bbox 1713 1595 1791 1632; x_wconf 83' lang='lat'>219</span> 
     </span>
     <span class='ocr_line' id='line_1_22' title="bbox 341 1660 1791 1713; baseline -0.002 -11"><span class='ocrx_word' id='word_1_212' title='bbox 341 1660 556 1713; x_wconf 77' lang='lat' dir='ltr'>„habeam“</span> <span class='ocrx_word' id='word_1_213' title='bbox 588 1666 822 1702; x_wconf 80' lang='lat' dir='ltr'><strong>scribentem</strong></span> <span class='ocrx_word' id='word_1_214' title='bbox 856 1678 932 1703; x_wconf 89' lang='lat' dir='ltr'>non</span> <span class='ocrx_word' id='word_1_215' title='bbox 963 1677 1117 1713; x_wconf 80' lang='lat' dir='ltr'>sequor,</span> <span class='ocrx_word' id='word_1_216' title='bbox 1157 1678 1192 1700; x_wconf 90' lang='lat' dir='ltr'>v.</span> <span class='ocrx_word' id='word_1_217' title='bbox 1226 1663 1273 1701; x_wconf 80' lang='lat' dir='ltr'>ad</span> <span class='ocrx_word' id='word_1_218' title='bbox 1306 1662 1446 1712; x_wconf 86' lang='lat' dir='ltr'>Amph.</span> <span class='ocrx_word' id='word_1_219' title='bbox 1485 1664 1547 1699; x_wconf 90' lang='lat'>17.</span> <span class='ocrx_word' id='word_1_220' title='bbox 1584 1681 1635 1687; x_wconf 77' lang='lat'>——</span> <span class='ocrx_word' id='word_1_221' title='bbox 1673 1661 1791 1700; x_wconf 91' lang='lat'>1071.</span> 
     </span>
    </p>
   </div>
   <div class='ocr_carea' id='block_1_6' title="bbox 337 1729 1878 1780">
    <p class='ocr_par' dir='ltr' id='par_1_6' title="bbox 337 1729 1878 1780">
     <span class='ocr_line' id='line_1_23' title="bbox 337 1729 1878 1780; baseline -0.003 -9"><span class='ocrx_word' id='word_1_222' title='bbox 337 1736 483 1779; x_wconf 74' lang='lat' dir='ltr'>contra,</span> <span class='ocrx_word' id='word_1_223' title='bbox 509 1748 544 1770; x_wconf 88' lang='lat' dir='ltr'>v.</span> <span class='ocrx_word' id='word_1_224' title='bbox 573 1733 623 1770; x_wconf 83' lang='lat' dir='ltr'>ad</span> <span class='ocrx_word' id='word_1_225' title='bbox 648 1732 742 1770; x_wconf 87' lang='lat'>200.</span> <span class='ocrx_word' id='word_1_226' title='bbox 775 1752 828 1757; x_wconf 93' lang='lat'><strong>—</strong></span> <span class='ocrx_word' id='word_1_227' title='bbox 864 1734 983 1770; x_wconf 91' lang='lat'>1072.</span> <span class='ocrx_word' id='word_1_228' title='bbox 1016 1732 1118 1769; x_wconf 81' lang='lat' dir='ltr'>Ante</span> <span class='ocrx_word' id='word_1_229' title='bbox 1150 1743 1248 1780; x_wconf 76' lang='lat' dir='ltr'><em>quas</em></span> <span class='ocrx_word' id='word_1_230' title='bbox 1281 1732 1441 1768; x_wconf 81' lang='lat' dir='ltr'>auditur·</span> <span class='ocrx_word' id='word_1_231' title='bbox 1462 1743 1531 1777; x_wconf 86' lang='lat' dir='ltr'>„ex</span> <span class='ocrx_word' id='word_1_232' title='bbox 1563 1729 1651 1777; x_wconf 81' lang='lat' dir='ltr'>iis“,</span> <span class='ocrx_word' id='word_1_233' title='bbox 1677 1743 1712 1766; x_wconf 87' lang='lat' dir='ltr'>v.</span> <span class='ocrx_word' id='word_1_234' title='bbox 1746 1729 1798 1767; x_wconf 74' lang='lat' dir='ltr'>ad</span> <span class='ocrx_word' id='word_1_235' title='bbox 1871 1743 1878 1749; x_wconf 69' lang='grc'><em>“</em></span> 
     </span>
    </p>
   </div>
   <div class='ocr_carea' id='block_1_7' title="bbox 334 1795 1801 2464">
    <p class='ocr_par' dir='ltr' id='par_1_7' title="bbox 334 1795 1801 2464">
     <span class='ocr_line' id='line_1_24' title="bbox 334 1795 1792 1852; baseline -0.002 -13"><span class='ocrx_word' id='word_1_236' title='bbox 334 1802 478 1852; x_wconf 89' lang='lat' dir='ltr'>Amph.</span> <span class='ocrx_word' id='word_1_237' title='bbox 514 1803 576 1839; x_wconf 86' lang='lat'>38.</span> <span class='ocrx_word' id='word_1_238' title='bbox 611 1820 665 1825; x_wconf 97' lang='lat'><strong>—</strong></span> <span class='ocrx_word' id='word_1_239' title='bbox 701 1802 818 1839; x_wconf 88' lang='lat'>1074.</span> <span class='ocrx_word' id='word_1_240' title='bbox 854 1795 957 1848; x_wconf 70' lang='lat' dir='ltr'>Quin</span> <span class='ocrx_word' id='word_1_241' title='bbox 988 1807 1025 1838; x_wconf 80' lang='lat' dir='ltr'>et</span> <span class='ocrx_word' id='word_1_242' title='bbox 1055 1801 1102 1839; x_wconf 84' lang='lat' dir='ltr'>ab</span> <span class='ocrx_word' id='word_1_243' title='bbox 1132 1800 1256 1839; x_wconf 82' lang='lat' dir='ltr'>saeclo</span> <span class='ocrx_word' id='word_1_244' title='bbox 1288 1800 1346 1837; x_wconf 88' lang='lat' dir='ltr'>ed.</span> <span class='ocrx_word' id='word_1_245' title='bbox 1380 1811 1438 1848; x_wconf 89' lang='lat' dir='ltr'>pr.</span> <span class='ocrx_word' id='word_1_246' title='bbox 1485 1798 1584 1836; x_wconf 91' lang='lat' dir='ltr'>Non.</span> <span class='ocrx_word' id='word_1_247' title='bbox 1616 1813 1654 1849; x_wconf 86' lang='lat' dir='ltr'>p.</span> <span class='ocrx_word' id='word_1_248' title='bbox 1688 1799 1792 1836; x_wconf 84' lang='lat'>499:</span> 
     </span>
     <span class='ocr_line' id='line_1_25' title="bbox 341 1867 1793 1921; baseline -0.003 -14"><span class='ocrx_word' id='word_1_249' title='bbox 341 1870 531 1921; x_wconf 81' lang='lat' dir='ltr'>„Plautus</span> <span class='ocrx_word' id='word_1_250' title='bbox 563 1870 714 1907; x_wconf 80' lang='lat' dir='ltr'>Milite:</span> <span class='ocrx_word' id='word_1_251' title='bbox 757 1872 823 1919; x_wconf 92' lang='lat' dir='ltr'>qui</span> <span class='ocrx_word' id='word_1_252' title='bbox 866 1870 971 1906; x_wconf 83' lang='lat' dir='ltr'>mille</span> <span class='ocrx_word' id='word_1_253' title='bbox 1012 1883 1203 1907; x_wconf 85' lang='lat' dir='ltr'>annorum</span> <span class='ocrx_word' id='word_1_254' title='bbox 1234 1874 1428 1919; x_wconf 84' lang='lat' dir='ltr'>perpetuo</span> <span class='ocrx_word' id='word_1_255' title='bbox 1458 1869 1602 1905; x_wconf 80' lang='lat' dir='ltr'>uiuunt</span> <span class='ocrx_word' id='word_1_256' title='bbox 1633 1867 1681 1904; x_wconf 83' lang='lat' dir='ltr'>ad</span> <span class='ocrx_word' id='word_1_257' title='bbox 1712 1879 1793 1903; x_wconf 76' lang='lat' dir='ltr'>sae-</span> 
     </span>
     <span class='ocr_line' id='line_1_26' title="bbox 335 1936 1792 1987; baseline -0.003 -11"><span class='ocrx_word' id='word_1_258' title='bbox 335 1939 423 1976; x_wconf 87' lang='lat' dir='ltr'>culo</span> <span class='ocrx_word' id='word_1_259' title='bbox 462 1951 534 1987; x_wconf 88' lang='lat' dir='ltr'>pro</span> <span class='ocrx_word' id='word_1_260' title='bbox 581 1938 630 1975; x_wconf 82' lang='lat' dir='ltr'>ad</span> <span class='ocrx_word' id='word_1_261' title='bbox 678 1936 918 1976; x_wconf 77' lang='lat' dir='ltr'>saeculum“.</span> <span class='ocrx_word' id='word_1_262' title='bbox 951 1957 1005 1962; x_wconf 87' lang='lat'><em>-</em></span> <span class='ocrx_word' id='word_1_263' title='bbox 1042 1939 1159 1975; x_wconf 92' lang='lat'>1076.</span> <span class='ocrx_word' id='word_1_264' title='bbox 1207 1938 1321 1975; x_wconf 67' lang='lat' dir='ltr'>Perii.</span> <span class='ocrx_word' id='word_1_265' title='bbox 1383 1936 1603 1974; x_wconf 80' lang='lat' dir='ltr'>Admiratio</span> <span class='ocrx_word' id='word_1_266' title='bbox 1649 1936 1792 1973; x_wconf 76' lang='lat' dir='ltr'>comice</span> 
     </span>
     <span class='ocr_line' id='line_1_27' title="bbox 336 1997 1793 2056; baseline -0.003 -13"><span class='ocrx_word' id='word_1_267' title='bbox 336 2006 512 2044; x_wconf 85' lang='lat' dir='ltr'>horroris</span> <span class='ocrx_word' id='word_1_268' title='bbox 544 2009 714 2056; x_wconf 83' lang='lat' dir='ltr'>speciem</span> <span class='ocrx_word' id='word_1_269' title='bbox 746 2006 885 2052; x_wconf 80' lang='lat' dir='ltr'>induit,</span> <span class='ocrx_word' id='word_1_270' title='bbox 918 2007 966 2043; x_wconf 87' lang='lat' dir='ltr'>cf.</span> <span class='ocrx_word' id='word_1_271' title='bbox 998 2007 1155 2044; x_wconf 84' lang='lat' dir='ltr'>Trucul.</span> <span class='ocrx_word' id='word_1_272' title='bbox 1190 2007 1291 2043; x_wconf 89' lang='lat'>679:</span> <span class='ocrx_word' id='word_1_273' title='bbox 1328 2005 1458 2055; x_wconf 78' lang='lat' dir='ltr'>„Perii</span> <span class='ocrx_word' id='word_1_274' title='bbox 1491 1997 1793 2040; x_wconf 73' lang='lat' dir='ltr'>rabonem!“—</span> 
     </span>
     <span class='ocr_line' id='line_1_28' title="bbox 339 2069 1796 2126; baseline -0.003 -14"><span class='ocrx_word' id='word_1_275' title='bbox 339 2076 459 2113; x_wconf 91' lang='lat'>1077.</span> <span class='ocrx_word' id='word_1_276' title='bbox 492 2075 701 2113; x_wconf 75' lang='lat' dir='ltr'><em>Postriduo</em></span> <span class='ocrx_word' id='word_1_277' title='bbox 732 2088 805 2125; x_wconf 88' lang='lat' dir='ltr'>pro</span> <span class='ocrx_word' id='word_1_278' title='bbox 839 2069 1086 2126; x_wconf 79' lang='lat' dir='ltr'>„postridie“</span> <span class='ocrx_word' id='word_1_279' title='bbox 1120 2076 1192 2112; x_wconf 87' lang='lat' dir='ltr'>hoc</span> <span class='ocrx_word' id='word_1_280' title='bbox 1223 2087 1300 2112; x_wconf 86' lang='lat' dir='ltr'>uno</span> <span class='ocrx_word' id='word_1_281' title='bbox 1331 2075 1416 2111; x_wconf 90' lang='lat' dir='ltr'>loco</span> <span class='ocrx_word' id='word_1_282' title='bbox 1443 2075 1583 2109; x_wconf 79' lang='lat' dir='ltr'>exstat.</span> <span class='ocrx_word' id='word_1_283' title='bbox 1620 2091 1667 2097; x_wconf 91' lang='lat'>—</span> <span class='ocrx_word' id='word_1_284' title='bbox 1708 2069 1796 2120; x_wconf 78' lang='lat' dir='ltr'>Ops,</span> 
     </span>
     <span class='ocr_line' id='line_1_29' title="bbox 336 2140 1795 2193; baseline -0.003 -13"><span class='ocrx_word' id='word_1_285' title='bbox 336 2142 497 2180; x_wconf 84' lang='lat' dir='ltr'><strong>Saturni</strong></span> <span class='ocrx_word' id='word_1_286' title='bbox 528 2157 639 2187; x_wconf 86' lang='lat' dir='ltr'>uxor,</span> <span class='ocrx_word' id='word_1_287' title='bbox 673 2144 718 2181; x_wconf 91' lang='lat' dir='ltr'>cf.</span> <span class='ocrx_word' id='word_1_288' title='bbox 753 2143 846 2181; x_wconf 83' lang='lat' dir='ltr'>Cist.</span> <span class='ocrx_word' id='word_1_289' title='bbox 875 2145 969 2182; x_wconf 90' lang='lat'>340.</span> <span class='ocrx_word' id='word_1_290' title='bbox 1001 2143 1108 2180; x_wconf 78' lang='lat' dir='ltr'>Pers.</span> <span class='ocrx_word' id='word_1_291' title='bbox 1137 2144 1236 2181; x_wconf 83' lang='lat'>251:</span> <span class='ocrx_word' id='word_1_292' title='bbox 1273 2142 1386 2193; x_wconf 81' lang='lat' dir='ltr'>„Ioui</span> <span class='ocrx_word' id='word_1_293' title='bbox 1410 2141 1610 2190; x_wconf 84' lang='lat' dir='ltr'>opulento,</span> <span class='ocrx_word' id='word_1_294' title='bbox 1636 2140 1795 2184; x_wconf 87' lang='lat' dir='ltr'>incluto,</span> 
     </span>
     <span class='ocr_line' id='line_1_30' title="bbox 337 2207 1795 2261; baseline -0.005 -11"><span class='ocrx_word' id='word_1_295' title='bbox 337 2211 420 2261; x_wconf 89' lang='lat' dir='ltr'>Ope</span> <span class='ocrx_word' id='word_1_296' title='bbox 462 2208 624 2261; x_wconf 81' lang='lat' dir='ltr'>gnato“.</span> <span class='ocrx_word' id='word_1_297' title='bbox 657 2232 713 2237; x_wconf 93' lang='lat'>—</span> <span class='ocrx_word' id='word_1_298' title='bbox 748 2213 866 2251; x_wconf 79' lang='lat'>1079.</span> <span class='ocrx_word' id='word_1_299' title='bbox 898 2212 1010 2249; x_wconf 80' lang='lat' dir='ltr'>sz’m’te</span> <span class='ocrx_word' id='word_1_300' title='bbox 1040 2211 1200 2249; x_wconf 84' lang='lat' dir='ltr'>abeam.</span> <span class='ocrx_word' id='word_1_301' title='bbox 1223 2243 1228 2248; x_wconf 97' lang='lat'>.</span> <span class='ocrx_word' id='word_1_302' title='bbox 1250 2239 1256 2247; x_wconf 94' lang='lat'>.</span> <span class='ocrx_word' id='word_1_303' title='bbox 1276 2211 1393 2255; x_wconf 57' lang='lat' dir='ltr'>uiam</span> <span class='ocrx_word' id='word_1_304' title='bbox 1423 2214 1580 2246; x_wconf 78' lang='lat' dir='ltr'>veretur</span> <span class='ocrx_word' id='word_1_305' title='bbox 1610 2222 1657 2246; x_wconf 89' lang='lat' dir='ltr'>ne</span> <span class='ocrx_word' id='word_1_306' title='bbox 1690 2207 1795 2245; x_wconf 77' lang='lat' dir='ltr'>vani-</span> 
     </span>
     <span class='ocr_line' id='line_1_31' title="bbox 338 2273 1795 2329; baseline -0.003 -13"><span class='ocrx_word' id='word_1_307' title='bbox 338 2283 423 2317; x_wconf 80' lang='lat' dir='ltr'>tate</span> <span class='ocrx_word' id='word_1_308' title='bbox 455 2284 494 2317; x_wconf 79' lang='lat' dir='ltr'>et</span> <span class='ocrx_word' id='word_1_309' title='bbox 526 2282 686 2329; x_wconf 86' lang='lat' dir='ltr'>ineptiis</span> <span class='ocrx_word' id='word_1_310' title='bbox 718 2294 757 2317; x_wconf 82' lang='lat' dir='ltr'>se</span> <span class='ocrx_word' id='word_1_311' title='bbox 788 2285 963 2324; x_wconf 83' lang='lat' dir='ltr'>enecent,</span> <span class='ocrx_word' id='word_1_312' title='bbox 997 2280 1044 2317; x_wconf 84' lang='lat' dir='ltr'>cf.</span> <span class='ocrx_word' id='word_1_313' title='bbox 1078 2279 1239 2317; x_wconf 86' lang='lat' dir='ltr'>Theocr.</span> <span class='ocrx_word' id='word_1_314' title='bbox 1272 2279 1330 2316; x_wconf 87' lang='lat' dir='ltr'>Id.</span> <span class='ocrx_word' id='word_1_315' title='bbox 1366 2280 1403 2323; x_wconf 84' lang='lat'>5,</span> <span class='ocrx_word' id='word_1_316' title='bbox 1435 2277 1486 2314; x_wconf 86' lang='lat'>78</span> <span class='ocrx_word' id='word_1_317' title='bbox 1519 2289 1598 2327; x_wconf 84' lang='lat' dir='ltr'>sq.:</span> <span class='ocrx_word' id='word_1_318' title='bbox 1628 2273 1694 2314; x_wconf 81' lang='grc' dir='ltr'>Εἷα</span> <span class='ocrx_word' id='word_1_319' title='bbox 1711 2274 1795 2326; x_wconf 68' lang='grc' dir='ltr'><strong><em>λέγ’,</em></strong></span> 
     </span>
     <span class='ocr_line' id='line_1_32' title="bbox 336 2342 1795 2398; baseline -0.002 -14"><span class='ocrx_word' id='word_1_320' title='bbox 336 2350 372 2384; x_wconf 75' lang='grc' dir='ltr'>εἴ</span> <span class='ocrx_word' id='word_1_321' title='bbox 405 2363 437 2384; x_wconf 87' lang='grc' dir='ltr'>τι</span> <span class='ocrx_word' id='word_1_322' title='bbox 476 2349 598 2398; x_wconf 79' lang='grc' dir='ltr'><strong><em>λέγεις,</em></strong></span> <span class='ocrx_word' id='word_1_323' title='bbox 640 2349 699 2385; x_wconf 82' lang='grc' dir='ltr'>καὶ</span> <span class='ocrx_word' id='word_1_324' title='bbox 737 2349 799 2385; x_wconf 80' lang='grc' dir='ltr'>τὸν</span> <span class='ocrx_word' id='word_1_325' title='bbox 839 2351 936 2391; x_wconf 82' lang='grc' dir='ltr'><strong><em>ξένον</em></strong></span> <span class='ocrx_word' id='word_1_326' title='bbox 967 2352 1001 2390; x_wconf 82' lang='grc' dir='ltr'>ἐς</span> <span class='ocrx_word' id='word_1_327' title='bbox 1032 2349 1137 2385; x_wconf 81' lang='grc' dir='ltr'><strong><em>πόλιν</em></strong></span> <span class='ocrx_word' id='word_1_328' title='bbox 1168 2342 1278 2390; x_wconf 67' lang='grc' dir='ltr'><strong><em>αὖθις</em></strong></span> <span class='ocrx_word' id='word_1_329' title='bbox 1310 2346 1407 2390; x_wconf 77' lang='grc' dir='ltr'><strong><em>ζῶντ’</em></strong></span> <span class='ocrx_word' id='word_1_330' title='bbox 1441 2346 1537 2392; x_wconf 69' lang='grc' dir='ltr'><strong><em>ἄφες.</em></strong></span> <span class='ocrx_word' id='word_1_331' title='bbox 1597 2344 1795 2394; x_wconf 79' lang='lat' dir='ltr'>Theophr.</span> 
     </span>
     <span class='ocr_line' id='line_1_33' title="bbox 339 2410 1801 2464; baseline -0.003 -11"><span class='ocrx_word' id='word_1_332' title='bbox 339 2416 452 2454; x_wconf 84' lang='lat' dir='ltr'>Char.</span> <span class='ocrx_word' id='word_1_333' title='bbox 482 2418 503 2455; x_wconf 90' lang='lat'><strong>3</strong></span> <span class='ocrx_word' id='word_1_334' title='bbox 536 2422 655 2454; x_wconf 60' lang='lat' dir='ltr'>extu:</span> <span class='ocrx_word' id='word_1_335' title='bbox 689 2417 743 2453; x_wconf 84' lang='grc' dir='ltr'>δεῖ</span> <span class='ocrx_word' id='word_1_336' title='bbox 773 2416 1074 2453; x_wconf 74' lang='grc' dir='ltr'><em>ἀπαλλάττεσθαι</em></span> <span class='ocrx_word' id='word_1_337' title='bbox 1105 2417 1200 2458; x_wconf 75' lang='grc' dir='ltr'><strong><em>ὅστις</em></strong></span> <span class='ocrx_word' id='word_1_338' title='bbox 1231 2415 1405 2464; x_wconf 67' lang='grc' dir='ltr'><em>ἀπύρετος</em></span> <span class='ocrx_word' id='word_1_339' title='bbox 1435 2412 1598 2462; x_wconf 68' lang='grc' dir='ltr'><strong><em>βούλεται</em></strong></span> <span class='ocrx_word' id='word_1_340' title='bbox 1628 2410 1726 2449; x_wconf 78' lang='grc' dir='ltr'><strong><em>εἶναι.</em></strong></span> <span class='ocrx_word' id='word_1_341' title='bbox 1745 2430 1801 2437; x_wconf 92' lang='grc'>-</span> 
     </span>
    </p>
   </div>
   <div class='ocr_carea' id='block_1_8' title="bbox 341 2479 1858 2535">
    <p class='ocr_par' dir='ltr' id='par_1_8' title="bbox 341 2479 1858 2535">
     <span class='ocr_line' id='line_1_34' title="bbox 341 2479 1858 2535; baseline -0.003 -13"><span class='ocrx_word' id='word_1_342' title='bbox 341 2485 463 2523; x_wconf 85' lang='grc'><strong>1081.</strong></span> <span class='ocrx_word' id='word_1_343' title='bbox 511 2496 630 2533; x_wconf 77' lang='lat' dir='ltr'>quam</span> <span class='ocrx_word' id='word_1_344' title='bbox 676 2485 764 2523; x_wconf 83' lang='lat' dir='ltr'>add.</span> <span class='ocrx_word' id='word_1_345' title='bbox 804 2485 862 2523; x_wconf 90' lang='lat' dir='ltr'>ed.</span> <span class='ocrx_word' id='word_1_346' title='bbox 904 2499 979 2535; x_wconf 85' lang='lat' dir='ltr'>pr.,</span> <span class='ocrx_word' id='word_1_347' title='bbox 1020 2485 1087 2523; x_wconf 80' lang='lat' dir='ltr'>sed</span> <span class='ocrx_word' id='word_1_348' title='bbox 1129 2490 1220 2522; x_wconf 76' lang='lat' dir='ltr'>ante</span> <span class='ocrx_word' id='word_1_349' title='bbox 1252 2484 1591 2533; x_wconf 77' lang='lat' dir='ltr'>praepositiouem3</span> <span class='ocrx_word' id='word_1_350' title='bbox 1624 2481 1661 2518; x_wconf 84' lang='lat' dir='ltr'>h.</span> <span class='ocrx_word' id='word_1_351' title='bbox 1692 2480 1716 2518; x_wconf 91' lang='lat' dir='ltr'>l.</span> <span class='ocrx_word' id='word_1_352' title='bbox 1752 2479 1798 2517; x_wconf 87' lang='lat' dir='ltr'>R.</span> <span class='ocrx_word' id='word_1_353' title='bbox 1847 2504 1858 2507; x_wconf 25' lang='lat' dir='ltr'>x</span> 
     </span>
    </p>
   </div>
   <div class='ocr_carea' id='block_1_9' title="bbox 337 2543 1799 2806">
    <p class='ocr_par' dir='ltr' id='par_1_9' title="bbox 337 2543 1799 2806">
     <span class='ocr_line' id='line_1_35' title="bbox 337 2543 1798 2603; baseline -0.004 -12"><span class='ocrx_word' id='word_1_354' title='bbox 337 2572 391 2578; x_wconf 85' lang='lat'>—</span> <span class='ocrx_word' id='word_1_355' title='bbox 425 2553 532 2591; x_wconf 75' lang='lat' dir='ltr'>Num</span> <span class='ocrx_word' id='word_1_356' title='bbox 562 2554 655 2602; x_wconf 75' lang='lat' dir='ltr'>quid</span> <span class='ocrx_word' id='word_1_357' title='bbox 683 2554 774 2592; x_wconf 76' lang='lat' dir='ltr'>uis?</span> <span class='ocrx_word' id='word_1_358' title='bbox 803 2567 837 2590; x_wconf 81' lang='lat' dir='ltr'>v.</span> <span class='ocrx_word' id='word_1_359' title='bbox 871 2555 919 2591; x_wconf 83' lang='lat' dir='ltr'>ad</span> <span class='ocrx_word' id='word_1_360' title='bbox 954 2553 1096 2603; x_wconf 89' lang='lat' dir='ltr'>Amph.</span> <span class='ocrx_word' id='word_1_361' title='bbox 1123 2553 1215 2591; x_wconf 89' lang='lat'>538.</span> <span class='ocrx_word' id='word_1_362' title='bbox 1249 2572 1302 2577; x_wconf 92' lang='lat'><em>-</em></span> <span class='ocrx_word' id='word_1_363' title='bbox 1338 2552 1459 2589; x_wconf 85' lang='lat'>1083.</span> <span class='ocrx_word' id='word_1_364' title='bbox 1480 2543 1572 2598; x_wconf 80' lang='lat' dir='ltr'>„tu“</span> <span class='ocrx_word' id='word_1_365' title='bbox 1593 2549 1666 2587; x_wconf 82' lang='lat' dir='ltr'>del.</span> <span class='ocrx_word' id='word_1_366' title='bbox 1688 2547 1798 2586; x_wconf 84' lang='lat' dir='ltr'>Both.</span> 
     </span>
     <span class='ocr_line' id='line_1_36' title="bbox 339 2618 1797 2669; baseline -0.002 -12"><span class='ocrx_word' id='word_1_367' title='bbox 339 2623 439 2669; x_wconf 76' lang='lat' dir='ltr'>cett3</span> <span class='ocrx_word' id='word_1_368' title='bbox 472 2621 540 2659; x_wconf 78' lang='lat' dir='ltr'>sed</span> <span class='ocrx_word' id='word_1_369' title='bbox 572 2624 704 2660; x_wconf 84' lang='lat' dir='ltr'>nescio</span> <span class='ocrx_word' id='word_1_370' title='bbox 738 2636 786 2659; x_wconf 84' lang='lat' dir='ltr'>an</span> <span class='ocrx_word' id='word_1_371' title='bbox 819 2622 1045 2660; x_wconf 80' lang='lat' dir='ltr'>octonarius</span> <span class='ocrx_word' id='word_1_372' title='bbox 1077 2622 1116 2657; x_wconf 91' lang='lat' dir='ltr'>in</span> <span class='ocrx_word' id='word_1_373' title='bbox 1148 2625 1313 2657; x_wconf 81' lang='lat' dir='ltr'>exeunte</span> <span class='ocrx_word' id='word_1_374' title='bbox 1345 2631 1522 2657; x_wconf 78' lang='lat' dir='ltr'>sermone</span> <span class='ocrx_word' id='word_1_375' title='bbox 1547 2618 1638 2654; x_wconf 83' lang='lat' dir='ltr'>ferri</span> <span class='ocrx_word' id='word_1_376' title='bbox 1662 2618 1797 2666; x_wconf 74' lang='lat' dir='ltr'>possit.</span> 
     </span>
     <span class='ocr_line' id='line_1_37' title="bbox 339 2687 1799 2736; baseline -0.003 -10"><span class='ocrx_word' id='word_1_377' title='bbox 339 2689 546 2727; x_wconf 79' lang='lat' dir='ltr'>Palaestrio</span> <span class='ocrx_word' id='word_1_378' title='bbox 590 2690 799 2727; x_wconf 81' lang='lat' dir='ltr'>abeuntem</span> <span class='ocrx_word' id='word_1_379' title='bbox 840 2694 984 2736; x_wconf 82' lang='lat' dir='ltr'>monet,</span> <span class='ocrx_word' id='word_1_380' title='bbox 1022 2694 1060 2726; x_wconf 75' lang='lat' dir='ltr'>ut</span> <span class='ocrx_word' id='word_1_381' title='bbox 1104 2688 1206 2725; x_wconf 86' lang='lat' dir='ltr'>herae</span> <span class='ocrx_word' id='word_1_382' title='bbox 1238 2700 1315 2725; x_wconf 80' lang='lat' dir='ltr'>suae</span> <span class='ocrx_word' id='word_1_383' title='bbox 1349 2688 1478 2725; x_wconf 83' lang='lat' dir='ltr'>laetum</span> <span class='ocrx_word' id='word_1_384' title='bbox 1509 2687 1688 2724; x_wconf 81' lang='lat' dir='ltr'>nuntium</span> <span class='ocrx_word' id='word_1_385' title='bbox 1719 2688 1799 2721; x_wconf 81' lang='lat' dir='ltr'>tam</span> 
     </span>
     <span class='ocr_line' id='line_1_38' title="bbox 337 2752 1797 2806; baseline -0.003 -12"><span class='ocrx_word' id='word_1_386' title='bbox 337 2760 438 2794; x_wconf 82' lang='lat' dir='ltr'>scite</span> <span class='ocrx_word' id='word_1_387' title='bbox 478 2757 639 2803; x_wconf 68' lang='lat' dir='ltr'>afferet,</span> <span class='ocrx_word' id='word_1_388' title='bbox 687 2763 731 2796; x_wconf 85' lang='lat' dir='ltr'>ut</span> <span class='ocrx_word' id='word_1_389' title='bbox 769 2771 835 2795; x_wconf 85' lang='lat' dir='ltr'>cor</span> <span class='ocrx_word' id='word_1_390' title='bbox 874 2759 956 2794; x_wconf 81' lang='lat' dir='ltr'>eius</span> <span class='ocrx_word' id='word_1_391' title='bbox 989 2757 1135 2806; x_wconf 73' lang='lat' dir='ltr'>gaudio</span> <span class='ocrx_word' id='word_1_392' title='bbox 1169 2757 1362 2800; x_wconf 82' lang='lat' dir='ltr'>exsultet,</span> <span class='ocrx_word' id='word_1_393' title='bbox 1410 2755 1458 2792; x_wconf 89' lang='lat' dir='ltr'>cf.</span> <span class='ocrx_word' id='word_1_394' title='bbox 1492 2753 1597 2792; x_wconf 83' lang='lat' dir='ltr'>Pers.</span> <span class='ocrx_word' id='word_1_395' title='bbox 1632 2752 1667 2800; x_wconf 92' lang='lat'>3,</span> <span class='ocrx_word' id='word_1_396' title='bbox 1703 2752 1797 2790; x_wconf 84' lang='lat'>111:</span> 
     </span>
    </p>
   </div>
   <div class='ocr_carea' id='block_1_10' title="bbox 1807 0 1963 3243">
    <p class='ocr_par' dir='ltr' id='par_1_10' title="bbox 1807 0 1963 3243">
     <span class='ocr_line' id='line_1_39' title="bbox 1807 0 1963 3243; baseline 0 0"><span class='ocrx_word' id='word_1_397' title='bbox 1807 0 1963 3243; x_wconf 95' lang='lat' dir='ltr'> </span> 
     </span>
    </p>
   </div>
  </div>
 </body>
</html>
