1963 3243
307 180 386 219 302
876 176 984 210 Miles
1010 176 1204 220 gloriosus.

305 306 472 343 Palmer.
518 307 715 355 „quictem
755 304 898 343 malo“.
958 304 1075 353 Seyfl.
1113 305 1295 352 quiescat,
1337 304 1443 354 quod
1475 319 1561 343 cum
1593 305 1759 345 Goetzio

307 376 450 423 recepi.
480 393 535 399 —
570 375 689 412 1328.
721 374 912 421 recipiscit
942 372 1002 409 ed.
1035 385 1092 421 pr.
1129 391 1178 398 —
1210 383 1308 410 nexa
1336 372 1417 410 hice
1444 372 1585 412 habent
1608 374 1758 422 Lamb.,

306 442 373 479 sed
412 442 513 480 hisce
557 441 820 487 scribendum,
865 455 900 478 v.
948 442 996 477 ad
1042 440 1152 489 Capt.
1202 440 1266 477 35.
1330 440 1538 479 Pleusicles
1585 441 1759 481 Philoco-

306 510 471 547 masium
509 510 724 548 osculatur.
756 529 809 534 —
844 511 963 547 1329.
1001 508 1135 546 Labra
1173 509 1221 546 ab
1260 509 1405 547 labellis
1434 509 1549 555 aufer
1580 509 1757 549 Mueller.

270 587 273 590 ·
304 577 466 615 Nachtr.
504 590 542 626 p.
585 578 649 624 36,
690 578 737 614 cf.
770 577 910 614 Bacch.
943 578 1044 614 477:
1096 577 1231 623 „labra
1263 591 1284 613 a
1314 577 1434 614 labris
1465 590 1660 627 nusquam
1691 592 1759 616 au-

302 643 442 683 ferat“.
504 645 627 695 Bugg.
667 645 810 682 Philol.
848 644 962 682 XXX
1007 658 1046 694 p.
1094 645 1192 682 652:
1245 645 1380 692 „labra
1421 645 1470 682 ab
1508 645 1664 684 labellis
1703 647 1763 684 fer

304 711 439 750 mihi“.
474 733 527 738 —
557 716 692 760 nauta,
731 723 824 751 caue
854 713 1000 750 malum
1040 713 1163 761 Bugg.
1205 714 1227 749 l.
1262 713 1287 749 l.
1321 713 1368 750 cf.
1403 712 1544 750 Bacch.
1579 715 1673 752 462.
1707 733 1763 740 ——-

309 783 428 819 1330.
459 783 625 830 spiraret
654 781 757 819 Cam.
805 781 890 819 PY.
922 780 1070 818 Awrem
1090 781 1290 828 adpostam
1313 781 1483 828 oportuit
1512 781 1606 829 Leo,
1625 781 1760 820 Herm.

304 849 434 886 XVIII
482 863 518 898 p.
569 851 661 887 580.
708 849 813 887 Cam.
864 847 1112 897 ‚‚adm0tam“
1155 851 1380 899 scripserat.
1422 868 1476 874 —
1519 850 1637 888 1331.
1678 862 1760 888 eam

304 919 475 955 omittam
521 917 564 955 R.
611 937 666 942 —
708 919 847 966 retine,
896 919 943 955 cf.
990 918 1104 955 Curc.
1153 919 1246 955 310.
1335 917 1423 954 Ter.
1458 917 1616 956 fleant.
1665 920 1758 958 403.

304 986 489 1023 Proxima
527 988 713 1024 lacunosa
751 991 855 1024 sunt.
916 987 983 1023 R.:
1028 986 1130 1031 „PA.
1170 985 1367 1023 Adflictor
1411 983 1582 1032 miser“;
1622 986 1759 1025 Goetz.

304 1067 390 1091 cum
443 1054 582 1103 Seyff:
641 1056 850 1102 „retinens
905 1055 984 1092 PA.
1037 1054 1109 1091 Fio
1154 1051 1321 1102 miser“;
1368 1054 1434 1090 alii
1488 1055 1616 1100 aliter,
1665 1067 1759 1103 ego:

302 1124 438 1168 retine,
499 1123 636 1161 adiuta
693 1125 864 1169 comiter,
927 1124 973 1161 cf.
1028 1123 1117 1160 Ter.
1171 1122 1328 1160 Phorm.
1391 1123 1490 1160 537:
1557 1125 1649 1173 „qui
1700 1138 1762 1161 me

304 1192 467 1239 dudum,
492 1196 537 1229 ut
559 1192 672 1238 dixti,
697 1191 869 1228 adiuerit
892 1189 1096 1229 comiter“.
1130 1211 1182 1216 —
1219 1192 1336 1229 1332.
1363 1191 1503 1229 Servos
1530 1191 1760 1242 alloquitur,

305 1260 351 1296 cf.
389 1260 510 1297 1308.

422 1328 541 1366 1333.
573 1327 659 1366 Lar
690 1328 777 1365 add.
811 1329 928 1368 Both.
962 1349 1016 1354 —
1047 1341 1086 1366 eo
1118 1329 1177 1364 ed.
1210 1341 1269 1376 pr.
1303 1329 1506 1375 Abiturus,
1548 1328 1653 1378 quod
1684 1330 1760 1366 iam

304 1400 396 1432 ante
437 1409 477 1432 se
515 1396 652 1433 fecisse
684 1397 891 1446 significat,
925 1397 1052 1434 denuo
1084 1398 1206 1434 larem
1238 1397 1398 1433 familiae
1426 1392 1575 1433 salutat
1605 1409 1761 1434 conser-

305 1477 454 1513 vosque
485 1465 617 1501 valere
647 1464 768 1502 iubet.
803 1485 853 1490 —-
892 1466 1009 1504 1335.
1043 1465 1119 1502 Pro
1155 1462 1264 1511 „me“
1300 1463 1406 1502 Cam.
1458 1463 1601 1511 ‚‚mihi“
1640 1466 1762 1515 scrip-

305 1537 420 1578 serat,
455 1532 500 1569 R.
534 1533 676 1582 Opusc.
709 1533 746 1570 ΙΙ
776 1547 815 1583 p.
849 1535 929 1571 474
965 1531 1153 1580 „amice“‚
1187 1546 1257 1582 ego
1288 1535 1398 1579 recte,
1434 1533 1480 1570 cf.
1509 1546 1603 1579 „nec
1629 1530 1758 1571 recte“

305 1602 414 1638 Asin.
465 1602 556 1638 154.
591 1620 640 1626 -
674 1602 821 1639 absenti
866 1605 1001 1647 tamen,
1049 1604 1228 1651 quamvis
1273 1602 1440 1646 absenti,
1488 1601 1534 1639 cf.
1580 1602 1674 1640 865.
1709 1621 1756 1627 --

310 1670 428 1706 1336.
460 1680 499 1707 es
535 1670 595 1706 ed.
627 1682 684 1718 pr.
715 1669 828 1708 Eheu
858 1669 970 1708 Grut.
1006 1670 1146 1708 Goetz.
1183 1670 1305 1718 ‚‚Heu‚
1347 1670 1446 1707 heu“
1483 1670 1594 1707 Acid.
1630 1669 1675 1707 R.
1708 1689 1761 1694 —

304 1749 446 1785 nequeo
483 1739 576 1785 quin
612 1739 726 1782 fleam
765 1739 824 1776 ed.
865 1752 925 1789 pr.
966 1759 1019 1764 —-
1066 1739 1184 1776 1337.
1230 1738 1343 1783 „Scio
1382 1751 1453 1787 ego
1495 1739 1590 1788 quid
1630 1737 1763 1776 doleat
1789 1743 1797 1746 “
1871 1743 1875 1749 ’

306 1804 424 1842 mihi“
460 1807 559 1843 lecta
591 1810 682 1844 sunt
713 1820 748 1844 v.
786 1807 904 1850 1319,
937 1812 977 1843 et
1009 1808 1052 1844 R.
1085 1813 1130 1844 ut
1152 1807 1244 1844 inde
1268 1819 1402 1843 errore
1428 1809 1574 1844 iterata
1599 1806 1759 1853 delevit,

304 1876 428 1922 multo
467 1878 549 1912 veri
587 1876 754 1912 similius
793 1888 906 1924 quam
946 1881 991 1913 ut
1030 1877 1090 1913 his
1129 1878 1306 1922 retentis,
1340 1876 1460 1912 variis
1492 1875 1639 1913 additis
1669 1888 1761 1926 sup-

305 1944 513 1993 plementis
558 1948 640 1980 tres
686 1956 822 1980 versus
867 1945 1172 1989 constituantur,
1220 1944 1324 1993 quod
1369 1943 1588 1980 Acidalium
1636 1944 1762 1981 secuti

305 2013 561 2049 recentissimi
609 2012 782 2048 editores
828 2012 1017 2049 fecerunt.
1107 2012 1181 2051 Sed
1223 2013 1315 2060 quid
1356 2012 1455 2051 hoc?
1500 2011 1612 2048 codd.
1660 2011 1759 2048 male

306 2081 592 2118 Philocomasio
632 2080 740 2117 dant.
802 2081 924 2117 Immo
971 2082 1081 2117 miles
1126 2081 1208 2118 haec
1246 2081 1354 2126 dicit,
1397 2093 1515 2130 quum
1555 2080 1760 2117 mulierem

305 2162 381 2186 non
415 2161 505 2185 vere
537 2148 725 2185 defecisse
757 2149 1049 2186 animadvertit.
1111 2150 1185 2186 Illa
1215 2154 1343 2187 autem
1377 2150 1546 2186 animum
1579 2149 1654 2186 iam
1687 2147 1761 2185 sibi

306 2217 436 2254 redire
474 2217 645 2253 simulat.
682 2236 728 2241 —
763 2228 861 2264 quae
896 2218 984 2254 res?
1023 2218 1114 2255 Cam
1169 2217 1285 2265 Seyff.
1326 2217 1437 2255 Stud.
1470 2230 1508 2267 p.
1546 2217 1610 2261 28,
1643 2231 1677 2254 v.
1711 2217 1760 2254 ad

307 2287 414 2323 Asin.
460 2286 553 2322 474.
601 2285 686 2322 Cas.
734 2286 834 2323 432:
886 2284 1042 2331 ,‚Quid‘?
1090 2285 1344 2324 deosculere‘?
1391 2299 1491 2335 quae
1531 2284 1620 2322 res?
1660 2298 1759 2335 quae

306 2355 490 2403 voluptas
521 2351 644 2391 tua?“
687 2350 759 2400 (sic
790 2356 889 2391 enim
922 2354 1003 2391 haec
1036 2356 1185 2405 scripta
1217 2355 1361 2397 velim).
1403 2374 1458 2379 —-
1495 2354 1589 2401 quid
1625 2353 1762 2392 uideo?

306 2435 462 2459 versum
501 2435 577 2460 non
610 2423 764 2472 explet;
803 2435 923 2471 quare
955 2434 1017 2470 eyo
1050 2422 1196 2467 addidi,
1231 2423 1278 2459 cf.
1311 2422 1429 2460 Poen.
1468 2423 1592 2460 1294:
1659 2420 1760 2469 „Sed

307 2492 402 2540 quid
433 2491 506 2528 hoc
536 2487 625 2527 est‘?
656 2490 750 2540 quid
784 2489 871 2527 est?
911 2490 1003 2540 quid
1037 2491 1108 2528 hoc
1139 2489 1224 2528 est‘?
1265 2491 1361 2540 quid
1393 2502 1466 2538 ego
1498 2489 1645 2528 uideo?
1683 2502 1759 2540 quo

308 2558 474 2595 modo?“
508 2577 564 2583 —
600 2558 717 2596 1338.
743 2557 879 2597 Oadd.
913 2558 1025 2595 Both.
1059 2559 1103 2596 R.
1140 2578 1186 2583 —
1226 2559 1344 2596 1339.
1377 2558 1521 2597 Sumne
1544 2558 1655 2607 apud
1676 2557 1761 2596 me?

307 2628 353 2663 cf.
402 2627 489 2663 Ter.
531 2625 652 2664 Andr.
701 2628 794 2664 937.
841 2625 934 2663 408.
968 2647 1022 2651 —
1058 2628 1175 2664 1340.
1222 2626 1324 2675 Quid
1366 2628 1466 2665 istuc
1512 2630 1569 2665 est
1610 2625 1762 2674 negoti?

305 2695 541 2743 Indignatur
574 2695 695 2739 miles,
729 2695 832 2744 quod
865 2697 1007 2732 iterum
1039 2697 1145 2731 inter
1175 2708 1214 2731 se
1248 2701 1425 2731 amanter
1450 2695 1758 2744 amplectuntur.

307 2762 535 2812 Respondet
565 2760 652 2803 non.
684 2767 728 2799 ut
759 2764 796 2799 in
829 2762 940 2800 codd.
975 2767 1014 2799 et
1045 2763 1145 2808 edd„
1189 2763 1406 2803 Palaestrio.
1437 2762 1506 2800 sed
1537 2761 1757 2808 Pleusicles,
