<?xml version="1.0" encoding="UTF-8"?>
<!DOCTYPE html PUBLIC "-//W3C//DTD XHTML 1.0 Transitional//EN"
    "http://www.w3.org/TR/xhtml1/DTD/xhtml1-transitional.dtd">
<html xmlns="http://www.w3.org/1999/xhtml" xml:lang="en" lang="en">
 <head>
  <title>
</title>
<meta http-equiv="Content-Type" content="text/html;charset=utf-8" />
  <meta name='ocr-system' content='tesseract 3.04.00' />
  <meta name='ocr-capabilities' content='ocr_page ocr_carea ocr_par ocr_line ocrx_word'/>
</head>
<body>
  <div class='ocr_page' id='page_1' title='image "./comoediaerecensu04plauuoft_0224.png"; bbox 0 0 1963 3243; ppageno 0'>
   <div class='ocr_carea' id='block_1_1' title="bbox 326 194 1851 237">
    <p class='ocr_par' dir='ltr' id='par_1_1' title="bbox 326 194 1851 237">
     <span class='ocr_line' id='line_1_1' title="bbox 326 194 1851 237; baseline -0.003 -4"><span class='ocrx_word' id='word_1_1' title='bbox 326 196 406 234; x_wconf 73' lang='lat'>218</span> <span class='ocrx_word' id='word_1_2' title='bbox 853 195 971 229; x_wconf 85' lang='lat' dir='ltr'>Plauti</span> <span class='ocrx_word' id='word_1_3' title='bbox 1032 194 1228 228; x_wconf 84' lang='lat' dir='ltr'>Mercator.</span> <span class='ocrx_word' id='word_1_4' title='bbox 1516 194 1558 236; x_wconf 88' lang='lat' dir='ltr'>V,</span> <span class='ocrx_word' id='word_1_5' title='bbox 1584 197 1615 237; x_wconf 86' lang='lat'>4,</span> <span class='ocrx_word' id='word_1_6' title='bbox 1642 195 1774 229; x_wconf 81' lang='lat'>53—66</span> <span class='ocrx_word' id='word_1_7' title='bbox 1849 197 1851 199; x_wconf 86' lang='grc'><strong>’</strong></span> 
     </span>
    </p>
   </div>
   <div class='ocr_carea' id='block_1_2' title="bbox 505 320 1185 434">
    <p class='ocr_par' dir='ltr' id='par_1_2' title="bbox 505 320 1185 434">
     <span class='ocr_line' id='line_1_2' title="bbox 913 320 1185 373; baseline -0.004 -11"><span class='ocrx_word' id='word_1_8' title='bbox 913 320 1185 373; x_wconf 72' lang='lat' dir='ltr'>Eutychus</span> 
     </span>
     <span class='ocr_line' id='line_1_3' title="bbox 505 391 738 434; baseline 0 -2"><span class='ocrx_word' id='word_1_9' title='bbox 505 391 596 433; x_wconf 75' lang='lat' dir='ltr'>,Me</span> <span class='ocrx_word' id='word_1_10' title='bbox 627 392 738 434; x_wconf 91' lang='lat' dir='ltr'>uide.</span> 
     </span>
    </p>
   </div>
   <div class='ocr_carea' id='block_1_3' title="bbox 711 471 1774 598">
    <p class='ocr_par' dir='ltr' id='par_1_3' title="bbox 711 471 1774 598">
     <span class='ocr_line' id='line_1_4' title="bbox 873 471 1228 524; baseline 0.003 -12"><span class='ocrx_word' id='word_1_11' title='bbox 873 471 1228 524; x_wconf 84' lang='lat' dir='ltr'>Lysimachus</span> 
     </span>
     <span class='ocr_line' id='line_1_5' title="bbox 711 543 1774 598; baseline -0.002 -12"><span class='ocrx_word' id='word_1_12' title='bbox 711 544 788 586; x_wconf 74' lang='lat' dir='ltr'>Sat</span> <span class='ocrx_word' id='word_1_13' title='bbox 817 543 980 595; x_wconf 84' lang='lat' dir='ltr'>habe03</span> <span class='ocrx_word' id='word_1_14' title='bbox 1012 543 1088 585; x_wconf 87' lang='lat' dir='ltr'>sed</span> <span class='ocrx_word' id='word_1_15' title='bbox 1119 558 1281 598; x_wconf 83' lang='lat' dir='ltr'>quaeso</span> <span class='ocrx_word' id='word_1_16' title='bbox 1312 544 1469 594; x_wconf 87' lang='lat' dir='ltr'>hercle,</span> <span class='ocrx_word' id='word_1_17' title='bbox 1501 544 1630 585; x_wconf 89' lang='lat' dir='ltr'>etiam</span> <span class='ocrx_word' id='word_1_18' title='bbox 1661 543 1774 585; x_wconf 87' lang='lat' dir='ltr'>uide.</span> 
     </span>
    </p>
   </div>
   <div class='ocr_carea' id='block_1_4' title="bbox 324 656 1684 932">
    <p class='ocr_par' dir='ltr' id='par_1_4' title="bbox 324 656 1684 932">
     <span class='ocr_line' id='line_1_6' title="bbox 921 656 1191 711; baseline 0 -13"><span class='ocrx_word' id='word_1_19' title='bbox 921 656 1191 711; x_wconf 86' lang='lat' dir='ltr'>Eutychus</span> 
     </span>
     <span class='ocr_line' id='line_1_7' title="bbox 324 728 762 771; baseline 0.002 -1"><span class='ocrx_word' id='word_1_20' title='bbox 324 728 420 771; x_wconf 90' lang='lat' dir='ltr'>Non</span> <span class='ocrx_word' id='word_1_21' title='bbox 452 729 556 771; x_wconf 90' lang='lat' dir='ltr'>mihi</span> <span class='ocrx_word' id='word_1_22' title='bbox 591 730 762 771; x_wconf 81' lang='lat' dir='ltr'>credis?</span> 
     </span>
     <span class='ocr_line' id='line_1_8' title="bbox 874 808 1224 862; baseline 0.003 -13"><span class='ocrx_word' id='word_1_23' title='bbox 874 808 1224 862; x_wconf 86' lang='lat' dir='ltr'>Lysimachus</span> 
     </span>
     <span class='ocr_line' id='line_1_9' title="bbox 731 881 1684 932; baseline 0.001 -11"><span class='ocrx_word' id='word_1_24' title='bbox 731 881 865 923; x_wconf 93' lang='lat' dir='ltr'>Immo</span> <span class='ocrx_word' id='word_1_25' title='bbox 897 881 1048 932; x_wconf 82' lang='lat' dir='ltr'>cred03</span> <span class='ocrx_word' id='word_1_26' title='bbox 1080 881 1156 923; x_wconf 87' lang='lat' dir='ltr'>sed</span> <span class='ocrx_word' id='word_1_27' title='bbox 1187 886 1333 922; x_wconf 83' lang='lat' dir='ltr'>tamen</span> <span class='ocrx_word' id='word_1_28' title='bbox 1365 886 1510 923; x_wconf 88' lang='lat' dir='ltr'>metuo</span> <span class='ocrx_word' id='word_1_29' title='bbox 1542 881 1684 923; x_wconf 86' lang='lat' dir='ltr'>miser.</span> 
     </span>
    </p>
   </div>
   <div class='ocr_carea' id='block_1_5' title="bbox 326 994 1181 1111">
    <p class='ocr_par' dir='ltr' id='par_1_5' title="bbox 326 994 1181 1111">
     <span class='ocr_line' id='line_1_10' title="bbox 923 994 1181 1048; baseline 0.004 -13"><span class='ocrx_word' id='word_1_30' title='bbox 923 995 959 1035; x_wconf 94' lang='lat' dir='ltr'>D</span> <span class='ocrx_word' id='word_1_31' title='bbox 971 1009 994 1036; x_wconf 90' lang='lat' dir='ltr'>e</span> <span class='ocrx_word' id='word_1_32' title='bbox 1007 1009 1046 1036; x_wconf 95' lang='lat' dir='ltr'>m</span> <span class='ocrx_word' id='word_1_33' title='bbox 1057 995 1071 1035; x_wconf 91' lang='lat' dir='ltr'>i</span> <span class='ocrx_word' id='word_1_34' title='bbox 1082 1010 1108 1048; x_wconf 90' lang='lat' dir='ltr'>p</span> <span class='ocrx_word' id='word_1_35' title='bbox 1118 994 1147 1035; x_wconf 90' lang='lat' dir='ltr'>h</span> <span class='ocrx_word' id='word_1_36' title='bbox 1157 1008 1181 1036; x_wconf 92' lang='grc'>0</span> 
     </span>
     <span class='ocr_line' id='line_1_11' title="bbox 326 1068 646 1111; baseline 0.009 -3"><span class='ocrx_word' id='word_1_37' title='bbox 326 1068 486 1109; x_wconf 81' lang='lat' dir='ltr'>Eamus</span> <span class='ocrx_word' id='word_1_38' title='bbox 519 1069 646 1111; x_wconf 89' lang='lat' dir='ltr'>intro.</span> 
     </span>
    </p>
   </div>
   <div class='ocr_carea' id='block_1_6' title="bbox 326 1146 1782 2212">
    <p class='ocr_par' dir='ltr' id='par_1_6' title="bbox 326 1146 1782 2212">
     <span class='ocr_line' id='line_1_12' title="bbox 913 1146 1190 1200; baseline -0.004 -12"><span class='ocrx_word' id='word_1_39' title='bbox 913 1146 1190 1200; x_wconf 89' lang='lat' dir='ltr'>Eutychus</span> 
     </span>
     <span class='ocr_line' id='line_1_13' title="bbox 732 1219 1666 1272; baseline 0 -13"><span class='ocrx_word' id='word_1_40' title='bbox 732 1220 865 1261; x_wconf 85' lang='lat' dir='ltr'>Immo</span> <span class='ocrx_word' id='word_1_41' title='bbox 899 1220 1090 1260; x_wconf 87' lang='lat' dir='ltr'>dicamus</span> <span class='ocrx_word' id='word_1_42' title='bbox 1121 1219 1298 1261; x_wconf 89' lang='lat' dir='ltr'>senibus</span> <span class='ocrx_word' id='word_1_43' title='bbox 1330 1219 1465 1272; x_wconf 90' lang='lat' dir='ltr'>legem</span> <span class='ocrx_word' id='word_1_44' title='bbox 1500 1232 1666 1268; x_wconf 87' lang='lat' dir='ltr'>censeo,</span> 
     </span>
     <span class='ocr_line' id='line_1_14' title="bbox 326 1291 1779 1346; baseline -0.001 -12"><span class='ocrx_word' id='word_1_45' title='bbox 326 1293 584 1346; x_wconf 83' lang='lat' dir='ltr'>Priusquam</span> <span class='ocrx_word' id='word_1_46' title='bbox 637 1293 856 1342; x_wconf 84' lang='lat' dir='ltr'>abeamus,</span> <span class='ocrx_word' id='word_1_47' title='bbox 912 1305 999 1345; x_wconf 87' lang='lat' dir='ltr'>qua</span> <span class='ocrx_word' id='word_1_48' title='bbox 1052 1305 1095 1332; x_wconf 89' lang='lat' dir='ltr'>se</span> <span class='ocrx_word' id='word_1_49' title='bbox 1141 1292 1234 1344; x_wconf 88' lang='lat' dir='ltr'>lege</span> <span class='ocrx_word' id='word_1_50' title='bbox 1279 1296 1457 1332; x_wconf 78' lang='lat' dir='ltr'>teneant</span> <span class='ocrx_word' id='word_1_51' title='bbox 1501 1291 1779 1344; x_wconf 78' lang='lat' dir='ltr'>contentique</span> 
     </span>
     <span class='ocr_line' id='line_1_15' title="bbox 1411 1364 1779 1407; baseline 0.011 -4"><span class='ocrx_word' id='word_1_52' title='bbox 1411 1364 1508 1403; x_wconf 86' lang='lat' dir='ltr'>sint.</span> <span class='ocrx_word' id='word_1_53' title='bbox 1695 1373 1779 1407; x_wconf 85' lang='lat'>1005</span> 
     </span>
     <span class='ocr_line' id='line_1_16' title="bbox 328 1435 1603 1490; baseline -0.002 -12"><span class='ocrx_word' id='word_1_54' title='bbox 328 1440 474 1479; x_wconf 89' lang='lat' dir='ltr'>Annos</span> <span class='ocrx_word' id='word_1_55' title='bbox 506 1442 636 1478; x_wconf 87' lang='lat' dir='ltr'>natus</span> <span class='ocrx_word' id='word_1_56' title='bbox 670 1437 899 1489; x_wconf 82' lang='lat' dir='ltr'>sexaginta</span> <span class='ocrx_word' id='word_1_57' title='bbox 930 1437 1005 1490; x_wconf 90' lang='lat' dir='ltr'>qui</span> <span class='ocrx_word' id='word_1_58' title='bbox 1037 1437 1131 1486; x_wconf 86' lang='lat' dir='ltr'>erit,</span> <span class='ocrx_word' id='word_1_59' title='bbox 1166 1436 1201 1477; x_wconf 91' lang='lat' dir='ltr'>si</span> <span class='ocrx_word' id='word_1_60' title='bbox 1235 1449 1364 1488; x_wconf 89' lang='lat' dir='ltr'>quem</span> <span class='ocrx_word' id='word_1_61' title='bbox 1397 1435 1603 1476; x_wconf 84' lang='lat' dir='ltr'>scibimus</span> 
     </span>
     <span class='ocr_line' id='line_1_17' title="bbox 327 1507 1613 1557; baseline -0.002 -6"><span class='ocrx_word' id='word_1_62' title='bbox 327 1512 410 1552; x_wconf 81' lang='lat' dir='ltr'>Seu</span> <span class='ocrx_word' id='word_1_63' title='bbox 444 1510 650 1551; x_wconf 82' lang='lat' dir='ltr'>maritum</span> <span class='ocrx_word' id='word_1_64' title='bbox 682 1509 774 1550; x_wconf 90' lang='lat' dir='ltr'>siue</span> <span class='ocrx_word' id='word_1_65' title='bbox 806 1508 948 1550; x_wconf 87' lang='lat' dir='ltr'>hercle</span> <span class='ocrx_word' id='word_1_66' title='bbox 981 1508 1090 1549; x_wconf 85' lang='lat' dir='ltr'>adeo</span> <span class='ocrx_word' id='word_1_67' title='bbox 1124 1507 1334 1549; x_wconf 85' lang='lat' dir='ltr'>caelibem</span> <span class='ocrx_word' id='word_1_68' title='bbox 1366 1508 1613 1557; x_wconf 88' lang='lat' dir='ltr'>scortarier‚</span> 
     </span>
     <span class='ocr_line' id='line_1_18' title="bbox 327 1579 1683 1634; baseline -0.003 -10"><span class='ocrx_word' id='word_1_69' title='bbox 327 1582 431 1624; x_wconf 90' lang='lat' dir='ltr'>Cum</span> <span class='ocrx_word' id='word_1_70' title='bbox 465 1596 513 1624; x_wconf 90' lang='grc'>60</span> <span class='ocrx_word' id='word_1_71' title='bbox 545 1595 623 1623; x_wconf 87' lang='lat' dir='ltr'>nos</span> <span class='ocrx_word' id='word_1_72' title='bbox 654 1580 736 1622; x_wconf 88' lang='lat' dir='ltr'>hac</span> <span class='ocrx_word' id='word_1_73' title='bbox 767 1581 860 1634; x_wconf 87' lang='lat' dir='ltr'>lege</span> <span class='ocrx_word' id='word_1_74' title='bbox 892 1594 1091 1633; x_wconf 84' lang='lat' dir='ltr'>agemus:</span> <span class='ocrx_word' id='word_1_75' title='bbox 1122 1580 1327 1621; x_wconf 88' lang='lat' dir='ltr'>inscitum</span> <span class='ocrx_word' id='word_1_76' title='bbox 1359 1579 1683 1628; x_wconf 85' lang='lat' dir='ltr'>arbitrabimur,</span> 
     </span>
     <span class='ocr_line' id='line_1_19' title="bbox 326 1651 1709 1708; baseline -0.004 -12"><span class='ocrx_word' id='word_1_77' title='bbox 326 1655 381 1696; x_wconf 90' lang='lat' dir='ltr'>Et</span> <span class='ocrx_word' id='word_1_78' title='bbox 413 1668 489 1708; x_wconf 84' lang='lat' dir='ltr'>per</span> <span class='ocrx_word' id='word_1_79' title='bbox 520 1668 598 1695; x_wconf 89' lang='lat' dir='ltr'>nos</span> <span class='ocrx_word' id='word_1_80' title='bbox 630 1653 802 1707; x_wconf 89' lang='lat' dir='ltr'>quidem</span> <span class='ocrx_word' id='word_1_81' title='bbox 834 1653 981 1694; x_wconf 89' lang='lat' dir='ltr'>hercle</span> <span class='ocrx_word' id='word_1_82' title='bbox 1013 1652 1158 1705; x_wconf 87' lang='lat' dir='ltr'>egebit</span> <span class='ocrx_word' id='word_1_83' title='bbox 1189 1652 1263 1704; x_wconf 88' lang='lat' dir='ltr'>qui</span> <span class='ocrx_word' id='word_1_84' title='bbox 1294 1665 1416 1693; x_wconf 90' lang='lat' dir='ltr'>suum</span> <span class='ocrx_word' id='word_1_85' title='bbox 1450 1651 1709 1704; x_wconf 86' lang='lat' dir='ltr'>prodegerit.</span> 
     </span>
     <span class='ocr_line' id='line_1_20' title="bbox 327 1722 1782 1779; baseline 0.002 -15"><span class='ocrx_word' id='word_1_86' title='bbox 327 1724 422 1765; x_wconf 91' lang='lat' dir='ltr'>Neu</span> <span class='ocrx_word' id='word_1_87' title='bbox 455 1725 686 1777; x_wconf 87' lang='lat' dir='ltr'>quisquam</span> <span class='ocrx_word' id='word_1_88' title='bbox 713 1725 897 1779; x_wconf 89' lang='lat' dir='ltr'>posthac</span> <span class='ocrx_word' id='word_1_89' title='bbox 920 1725 1152 1779; x_wconf 88' lang='lat' dir='ltr'>prohibeto</span> <span class='ocrx_word' id='word_1_90' title='bbox 1178 1723 1502 1765; x_wconf 86' lang='lat' dir='ltr'>adulescentem</span> <span class='ocrx_word' id='word_1_91' title='bbox 1528 1722 1677 1774; x_wconf 83' lang='lat' dir='ltr'>filium,</span> <span class='ocrx_word' id='word_1_92' title='bbox 1696 1734 1782 1767; x_wconf 90' lang='grc'><strong>1010</strong></span> 
     </span>
     <span class='ocr_line' id='line_1_21' title="bbox 329 1795 1639 1851; baseline -0.001 -14"><span class='ocrx_word' id='word_1_93' title='bbox 329 1796 440 1846; x_wconf 81' lang='lat' dir='ltr'>Quin</span> <span class='ocrx_word' id='word_1_94' title='bbox 473 1803 590 1839; x_wconf 90' lang='lat' dir='ltr'>amet</span> <span class='ocrx_word' id='word_1_95' title='bbox 622 1804 664 1839; x_wconf 90' lang='lat' dir='ltr'>et</span> <span class='ocrx_word' id='word_1_96' title='bbox 696 1803 886 1839; x_wconf 88' lang='lat' dir='ltr'>scortum</span> <span class='ocrx_word' id='word_1_97' title='bbox 921 1797 1065 1847; x_wconf 86' lang='lat' dir='ltr'>ducat,</span> <span class='ocrx_word' id='word_1_98' title='bbox 1098 1796 1214 1851; x_wconf 91' lang='lat' dir='ltr'>quod</span> <span class='ocrx_word' id='word_1_99' title='bbox 1246 1796 1360 1837; x_wconf 89' lang='lat' dir='ltr'>bono</span> <span class='ocrx_word' id='word_1_100' title='bbox 1392 1795 1470 1837; x_wconf 83' lang='lat' dir='ltr'>fiat</span> <span class='ocrx_word' id='word_1_101' title='bbox 1500 1795 1639 1837; x_wconf 91' lang='lat' dir='ltr'>modo.</span> 
     </span>
     <span class='ocr_line' id='line_1_22' title="bbox 327 1867 1781 1923; baseline -0.001 -14"><span class='ocrx_word' id='word_1_102' title='bbox 327 1869 370 1909; x_wconf 87' lang='lat' dir='ltr'>Si</span> <span class='ocrx_word' id='word_1_103' title='bbox 405 1870 500 1922; x_wconf 88' lang='lat' dir='ltr'>quis</span> <span class='ocrx_word' id='word_1_104' title='bbox 532 1870 819 1923; x_wconf 88' lang='lat' dir='ltr'>prohibuerit,</span> <span class='ocrx_word' id='word_1_105' title='bbox 852 1870 949 1923; x_wconf 91' lang='lat' dir='ltr'>plus</span> <span class='ocrx_word' id='word_1_106' title='bbox 982 1868 1133 1922; x_wconf 89' lang='lat' dir='ltr'>perdet</span> <span class='ocrx_word' id='word_1_107' title='bbox 1165 1869 1288 1922; x_wconf 84' lang='lat' dir='ltr'>clam,</span> <span class='ocrx_word' id='word_1_108' title='bbox 1321 1881 1441 1921; x_wconf 75' lang='lat' dir='ltr'>quam</span> <span class='ocrx_word' id='word_1_109' title='bbox 1466 1867 1502 1909; x_wconf 89' lang='lat' dir='ltr'>si</span> <span class='ocrx_word' id='word_1_110' title='bbox 1529 1867 1781 1921; x_wconf 86' lang='lat' dir='ltr'>praebuerit</span> 
     </span>
     <span class='ocr_line' id='line_1_23' title="bbox 1411 1939 1570 1994; baseline -0.006 -12"><span class='ocrx_word' id='word_1_111' title='bbox 1411 1939 1570 1994; x_wconf 85' lang='lat' dir='ltr'>palam.</span> 
     </span>
     <span class='ocr_line' id='line_1_24' title="bbox 326 2013 1740 2068; baseline -0.001 -14"><span class='ocrx_word' id='word_1_112' title='bbox 326 2014 444 2055; x_wconf 89' lang='lat' dir='ltr'>Haec</span> <span class='ocrx_word' id='word_1_113' title='bbox 476 2014 585 2056; x_wconf 86' lang='lat' dir='ltr'>adeo</span> <span class='ocrx_word' id='word_1_114' title='bbox 619 2014 718 2056; x_wconf 93' lang='lat' dir='ltr'>uolo</span> <span class='ocrx_word' id='word_1_115' title='bbox 752 2029 802 2055; x_wconf 83' lang='lat' dir='ltr'>ex</span> <span class='ocrx_word' id='word_1_116' title='bbox 834 2015 916 2056; x_wconf 88' lang='lat' dir='ltr'>hac</span> <span class='ocrx_word' id='word_1_117' title='bbox 947 2020 1073 2056; x_wconf 87' lang='lat' dir='ltr'>nocte</span> <span class='ocrx_word' id='word_1_118' title='bbox 1105 2014 1293 2068; x_wconf 89' lang='lat' dir='ltr'>primum</span> <span class='ocrx_word' id='word_1_119' title='bbox 1322 2013 1392 2054; x_wconf 80' lang='lat' dir='ltr'>lex</span> <span class='ocrx_word' id='word_1_120' title='bbox 1423 2018 1572 2054; x_wconf 86' lang='lat' dir='ltr'>teneat</span> <span class='ocrx_word' id='word_1_121' title='bbox 1604 2026 1740 2054; x_wconf 89' lang='lat' dir='ltr'>senes.</span> 
     </span>
     <span class='ocr_line' id='line_1_25' title="bbox 326 2084 1780 2140; baseline -0.001 -13"><span class='ocrx_word' id='word_1_122' title='bbox 326 2087 442 2128; x_wconf 90' lang='lat' dir='ltr'>Bene</span> <span class='ocrx_word' id='word_1_123' title='bbox 473 2087 618 2128; x_wconf 91' lang='lat' dir='ltr'>ualete</span> <span class='ocrx_word' id='word_1_124' title='bbox 649 2092 794 2140; x_wconf 87' lang='lat' dir='ltr'>atque,</span> <span class='ocrx_word' id='word_1_125' title='bbox 825 2087 1140 2136; x_wconf 87' lang='lat' dir='ltr'>adulescentes,</span> <span class='ocrx_word' id='word_1_126' title='bbox 1172 2086 1282 2127; x_wconf 88' lang='lat' dir='ltr'>haec</span> <span class='ocrx_word' id='word_1_127' title='bbox 1313 2086 1351 2127; x_wconf 87' lang='lat' dir='ltr'>si</span> <span class='ocrx_word' id='word_1_128' title='bbox 1381 2085 1506 2127; x_wconf 91' lang='lat' dir='ltr'>uobis</span> <span class='ocrx_word' id='word_1_129' title='bbox 1531 2085 1601 2126; x_wconf 83' lang='lat' dir='ltr'>lex</span> <span class='ocrx_word' id='word_1_130' title='bbox 1626 2084 1780 2139; x_wconf 89' lang='lat' dir='ltr'>placet,</span> 
     </span>
     <span class='ocr_line' id='line_1_26' title="bbox 327 2156 1779 2212; baseline -0.002 -11"><span class='ocrx_word' id='word_1_131' title='bbox 327 2159 392 2201; x_wconf 93' lang='lat' dir='ltr'>Ob</span> <span class='ocrx_word' id='word_1_132' title='bbox 435 2173 583 2201; x_wconf 89' lang='lat' dir='ltr'>senum</span> <span class='ocrx_word' id='word_1_133' title='bbox 615 2159 762 2202; x_wconf 88' lang='lat' dir='ltr'>hercle</span> <span class='ocrx_word' id='word_1_134' title='bbox 793 2159 1053 2201; x_wconf 85' lang='lat' dir='ltr'>industriam</span> <span class='ocrx_word' id='word_1_135' title='bbox 1085 2173 1165 2200; x_wconf 88' lang='lat' dir='ltr'>uos</span> <span class='ocrx_word' id='word_1_136' title='bbox 1197 2171 1382 2212; x_wconf 88' lang='lat' dir='ltr'>aequom</span> <span class='ocrx_word' id='word_1_137' title='bbox 1414 2162 1480 2199; x_wconf 88' lang='lat' dir='ltr'>est</span> <span class='ocrx_word' id='word_1_138' title='bbox 1511 2157 1628 2198; x_wconf 83' lang='lat' dir='ltr'>clare</span> <span class='ocrx_word' id='word_1_139' title='bbox 1659 2156 1779 2211; x_wconf 88' lang='lat' dir='ltr'>plau-</span> 
     </span>
    </p>
   </div>
   <div class='ocr_carea' id='block_1_7' title="bbox 330 2290 631 2294">
    <p class='ocr_par' dir='ltr' id='par_1_7' title="bbox 330 2290 631 2294">
     <span class='ocr_line' id='line_1_27' title="bbox 330 2290 631 2294; baseline 0 0"><span class='ocrx_word' id='word_1_140' title='bbox 330 2290 631 2294; x_wconf 95' lang='lat' dir='ltr'> </span> 
     </span>
    </p>
   </div>
   <div class='ocr_carea' id='block_1_8' title="bbox 329 2229 1783 2518">
    <p class='ocr_par' dir='ltr' id='par_1_8' title="bbox 329 2229 1783 2518">
     <span class='ocr_line' id='line_1_28' title="bbox 1414 2229 1780 2274; baseline 0.011 -4"><span class='ocrx_word' id='word_1_141' title='bbox 1414 2229 1528 2271; x_wconf 82' lang='lat' dir='ltr'>dere.</span> <span class='ocrx_word' id='word_1_142' title='bbox 1696 2241 1780 2274; x_wconf 83' lang='lat'>1015</span> 
     </span>
     <span class='ocr_line' id='line_1_29' title="bbox 419 2340 1693 2387; baseline 0 -8"><span class='ocrx_word' id='word_1_143' title='bbox 419 2346 505 2379; x_wconf 81' lang='grc'><strong>1002</strong></span> <span class='ocrx_word' id='word_1_144' title='bbox 530 2344 648 2379; x_wconf 91' lang='lat' dir='ltr'>Uideo</span> <span class='ocrx_word' id='word_1_145' title='bbox 674 2355 733 2378; x_wconf 90' lang='lat' dir='ltr'>me</span> <span class='ocrx_word' id='word_1_146' title='bbox 755 2343 838 2378; x_wconf 88' lang='lat' dir='ltr'>fide.</span> <span class='ocrx_word' id='word_1_147' title='bbox 866 2343 953 2378; x_wconf 83' lang='lat' dir='ltr'>LIS</span> <span class='ocrx_word' id='word_1_148' title='bbox 982 2343 1070 2378; x_wconf 79' lang='lat' dir='ltr'>satis</span> <span class='ocrx_word' id='word_1_149' title='bbox 1096 2343 1216 2378; x_wconf 86' lang='lat' dir='ltr'>habeo</span> <span class='ocrx_word' id='word_1_150' title='bbox 1241 2343 1281 2377; x_wconf 86' lang='lat' dir='ltr'>id</span> <span class='ocrx_word' id='word_1_151' title='bbox 1306 2353 1442 2387; x_wconf 80' lang='lat' dir='ltr'>quaeso</span> <span class='ocrx_word' id='word_1_152' title='bbox 1466 2342 1495 2385; x_wconf 93' lang='lat' dir='ltr'>(i</span> <span class='ocrx_word' id='word_1_153' title='bbox 1515 2342 1575 2387; x_wconf 89' lang='lat' dir='ltr'>dq’</span> <span class='ocrx_word' id='word_1_154' title='bbox 1597 2353 1635 2377; x_wconf 84' lang='lat' dir='ltr'>se</span> <span class='ocrx_word' id='word_1_155' title='bbox 1651 2340 1693 2379; x_wconf 75' lang='grc'>0)</span> 
     </span>
     <span class='ocr_line' id='line_1_30' title="bbox 329 2401 1783 2471; baseline -0.003 1"><span class='ocrx_word' id='word_1_156' title='bbox 329 2438 416 2471; x_wconf 84' lang='grc'><strong>1003</strong></span> <span class='ocrx_word' id='word_1_157' title='bbox 436 2402 585 2471; x_wconf 57' lang='lat' dir='ltr'>1{tVNon</span> <span class='ocrx_word' id='word_1_158' title='bbox 610 2436 646 2471; x_wconf 93' lang='lat' dir='ltr'><em>B</em></span> <span class='ocrx_word' id='word_1_159' title='bbox 718 2401 782 2470; x_wconf 50' lang='lat' dir='ltr'>LAIKS.</span> <span class='ocrx_word' id='word_1_160' title='bbox 806 2435 923 2470; x_wconf 89' lang='lat' dir='ltr'>Immo</span> <span class='ocrx_word' id='word_1_161' title='bbox 949 2434 983 2468; x_wconf 91' lang='lat' dir='ltr'><strong><em>B</em></strong></span> <span class='ocrx_word' id='word_1_162' title='bbox 1079 2436 1166 2469; x_wconf 86' lang='lat'>1004</span> <span class='ocrx_word' id='word_1_163' title='bbox 1190 2435 1231 2469; x_wconf 92' lang='lat' dir='ltr'>B.</span> <span class='ocrx_word' id='word_1_164' title='bbox 1257 2435 1394 2469; x_wconf 86' lang='lat' dir='ltr'>Eamus</span> <span class='ocrx_word' id='word_1_165' title='bbox 1419 2433 1455 2468; x_wconf 92' lang='lat' dir='ltr'><em>B</em></span> <span class='ocrx_word' id='word_1_166' title='bbox 1548 2442 1582 2469; x_wconf 87' lang='grc' dir='ltr'>Γ.</span> <span class='ocrx_word' id='word_1_167' title='bbox 1608 2434 1724 2468; x_wconf 84' lang='grc'><strong>11111110</strong></span> <span class='ocrx_word' id='word_1_168' title='bbox 1749 2432 1783 2467; x_wconf 93' lang='grc' dir='ltr'><strong><em>Β</em></strong></span> 
     </span>
     <span class='ocr_line' id='line_1_31' title="bbox 599 2491 1497 2518; baseline -0.002 0"><span class='ocrx_word' id='word_1_169' title='bbox 599 2493 664 2518; x_wconf 75' lang='lat' dir='ltr'>ms</span> <span class='ocrx_word' id='word_1_170' title='bbox 1436 2491 1497 2516; x_wconf 79' lang='lat' dir='ltr'>ms</span> 
     </span>
    </p>
   </div>
   <div class='ocr_carea' id='block_1_9' title="bbox 329 2526 1784 2629">
    <p class='ocr_par' dir='ltr' id='par_1_9' title="bbox 329 2526 1784 2629">
     <span class='ocr_line' id='line_1_32' title="bbox 419 2526 1782 2570; baseline -0.001 -9"><span class='ocrx_word' id='word_1_171' title='bbox 419 2529 522 2570; x_wconf 69' lang='lat' dir='ltr'>leges</span> <span class='ocrx_word' id='word_1_172' title='bbox 616 2529 658 2563; x_wconf 90' lang='lat' dir='ltr'>A.</span> <span class='ocrx_word' id='word_1_173' title='bbox 673 2539 807 2562; x_wconf 87' lang='lat' dir='ltr'>censeo</span> <span class='ocrx_word' id='word_1_174' title='bbox 821 2526 857 2561; x_wconf 93' lang='lat' dir='ltr'><em>B</em></span> <span class='ocrx_word' id='word_1_175' title='bbox 953 2528 1039 2561; x_wconf 89' lang='lat'>1005</span> <span class='ocrx_word' id='word_1_176' title='bbox 1052 2527 1256 2561; x_wconf 81' lang='lat' dir='ltr'>habeamus</span> <span class='ocrx_word' id='word_1_177' title='bbox 1353 2527 1437 2560; x_wconf 89' lang='grc'><strong>1006</strong></span> <span class='ocrx_word' id='word_1_178' title='bbox 1451 2529 1491 2560; x_wconf 86' lang='grc' dir='ltr'>Α.</span> <span class='ocrx_word' id='word_1_179' title='bbox 1507 2528 1635 2560; x_wconf 85' lang='lat' dir='ltr'>Annos</span> <span class='ocrx_word' id='word_1_180' title='bbox 1649 2529 1782 2570; x_wconf 76' lang='lat' dir='ltr'>gnatus</span> 
     </span>
     <span class='ocr_line' id='line_1_33' title="bbox 329 2582 1784 2629; baseline -0.002 -9"><span class='ocrx_word' id='word_1_181' title='bbox 329 2585 364 2620; x_wconf 92' lang='lat' dir='ltr'><em>B</em></span> <span class='ocrx_word' id='word_1_182' title='bbox 458 2586 582 2629; x_wconf 78' lang='lat' dir='ltr'>querit</span> <span class='ocrx_word' id='word_1_183' title='bbox 605 2584 640 2618; x_wconf 90' lang='lat' dir='ltr'><strong><em>B</em></strong></span> <span class='ocrx_word' id='word_1_184' title='bbox 745 2586 831 2619; x_wconf 87' lang='lat'>1007</span> <span class='ocrx_word' id='word_1_185' title='bbox 856 2584 1030 2618; x_wconf 89' lang='lat' dir='ltr'>maritum</span> <span class='ocrx_word' id='word_1_186' title='bbox 1056 2595 1120 2618; x_wconf 84' lang='lat' dir='ltr'>seu</span> <span class='ocrx_word' id='word_1_187' title='bbox 1145 2584 1273 2618; x_wconf 88' lang='lat' dir='ltr'>hercle</span> <span class='ocrx_word' id='word_1_188' title='bbox 1367 2584 1546 2618; x_wconf 82' lang='lat' dir='ltr'>scotarier</span> <span class='ocrx_word' id='word_1_189' title='bbox 1570 2582 1606 2617; x_wconf 90' lang='lat' dir='ltr'><strong><em>B</em></strong></span> <span class='ocrx_word' id='word_1_190' title='bbox 1700 2582 1784 2617; x_wconf 88' lang='lat'>1008</span> 
     </span>
    </p>
   </div>
   <div class='ocr_carea' id='block_1_10' title="bbox 328 2637 1782 2733">
    <p class='ocr_par' dir='ltr' id='par_1_10' title="bbox 328 2637 1782 2733">
     <span class='ocr_line' id='line_1_34' title="bbox 328 2637 1782 2684; baseline -0.002 -8"><span class='ocrx_word' id='word_1_191' title='bbox 328 2643 386 2676; x_wconf 92' lang='lat' dir='ltr'>hic</span> <span class='ocrx_word' id='word_1_192' title='bbox 486 2644 572 2676; x_wconf 85' lang='lat'>1010</span> <span class='ocrx_word' id='word_1_193' title='bbox 594 2641 670 2676; x_wconf 86' lang='lat' dir='ltr'>filia</span> <span class='ocrx_word' id='word_1_194' title='bbox 766 2642 852 2675; x_wconf 83' lang='lat'>1212</span> <span class='ocrx_word' id='word_1_195' title='bbox 877 2640 971 2675; x_wconf 80' lang='lat' dir='ltr'>clam</span> <span class='ocrx_word' id='word_1_196' title='bbox 999 2641 1027 2674; x_wconf 86' lang='lat' dir='ltr'>si</span> <span class='ocrx_word' id='word_1_197' title='bbox 1054 2641 1288 2684; x_wconf 86' lang='lat' dir='ltr'>prohibuerit</span> <span class='ocrx_word' id='word_1_198' title='bbox 1383 2642 1469 2674; x_wconf 88' lang='grc'><strong>1013</strong></span> <span class='ocrx_word' id='word_1_199' title='bbox 1496 2640 1588 2674; x_wconf 83' lang='lat' dir='ltr'>adeo</span> <span class='ocrx_word' id='word_1_200' title='bbox 1613 2645 1654 2674; x_wconf 86' lang='lat' dir='ltr'>ut</span> <span class='ocrx_word' id='word_1_201' title='bbox 1680 2637 1782 2680; x_wconf 84' lang='lat' dir='ltr'>exB,</span> 
     </span>
     <span class='ocr_line' id='line_1_35' title="bbox 330 2698 589 2733; baseline 0.004 -1"><span class='ocrx_word' id='word_1_202' title='bbox 330 2699 399 2733; x_wconf 67' lang='lat' dir='ltr'>ado</span> <span class='ocrx_word' id='word_1_203' title='bbox 426 2703 466 2733; x_wconf 80' lang='lat' dir='ltr'>ut</span> <span class='ocrx_word' id='word_1_204' title='bbox 490 2710 535 2733; x_wconf 87' lang='lat' dir='ltr'>ex</span> <span class='ocrx_word' id='word_1_205' title='bbox 561 2698 589 2733; x_wconf 87' lang='lat' dir='ltr'><em>C</em></span> 
     </span>
    </p>
   </div>
   <div class='ocr_carea' id='block_1_11' title="bbox 1904 0 1963 3243">
    <p class='ocr_par' dir='ltr' id='par_1_11' title="bbox 1904 0 1963 3243">
     <span class='ocr_line' id='line_1_36' title="bbox 1904 0 1963 3243; baseline 0 0"><span class='ocrx_word' id='word_1_206' title='bbox 1904 0 1963 3243; x_wconf 95' lang='lat' dir='ltr'> </span> 
     </span>
    </p>
   </div>
  </div>
 </body>
</html>
