1963 3243
279 179 360 217 352
905 174 1100 211 Mercator.

282 305 417 343 Goetz.
449 325 503 330 —
535 304 664 354 larua,
695 318 732 343 v.
763 305 813 341 ad
844 305 986 355 Amph.
1020 308 1112 345 770.
1147 327 1200 334 --
1233 308 1327 346 970.
1360 307 1514 346 decebat
1542 307 1650 346 Cam.
1681 327 1736 333 —

279 374 357 411 971
399 386 455 423 sq.
496 375 580 410 sine
621 373 741 410 dubio
781 374 904 423 spurii
944 377 1048 420 sunt;
1094 376 1240 426 prioris
1279 375 1404 413 altera
1443 390 1534 427 pars
1564 377 1736 426 repetita

279 444 340 478 est
369 454 416 478 ex
447 442 550 488 9693
583 442 682 478 alter
712 454 849 478 versus
879 442 978 478 nihil
1010 442 1117 479 aliud
1150 443 1246 479 dicit
1269 457 1385 492 quam
1411 445 1504 482 970.
1536 444 1581 481 R.
1605 447 1736 482 totum

278 509 406 547 10611111
439 509 632 547 971-79
664 521 740 546 11011
771 512 849 546 tam
881 510 1186 558 interpolatione
1224 525 1340 560 quam
1371 515 1520 549 mutato
1552 525 1736 549 versuum

279 577 417 614 ordine
455 578 655 615 turbatum
697 577 917 614 arbitratus
947 577 1202 616 licentissime
1233 582 1432 618 tractavit.
1464 600 1518 606 —
1551 581 1644 618 973.
1676 592 1739 618 ae-

279 648 392 683 tatem
430 645 490 683 ed.
529 659 588 696 pr.
650 646 822 683 condecet
857 645 1017 683 Lachm.
1058 646 1107 683 ad
1146 647 1261 685 Lucr.
1302 661 1339 698 p.
1382 649 1447 686 64.
1487 668 1539 673 —
1580 649 1674 686 974.
1704 649 1740 686 si

277 715 380 752 istuc
424 715 488 752 ius
531 717 588 752 est
623 717 711 760 cet„
757 727 793 752 v.
835 713 883 750 ad
923 713 1056 751 Aulul.
1099 716 1191 752 740.
1225 735 1275 740 -—
1317 717 1397 754 976
1437 717 1614 765 spurium
1653 729 1737 754 esse

279 794 423 830 omneS,
455 782 583 828 credo,
615 782 831 820 Ritschelio
863 782 1090 820 concedent.
1127 803 1172 808 —
1210 785 1302 821 977.
1334 783 1463 822 habete
1490 784 1597 823 uobis
1611 785 1738 834 Acid.,

284 850 510 897 „uobiscum
533 847 700 888 habete“
728 850 835 887 Serv.
861 851 900 887 in
917 850 1034 898 Verg.
1053 849 1197 900 Georg.
1215 850 1247 900 I,
1267 852 1359 889 266.
1408 852 1575 899 Habete,
1593 855 1737 904 inquit,

279 931 363 955 eam
393 919 503 956 vobis
534 931 620 955 cum
651 919 832 956 omnibus
863 918 980 955 rebus
1010 919 1103 965 suis,
1136 919 1205 956 sed
1238 921 1351 969 quasi
1383 919 1430 957 de
1454 933 1522 958 sue
1545 921 1740 958 tradenda

280 1000 408 1024 sermo
440 990 552 1031 esset,
593 996 682 1025 cum
703 988 846 1036 porcis,
889 987 955 1033 ait,
997 990 1035 1023 et
1067 997 1156 1025 cum
1185 987 1336 1035 fiscina.
1369 990 1394 1025 i.
1428 1001 1459 1026 e.
1493 1002 1579 1026 cum
1611 989 1739 1036 corbe,

280 1069 357 1105 qua
387 1054 573 1104 pabulum
607 1056 855 1105 adportatur.
903 1055 963 1092 Ex
992 1056 1206 1104 proverbio
1237 1057 1370 1106 aliquo
1401 1057 1484 1093 haec
1515 1057 1632 1094 ducta
1655 1071 1739 1095 esse

280 1127 459 1175 apparet,
491 1123 603 1161 nobis
634 1123 803 1174 quidem,
835 1125 909 1160 nisi
941 1124 1070 1169 fallor,
1102 1124 1249 1173 ignoto.
1312 1124 1535 1168 Schneider,
1567 1125 1614 1162 de
1644 1139 1738 1176 pro-

279 1192 362 1230 verl
380 1193 427 1228 iis
450 1206 488 1242 p.
516 1194 551 1239 5,
572 1191 748 1230 Graecum
774 1192 942 1230 contulit
973 1191 1066 1240 αὐτῷ
1087 1194 1181 1241 κοινῷ
1205 1193 1382 1242 κατέφαγε
1413 1194 1541 1239 πάντα,
1574 1193 1739 1242 Diogen.

280 1260 345 1307 IV,
387 1261 451 1309 68,
492 1264 530 1297 et
566 1260 736 1298 Acidalii
782 1261 1046 1298 coniecturam
1091 1261 1253 1310 probat:
1306 1275 1415 1308 „cum
1463 1263 1620 1311 sportis,
1653 1275 1740 1300 cum

280 1327 456 1367 fiscina“.
491 1349 544 1354 —-
577 1330 671 1367 978.
710 1329 754 1366 R.
794 1330 975 1380 proximo
1015 1330 1250 1379 postposuit,
1291 1342 1369 1378 quo
1401 1330 1499 1367 nihil
1529 1331 1740 1370 lucramur.

281 1398 414 1436 Muell.
447 1412 486 1448 p.
519 1399 599 1436 743
632 1402 736 1435 recte
767 1398 1058 1444 animadvertit,
1091 1397 1211 1434 verba
1239 1398 1337 1444 „sibi
1367 1396 1534 1435 habeat“
1562 1398 1741 1448 Eutycho

280 1480 359 1503 non
390 1467 610 1504 convenire.
657 1466 758 1503 Hinc
789 1467 910 1516 igitur
941 1465 1198 1515 Demiphonis
1230 1465 1349 1502 verba
1380 1467 1604 1517 incipienda
1635 1471 1739 1505 sunt.

283 1535 459 1572 Alterum
497 1532 620 1581 „sibi“
656 1535 729 1572 del.
764 1534 938 1572 Guietus.
1004 1534 1110 1581 „Iam
1149 1547 1230 1571 eam
1271 1538 1315 1571 ut
1352 1535 1437 1571 uolt
1475 1547 1546 1584 per
1576 1549 1635 1572 mc
1666 1535 1742 1573 sibi

284 1603 426 1640 habeat
456 1600 572 1640 licet“
607 1603 742 1641 Goetz.
778 1623 825 1628 —
862 1603 956 1640 979.
994 1603 1162 1649 Temperi
1191 1602 1356 1649 Acidal.,
1386 1617 1421 1640 v.
1456 1602 1504 1640 ad
1530 1603 1618 1641 Aul.
1647 1604 1742 1641 446.

284 1671 378 1710 Sero
409 1685 497 1709 eum
529 1671 754 1709 munificum
787 1685 869 1709 esse
901 1672 1006 1710 dicit.
1040 1684 1158 1721 quum
1189 1670 1286 1708 nihil
1317 1671 1424 1708 aliud
1454 1671 1581 1708 facere
1605 1673 1742 1722 possit.
1778 1694 1784 1696 -

287 1741 397 1788 copia
427 1739 556 1778 Guiet.
589 1760 642 1765 —
675 1741 768 1778 980.
801 1740 904 1788 quod
938 1740 1064 1786 Both„
1103 1740 1150 1776 cf.
1183 1739 1233 1776 ad
1264 1739 1404 1789 Amph.
1438 1740 1530 1777 392.
1561 1759 1618 1765 —
1649 1741 1741 1778 981.

287 1809 357 1846 siet
386 1808 470 1857 Pyl.
505 1828 553 1833 —-
589 1809 682 1847 982.
716 1807 867 1848 Si-szue.
902 1808 946 1846 of.
982 1810 1074 1846 303.
1107 1828 1161 1833 -—
1192 1808 1314 1846 ioculo
1347 1807 1406 1845 ed.
1438 1822 1512 1858 pr.‚
1546 1809 1592 1846 cl.
1625 1809 1741 1846 Most.

288 1877 382 1916 906.
414 1897 468 1902 —
499 1879 592 1915 984.
627 1877 686 1914 ted
714 1876 856 1923 Guiet.,
889 1877 999 1926 prob.
1033 1877 1076 1913 R.
1110 1877 1209 1914 Nov.
1242 1875 1405 1913 Exc.—
1432 1878 1513 1915 eius
1542 1888 1600 1923 es,·
1628 1887 1745 1915 serua

287 1946 348 1985 ed.
380 1960 439 1996 pr.
473 1966 525 1972 —
558 1947 653 1984 985.
684 1945 817 1991 Hunc,
849 1945 896 1983 cf.
931 1946 1020 1982 122.
1072 1956 1130 1982 me
1161 1944 1249 1982 del?
1270 1944 1401 1983 Guiet.
1434 1965 1489 1970 ——-
1519 1946 1599 1983 986
1632 1945 1743 1995 Lysi-

286 2015 413 2053 machi
452 2028 534 2053 esse
571 2014 673 2051 vidit
704 2013 962 2051 Camerarius.
1022 2013 1196 2051 Irridens
1229 2013 1509 2064 Demiphonem
1541 2014 1742 2062 hortatur,

287 2087 332 2120 ut
363 2083 514 2121 delictis
546 2084 626 2120 suis
655 2086 853 2131 tamquam
886 2082 1149 2119 adulescentis
1179 2082 1332 2118 veniam
1363 2087 1558 2132 precetur.
1577 2084 1742 2121 ——987.

286 2154 328 2191 in
363 2163 421 2190 me
449 2152 589 2202 scripsi
620 2164 775 2188 sensum
806 2154 975 2196 secutus,
1007 2163 1137 2199 quum,
1171 2150 1266 2199 quid
1296 2151 1335 2187 in
1367 2150 1580 2201 archetypo
1610 2151 1743 2198 fuerit,

287 2234 363 2258 non
401 2220 570 2270 liqueat3
620 2218 729 2267 „eia“
771 2218 831 2256 ed.
870 2232 950 2270 pr.;
996 2218 1128 2256 Both.:
1181 2220 1244 2265 „in
1290 2216 1432 2257 hunc“.
1477 2238 1533 2244 -
1576 2219 1745 2257 inuehier

289 2290 440 2339 scripsi.
475 2308 522 2314 —
559 2290 652 2326 989.
684 2288 775 2336 Dys.
808 2288 955 2325 Missas
993 2287 1053 2324 ed.
1085 2301 1144 2336 pr.
1179 2304 1230 2311 ·—
1269 2290 1371 2325 artes
1407 2288 1493 2333 feci.
1555 2287 1644 2326 DE.
1691 2288 1747 2326 Et

290 2357 404 2396 Grut.
451 2369 514 2405 690
545 2357 678 2395 dehinc
708 2357 797 2403 iam,
829 2369 880 2393 sc.
913 2356 1050 2393 missas
1081 2355 1232 2393 faciam.
1266 2375 1320 2381 --
1349 2357 1431 2404 ayis
1461 2356 1549 2394 add.
1583 2357 1741 2394 Lachm.

289 2427 392 2463 Ante
424 2425 531 2463 Nihil
563 2425 785 2474 Lysimachi
815 2428 907 2461 nota
938 2425 977 2461 in
1017 2424 1128 2461 libris
1167 2437 1243 2462 non
1277 2427 1336 2462 est
1367 2426 1525 2474 scripta,
1557 2424 1624 2462 sed
1655 2438 1744 2474 spa-

289 2495 384 2530 tium
424 2494 621 2531 relictum.
657 2513 704 2519 —
740 2492 835 2531 991.
880 2491 981 2540 Quin
1018 2491 1109 2530 loris
1140 2497 1212 2529 cet.
1274 2492 1328 2531 Ut
1358 2494 1512 2530 veniam
1543 2493 1743 2543 impetret,

291 2575 337 2599 ne
368 2562 454 2599 lora
485 2563 642 2612 quidem
674 2561 919 2611 deprecatur.
954 2580 1002 2586 -
1038 2561 1130 2599 993.
1169 2555 1272 2607 Quid
1301 2561 1413 2598 istic?
1452 2575 1488 2598 v.
1521 2561 1568 2598 ad
1601 2561 1741 2600 Bacch.

296 2630 413 2668 1046.
473 2629 652 2680 Eutycho
689 2630 771 2667 haec
803 2629 996 2666 dederunt
1026 2628 1156 2666 Sarac.
1189 2628 1340 2667 Camer.
1374 2649 1425 2654 —
1459 2629 1552 2667 994.
1584 2629 1746 2668 utibilest

292 2697 336 2734 R.
397 2697 484 2736 Non
515 2699 638 2746 utilis,
677 2699 701 2736 i.
735 2712 766 2737 e.
797 2699 1042 2747 perniciosus
1081 2702 1140 2734 est
1170 2697 1232 2735 hic
1263 2698 1382 2744 locus,
1420 2698 1475 2734 ita
1506 2702 1550 2734 ut
1580 2702 1743 2747 praeter-

291 2770 426 2804 euntes
457 2767 648 2804 factorum
681 2769 835 2804 tuorum
869 2766 1006 2804 arbitri
1040 2779 1122 2803 esse
1154 2766 1317 2816 possint.
1378 2765 1435 2803 De
1467 2766 1599 2803 dativo
1628 2766 1744 2813 factis
