1963 3243
153 217 223 263 111,
247 219 280 262 2,
306 218 427 260 32—3,
454 218 475 251 2
794 216 988 251 Poenulus.
1558 224 1629 261 151

719 341 1065 384 Collabiscus

150 401 211 453 St,
242 405 348 442 tace.

754 466 1022 508 Aduocati

318 523 427 574 Quid
462 523 558 565 est?

719 592 1064 637 Collabiscus

520 667 650 708 Fores
682 665 763 707 hae
796 665 991 708 fecerunt
1024 681 1223 720 magnum
1256 666 1465 719 flagitium
1500 668 1634 709 modo.

760 738 1025 780 Aduocati

149 796 261 848 Quid
292 796 336 837 ic?
367 801 433 837 est
465 795 630 848 flagiti?

719 865 1063 908 Collabiseus

680 937 952 993 Crepuerunt
984 939 1109 981 clare.

760 1010 1028 1052 Aduocati

1162 1069 1212 1110 Di
1246 1075 1287 1110 te
1321 1070 1536 1123 perduint.

150 1125 265 1167 Pone
294 1138 372 1166 nos
403 1125 567 1167 recede.

714 1195 926 1238 Collabi
943 1210 1067 1239 scus

624 1268 655 1309 F
660 1269 732 1310 iat.

762 1340 1029 1382 Aduocati

807 1412 896 1454 Nos
929 1413 1095 1466 priores
1126 1413 1294 1455 ibimus.
1573 1424 1640 1458 610

722 1482 1067 1527 Collabiscus

153 1556 346 1606 Faciunt,
373 1570 548 1598 scurrae
575 1555 691 1611 quod
717 1560 999 1608 consuerunt3
1031 1571 1142 1610 pone
1161 1571 1252 1598 sese
1270 1557 1464 1599 homines
1482 1557 1636 1598 locant.

762 1628 1030 1670 Aduocati

151 1700 245 1743 Illic
274 1700 402 1742 homo
435 1704 514 1751 est,
546 1700 617 1753 qui
651 1700 885 1753 egreditur,
918 1700 1027 1742 leno.

722 1771 1068 1814 Collabiscus

808 1844 953 1886 Bonus
986 1849 1063 1886 est.
1096 1858 1193 1885 nam
1228 1845 1380 1886 similis
1413 1844 1524 1885 malo
1558 1849 1636 1885 est.

153 1914 242 1957 Iam
272 1929 384 1957 nunc
416 1929 494 1969 ego
525 1915 588 1956 illi
621 1916 860 1968 egredienti
893 1917 1144 1970 sanguinem
1176 1930 1382 1970 exsugam
1415 1916 1574 1970 procul.

306 2108 484 2151 LYCUS
518 2108 683 2150 LENO.
745 2108 1042 2150 ADUOCATI.
1105 2107 1480 2151 COLLABISCUS

778 2187 1013 2230 UILICL’S.
1562 2188 1637 2230 DU

812 2304 978 2359 Lycus

153 2375 243 2418 Iam
273 2377 387 2419 istuc
416 2383 627 2424 reum-tar,
663 2377 806 2428 miles3
840 2378 1049 2418 conuiuas
1082 2377 1180 2418 uolo

155 2447 356 2502 Reperire
387 2449 511 2490 nobis
543 2449 804 2499 commodos,
838 2450 913 2502 qui
944 2463 1029 2490 una
1060 2451 1185 2491 sient.
1574 2460 1640 2493 615

241 2565 309 2599 608
334 2564 456 2600 Sitace
546 2566 588 2599 A.
615 2566 711 2599 fores
735 2565 772 2599 hi
798 2565 955 2600 fecerint
979 2565 1014 2599 Β
1101 2566 1167 2598 609
1193 2565 1228 2598 id
1256 2575 1322 2599 om.
1406 2564 1580 2608 per-diunt
1605 2563 1641 2599 B

153 2619 217 2654 611
242 2619 382 2656 Faciun
407 2621 443 2656 B
577 2627 852 2657 consueuerant
875 2633 993 2666 pones
1021 2633 1098 2656 esse
1123 2622 1158 2655 B
1300 2622 1368 2655 612
1392 2621 1488 2655 malo
1514 2631 1578 2656 om.
1606 2621 1640 2655 B

152 2676 219 2711 613
242 2676 279 2712 Β
303 2679 422 2714 addit:
456 2680 557 2723 lycus
583 2680 821 2721 collabiscus‚
853 2683 927 2713 tum
950 2679 1156 2714 uncialibus
1183 2679 1359 2712 miniati-s:
1403 2677 1532 2712 LENO
1559 2677 1641 2712 AD-

154 2731 335 2769 UOCATI
361 2735 558 2771 UILICUS
652 2737 718 2770 614
745 2737 838 2770 istuc
865 2748 933 2777 ego
1020 2743 1168 2769 reumat-
1193 2734 1238 2777 B,
1264 2740 1432 2768 reuortor
1459 2733 1488 2768 C
1576 2735 1642 2768 615

155 2787 355 2835 Repperire
449 2793 509 2837 qui
536 2803 603 2828 om.
632 2792 662 2828 C
1241 2813 1245 2815 -
