1963 3243
331 158 409 197 162
1004 151 1128 187 Plauti
1519 153 1568 197 Π,
1592 155 1624 194 3,
1649 153 1785 188 84-95

927 277 1193 320 Charinus

329 351 447 392 Dixit
479 365 524 393 se
555 351 796 394 redhibere.
830 352 863 391 si
896 365 981 391 non
1017 351 1198 404 placeat.

1503 432 1509 466 1

930 497 1186 551 Demipho

1209 569 1329 610 Nihil
1361 570 1470 611 istoc
1503 574 1653 623 opust3

332 643 515 694 Litigari
547 642 646 683 nolo
678 655 757 694 ego
788 655 929 695 neque
960 645 1079 682 tuam
1113 645 1259 682 autem
1292 643 1486 682 accusari
1517 641 1658 682 fidem.

331 714 468 756 Multo
495 714 660 768 edepol,
685 715 720 756 si
746 713 852 768 quid
876 713 1184 761 faciundumst,
1211 713 1353 755 facere
1370 713 1516 754 damni
1535 714 1706 755 mauolo
1722 725 1790 758 415

331 786 471 836 Quam
511 786 926 841 opprobramentum
971 791 1046 827 aut
1075 784 1287 837 flagitium
1321 785 1533 827 muliebre
1565 786 1664 827 huic
1694 785 1792 828 fieri

1420 858 1562 900 domo.

333 932 402 973 Me
433 931 512 973 tibi
543 931 663 973 illam
695 944 824 985 posse
857 931 1010 984 opinor
1041 929 1260 972 luculente
1291 929 1493 971 uendere.

931 1078 1200 1122 Charinus

334 1153 444 1194 Dum
486 1153 660 1207 quidem
701 1152 845 1194 hercle
886 1167 939 1194 ne
978 1153 1157 1194 minoris
1197 1152 1374 1203 uendas,
1417 1165 1546 1205 quam
1586 1165 1664 1204 ego
1696 1151 1791 1202 emi,

1421 1229 1558 1278 pater.

933 1327 1193 1382 Demipho

333 1401 447 1443 Tace
482 1401 632 1453 modo;
666 1414 796 1443 senex
829 1406 896 1442 est
927 1400 1116 1454 quidam,
1149 1400 1223 1454 qui
1255 1400 1356 1442 olim
1389 1398 1618 1440 mandauit
1649 1397 1753 1440 mihi

334 1473 393 1515 Ut
423 1487 610 1515 emerem
642 1473 697 1514 ad
727 1474 869 1514 istanc
899 1472 1068 1513 faciem.

932 1619 964 1662 C
974 1619 1004 1661 h
1013 1620 1093 1662 ari
1103 1635 1130 1661 n
1140 1634 1168 1661 u
1181 1634 1201 1662 s

819 1694 875 1735 At
905 1693 1011 1734 mihi
1043 1692 1219 1746 quidam
1252 1691 1524 1741 adulescens,
1557 1694 1694 1744 pater,
1724 1701 1794 1736 420

334 1767 564 1808 Mandauit
594 1769 642 1807 ut
671 1765 727 1807 ad
758 1765 877 1807 illam
909 1765 1077 1815 faciem,
1109 1765 1172 1806 ita
1197 1769 1248 1805 ut
1270 1764 1346 1805 illa
1371 1767 1448 1813 est,
1481 1776 1669 1804 emerem
1695 1762 1798 1816 sibi2
1871 1811 1879 1823 ¹

937 1912 1195 1966 Demipho

336 1987 505 2041 Uiginti
537 1987 666 2028 minis
699 1986 853 2040 opinor
883 1999 1013 2040 posse
1044 1999 1111 2026 me
1142 1984 1261 2026 illam
1295 1983 1495 2026 uendere.

937 2131 1205 2174 Charinus

337 2210 405 2258 At,
439 2221 516 2261 ego
550 2208 586 2249 si
616 2206 763 2260 uelim,
794 2207 882 2248 iam
915 2205 1074 2247 dentur
1105 2209 1271 2259 septem
1303 2209 1348 2246 et
1378 2205 1534 2257 uiginti
1566 2204 1723 2245 minae.

938 2353 1196 2407 Demipho

337 2429 394 2470 At
425 2442 503 2482 ego
535 2451 589 2457 -—

428 2658 494 2691 413
521 2656 699 2691 adhibere
724 2655 760 2690 Β
863 2654 984 2698 placet
1008 2653 1044 2688 B
1151 2664 1243 2697 opus
1268 2651 1305 2686 B
1408 2654 1475 2686 414
1501 2662 1569 2696 ego
1595 2663 1662 2686 uos
1688 2660 1798 2695 quam
1874 2671 1878 2678 ·

339 2719 440 2748 tuam
557 2715 622 2748 416
649 2713 783 2748 exferri
809 2711 856 2752 Β,
884 2711 1017 2746 ecferri
1045 2710 1074 2746 G
1185 2710 1252 2744 419
1277 2709 1339 2753 qui
1365 2708 1467 2743 illam
1493 2708 1684 2743 mandauit

337 2773 401 2806 421
430 2771 624 2821 Mandaust
650 2770 695 2805 ad
788 2771 855 2804 424
881 2769 926 2802 ad
953 2768 1090 2802 dantur
