1963 3243
755 206 798 241 V.
824 207 1016 241 244—285.
1540 210 1620 249 239

137 331 230 385 αφ’-9
260 334 322 372 ed.
355 347 427 384 pr.‚
461 334 507 372 cf.
540 333 633 372 Cist.
664 336 756 372 531.
803 334 889 372 Ter.
919 334 1074 372 Phorm.
1100 336 1193 372 419.
1241 334 1317 372 Cic.
1345 336 1434 374 Lael.
1464 338 1526 381 32,
1561 340 1625 375 85.

137 421 191 428 —
230 403 322 440 264.
363 400 433 452 qui
472 399 534 440 sit
569 404 607 439 in
646 403 678 440 A
719 402 792 440 sibi
832 404 962 450 legere
1001 402 1211 439 videbatur
1249 402 1423 441 Studem.
1464 404 1576 442 stud,
1609 405 1625 441 Ι

137 485 174 522 p.
196 471 298 513 253:
332 470 475 507 ibidem
508 471 622 507 etiam
654 469 800 519 ‚,ipse“.
829 489 884 496 —-
913 465 1093 508 Ambula
1120 470 1174 515 tu,
1207 483 1371 520 puerum
1400 471 1624 520 alloquitur.

252 539 331 576 266
356 552 439 588 sqq.
471 537 660 575 trochaici
686 539 909 587 septenarii.
930 558 983 563 —
1011 539 1103 575 267.
1127 535 1370 586 porriciam,
1404 539 1563 575 verbum
1590 541 1626 577 in

137 619 246 644 sacra
279 619 319 643 re
349 610 594 656 usurpatum,
629 606 674 642 cf.
693 605 812 643 Poen.
832 607 925 644 455.
987 605 1134 643 Locum
1160 606 1293 643 attulit
1312 604 1450 643 Festus
1475 620 1512 656 p.
1533 608 1625 652 218,

137 675 205 712 sed
234 674 422 723 pleraque
453 673 590 710 lacuna
621 673 763 710 hausit.
799 693 845 698 —
882 674 974 711 268.
1044 669 1102 720 Si,
1140 673 1186 710 cf.
1219 673 1340 711 Merv.
1376 675 1453 710 79ss
1486 688 1542 723 sq.
1574 693 1626 699 —

138 739 325 781 deseram
355 742 415 780 ed.
449 754 508 790 pr.
559 760 606 766 -
658 742 751 778 269.
788 741 926 789 potest
964 742 998 778 A
1038 745 1077 777 et
1118 740 1227 779 Serv.
1261 741 1309 778 ad
1341 741 1432 779 AEn.
1461 741 1490 789 Ι,
1527 743 1624 779 378:

141 809 330 856 „Plautus
368 811 408 846 in
449 809 663 847 Pseudolo:
708 809 796 846 Non
836 813 968 859 potest
1004 810 1152 859 pietate
1191 810 1329 847 obsisti
1368 810 1449 846 sive
1486 814 1529 847 ut
1566 824 1626 848 res

137 881 229 916 sunt
266 881 423 924 ceterae3
478 876 579 914 Deos
619 877 775 926 quidem
816 890 912 926 quos
954 879 1118 914 maxime
1156 882 1213 914 est
1253 890 1405 927 aequum
1446 882 1627 921 metuere,

138 958 202 984 eos
232 946 381 983 minimi
413 943 544 982 facit“.
607 944 664 981 Ex
696 957 773 994 quo
804 950 962 982 auctore
990 945 1198 994 Kiessling.
1224 945 1325 982 Mus.
1354 945 1475 982 Rhen.
1494 945 1627 982 XXIII

137 1027 175 1064 p.
209 1014 290 1051 414
326 1011 475 1058 „sicut“
510 1013 686 1062 scripsit,
729 1014 858 1062 aptius
890 1026 1006 1063 quam
1037 1012 1140 1062 quod
1172 1014 1290 1060 vulgo
1322 1018 1412 1062 post
1441 1013 1626 1062 Pyladem

138 1082 268 1119 editur
301 1087 370 1126 „ut
399 1079 490 1128 ut“;
536 1081 604 1118 sed
650 1082 811 1118 retineri
856 1086 985 1130 potest
1021 1082 1185 1131 simplex
1222 1082 1270 1119 ut
1307 1094 1392 1118 cum
1431 1081 1541 1119 hiatu
1587 1084 1626 1118 in

138 1150 291 1187 diaeresi
338 1162 485 1188 versus.
560 1144 743 1187 Lucrum
781 1149 950 1187 Ballioni
996 1163 1166 1187 summus
1212 1151 1382 1186 omnium
1429 1149 1524 1186 deus
1559 1154 1628 1194 est,

136 1217 324 1267 lucroque
355 1219 502 1254 servire
534 1231 684 1255 summa
714 1219 855 1267 pietas.
929 1213 1041 1255 Huic
1079 1219 1134 1254 ait
1172 1214 1325 1265 pietati
1362 1212 1507 1255 obsisti
1545 1227 1629 1254 non

130 1295 281 1335 posse,
326 1287 548 1336 praesertim
586 1287 626 1322 in
664 1290 743 1322 tam
775 1286 927 1323 miseris
959 1285 1094 1331 rebus,
1152 1285 1197 1322 ‘ut
1231 1295 1299 1323 ⁴res
1337 1285 1436 1322 sunt
1472 1285 1626 1323 ceteroe.

139 1353 251 1391 Hunc
288 1367 443 1391 versum
478 1367 596 1403 quum
628 1366 705 1390 non
737 1354 1032 1401 intellexissent,
1065 1353 1261 1403 Ladewig.
1290 1357 1329 1390 et
1346 1353 1508 1390 Lorenz.
1542 1359 1630 1403 post.

138 1434 173 1459 v.
207 1422 287 1460 292
325 1422 548 1471 ponendum
597 1426 849 1467 censuerunt,
896 1423 1116 1470 proximum
1163 1427 1292 1458 autem
1339 1420 1430 1458 Lor.
1471 1423 1628 1459 omnino

137 1491 264 1527 eiecit.
297 1509 353 1515 —
386 1491 464 1528 270
511 1490 693 1527 Pseudoli
721 1496 815 1526 nota
849 1491 888 1526 in
912 1489 943 1526 B
968 1502 1098 1526 errore
1131 1490 1325 1538 superiori
1359 1491 1489 1526 versui
1521 1494 1628 1526 ante-

136 1559 313 1608 ponitur.
357 1576 412 1585 -
461 1559 553 1596 272.
600 1554 666 1595 uel
703 1554 828 1594 huius
864 1552 1068 1595 arbitratu
1106 1553 1172 1595 uel
1208 1567 1318 1604 meo,
1365 1559 1388 1594 i.
1423 1570 1455 1595 e.
1494 1557 1555 1594 vel
1586 1562 1630 1595 ut

135 1625 252 1664 herus
282 1624 368 1663 fieri
400 1626 542 1664 debere
573 1631 705 1663 censet
737 1626 797 1662 vel
829 1631 873 1662 ut
916 1637 1000 1673 ego.
1041 1645 1095 1650 —
1141 1626 1233 1663 273.
1280 1622 1321 1663 si
1359 1622 1509 1675 diffluas
1546 1621 1630 1663 alio

131 1695 276 1744 pacto,
323 1708 375 1732 sc.
406 1701 449 1732 ut
491 1695 642 1731 ameris.
682 1713 737 1718 —-
782 1693 874 1730 274.
921 1690 1103 1731 Amatur
1133 1698 1222 1730 cett.
1256 1694 1338 1731 cod.
1371 1693 1402 1730 B
1435 1693 1629 1732 Pseudolo

137 1762 223 1809 dat3
257 1762 286 1800 C
311 1775 489 1813 personae
521 1767 652 1799 notam
680 1774 777 1809 om.;
817 1761 990 1799 Calidori
1022 1761 1141 1798 verba
1172 1775 1257 1799 esse
1289 1761 1389 1798 vidit
1413 1762 1628 1799 Acidalius.

135 1830 196 1868 Ad
227 1831 390 1881 phrasin
433 1831 477 1868 cf.
511 1831 612 1867 infra
637 1831 730 1868 457.
785 1829 874 1867 Ter.
906 1829 1007 1866 Eun.
1036 1831 1134 1867 271:
1181 1828 1381 1876 ‚‚Statur“.
1429 1829 1537 1867 Pers.
1567 1831 1629 1866 17.

135 1918 191 1924 —
223 1900 314 1936 277.
338 1895 643 1948 propemodum
675 1900 720 1937 A.
753 1912 788 1935 v.
823 1897 937 1935 Lowe
964 1897 1076 1935 Anal.
1104 1911 1141 1947 p.
1170 1898 1261 1935 167.
1294 1917 1350 1922 -
1382 1899 1474 1935 278.
1507 1894 1628 1947 quod,

135 1979 172 2003 v.
206 1966 255 2004 ad
281 1966 393 2004 Curc.
421 1968 513 2004 327.
575 1966 669 2003 Post
703 1975 938 2004 revocamus
967 1966 1124 2015 plenius
1155 1965 1509 2015 interpungendum
1544 1978 1628 2002 esse

137 2035 237 2072 vidit
269 2034 391 2084 Bugg.
423 2035 565 2072 Philol.
598 2034 731 2071 XXXI
762 2047 799 2083 p.
836 2034 928 2071 254.
964 2053 1012 2058 —
1050 2035 1141 2071 279.
1173 2030 1330 2082 Atque,
1370 2046 1405 2071 v.
1439 2033 1487 2070 ad
1518 2034 1625 2070 Asin.

137 2103 230 2141 697.
262 2123 317 2128 —
346 2102 402 2148 ut,
436 2103 491 2145 ὡς,
524 2104 718 2151 quoniam,
751 2115 851 2147 nam,
886 2102 931 2139 cf.
958 2101 1045 2138 Ter.
1078 2101 1198 2138 Andr.
1232 2103 1334 2139 738:
1370 2106 1437 2147 „ut
1466 2106 1507 2138 tu
1541 2102 1628 2150 plus

134 2168 288 2208 uides“.
357 2170 452 2209 Hor.
486 2170 567 2209 Sat.
600 2170 636 2215 Ι,
671 2171 714 2216 9,
749 2171 823 2206 42:
876 2182 989 2218 ,.ego,
1036 2174 1081 2206 ut
1119 2170 1353 2206 contendere
1391 2168 1529 2206 durum
1571 2175 1629 2205 est

135 2250 220 2276 cum
253 2239 414 2284 victore,
447 2236 629 2288 sequor“.
706 2237 895 2275 Similiter
930 2236 1077 2281 .‚sicut“
1123 2237 1225 2274 infra
1258 2238 1348 2276 375.
1381 2236 1428 2273 cf.
1462 2237 1510 2273 ad
1542 2236 1625 2273 Mil.

138 2306 237 2353 520,
280 2307 361 2354 „ita
390 2304 458 2344 ut“
495 2306 582 2344 Ter.
616 2306 738 2343 Andr.
775 2306 823 2341 77
856 2318 913 2354 sq.
959 2324 1013 2330 —
1061 2306 1140 2342 280
1181 2318 1248 2354 sq„
1285 2304 1479 2342 Pseudolo
1519 2303 1628 2341 dedit

134 2373 194 2411 ed.
226 2387 287 2424 pr.
320 2394 375 2399 —
401 2372 529 2423 pudet
548 2404 555 2411 .
575 2405 582 2412 .
603 2404 611 2411 .
630 2370 729 2423 quia
754 2373 949 2422 iungenda
966 2377 1056 2410 sunt
1081 2378 1125 2409 ut
1151 2373 1252 2418 283,
1285 2385 1319 2409 v.
1352 2371 1400 2408 ad
1427 2372 1533 2409 Asin.
1561 2375 1624 2410 55.

134 2462 190 2467 —
212 2439 323 2493 quod
347 2437 422 2480 tibi
442 2438 655 2490 promisit,
689 2451 936 2491 quamquam
964 2437 1021 2489 iel,
1054 2440 1100 2478 cf.
1121 2441 1210 2478 109.
1238 2459 1293 2464 —
1319 2437 1390 2477 (liu
1417 2440 1624 2489 Kiessling.

134 2509 236 2548 Mus.
275 2509 399 2548 Rhen.
431 2509 565 2547 XXIII
602 2523 640 2560 p.
675 2510 776 2556 4153
827 2508 1018 2545 edebatur
1058 2521 1195 2558 parum
1236 2508 1404 2544 feliciter
1446 2520 1625 2556 „quaque

137 2607 145 2615 .
165 2607 173 2615 .
194 2576 323 2616 .d.ie“.
360 2597 406 2603 —
439 2587 523 2615 ‘nrm
555 2574 692 2622 etiam,
720 2576 905 2622 nondum,
938 2576 984 2613 cf.
1018 2576 1068 2613 ad
1098 2575 1216 2613 Most.
1245 2576 1336 2613 369.
1368 2594 1424 2600 —-
1456 2576 1534 2612 282
1566 2588 1623 2624 sq.

134 2645 250 2684 affert·
278 2645 430 2684 Nonius
470 2659 509 2695 p.
542 2645 635 2683 423.
677 2664 734 2669 —
776 2640 933 2692 fertur,
978 2644 1181 2681 toleratur.
1222 2662 1277 2667 —
1323 2643 1414 2680 283.
1462 2639 1626 2680 dedisse

134 2710 271 2752 istunc
307 2715 341 2751 A
379 2718 418 2751 et
454 2713 619 2750 Nonius.
666 2732 721 2737 —
768 2713 860 2749 284.
908 2707 1074 2759 aliquos
1112 2717 1149 2748 et
1188 2724 1258 2760 ego
1303 2710 1396 2747 olim
1434 2715 1473 2747 et
1513 2709 1622 2747 Mun.

133 2780 294 2819 Nachtr.
332 2794 370 2831 p.
405 2782 477 2827 33,
517 2781 563 2818 cf.
599 2781 677 2817 322
710 2784 747 2817 et
779 2784 910 2817 annot.
943 2778 991 2816 ad
1023 2778 1127 2816 Meu.
1162 2779 1254 2817 931,
1297 2797 1345 2804 --
1388 2778 1480 2816 285.
1512 2774 1623 2816 Nam
