1963 3243
260 249 339 287 298
904 247 1098 282 Poenulus,

254 380 382 412 exstat
416 375 675 425 „dissignator
706 373 974 413 scaenarum“.
1034 376 1147 422 Eum,
1181 376 1271 412 dum
1302 376 1434 413 fabula
1465 380 1613 425 agatur,
1647 373 1736 414 ante

253 457 323 480 ora
353 447 616 494 spectatorum
647 444 851 493 praeterire
881 455 958 480 non
989 443 1084 480 vult.
1117 463 1171 467 -—
1203 444 1266 480 21.
1308 441 1563 482 dormierunt
1591 432 1737 495 paenul-

252 512 385 548 timam
418 512 601 560 corripit,
646 510 794 560 Gepp.:
842 511 981 556 „otiosi
1012 510 1116 547 domi
1147 509 1458 549 dormiuerunt“.
1529 512 1627 559 Eos,
1673 514 1740 562 qui

252 581 378 616 serius
410 580 628 629 experrecti
659 592 737 616 non
768 581 856 615 ante
886 579 1081 628 inceptam
1106 578 1279 616 fabulam
1305 581 1494 627 venerint,
1526 580 1567 617 in
1590 580 1740 618 ultimis

251 647 346 685 locis
377 650 524 684 stantes
557 659 709 684 manere
740 645 870 692 iubet3
911 645 1016 696 quod
1048 647 1080 683 si
1110 647 1246 693 nolint,
1280 660 1346 684 eos
1377 660 1511 685 somno
1541 648 1737 686 moderari

252 718 435 764 oportere
462 715 567 751 dicit.
589 734 636 738 —
658 715 722 750 22.
755 710 832 760 uel,
866 714 912 751 cf.
933 714 998 751 24.
1026 714 1074 751 ad
1092 713 1232 752 Pseud.
1250 715 1344 752 437.
1363 735 1418 739 —
1435 711 1616 753 dormire
1640 716 1737 754 tem-

243 783 404 831 perent,
438 783 484 819 cf.
519 783 582 819 33.
621 783 738 819 1033.
799 781 951 830 Tragia.
984 796 1046 831 ap.
1080 782 1157 820 Cic.
1184 782 1326 830 Div.1‚
1359 784 1422 828 21,
1455 784 1529 820 42;
1566 787 1738 834 „tempe-

252 854 359 887 raret
388 848 568 887 tolle1·e“.
630 849 728 887 Gell.
761 849 825 896 IV,
860 851 896 896 9,
931 851 966 887 5.
998 869 1051 874 -
1085 851 1148 887 23.
1180 860 1231 887 ne
1261 845 1487 897 obsideant,
1520 865 1567 888 ne
1599 851 1738 888 sedilia

251 922 454 966 occupent.
488 937 541 942 —-
583 919 646 954 24.
679 927 746 955 aes
767 927 850 965 pro
882 914 1025 965 eapite,
1059 922 1102 954 ut
1132 918 1355 954 libertatem
1387 922 1530 965 emant,
1563 919 1610 956 cf.
1645 920 1736 957 518.

251 987 298 1022 ad
316 985 433 1023 Most.
453 987 544 1040 206.
563 1005 616 1010 ——
644 987 706 1024 25.
736 981 871 1023 nitent
884 982 1127 1033 infortunio,
1156 1000 1189 1023 v.
1210 986 1256 1023 ad
1276 986 1385 1023 Curc.
1411 987 1504 1024 298.
1551 984 1738 1035 ancipiti,

251 1069 273 1090 a
312 1054 458 1102 duplici
489 1054 589 1091 malo
620 1066 684 1091 eos
725 1067 861 1091 cavere
892 1054 1017 1100 iubet,
1065 1067 1112 1091 ne
1151 1056 1191 1090 et
1225 1054 1264 1091 in
1296 1054 1449 1091 theatro
1482 1068 1504 1091 a
1533 1055 1739 1093 lictoribus

251 1118 305 1172 (v.
337 1119 404 1171 18)
436 1125 475 1159 et
506 1122 610 1158 domi
642 1135 664 1158 a
695 1122 863 1159 dominis
890 1121 1161 1160 verberentur.
1188 1141 1244 1146 —
1269 1123 1332 1159 26.
1364 1119 1593 1170 narrentur,
1626 1125 1737 1170 varii,

249 1192 274 1227 i.
308 1203 338 1226 e.
371 1190 484 1227 lividi
514 1188 628 1237 fiant,
668 1203 702 1226 v.
736 1189 818 1226 Mil.
852 1191 945 1227 218.
977 1209 1032 1213 —
1073 1191 1137 1227 27.
1170 1187 1382 1228 curassz'nt
1420 1191 1506 1228 edd.
1542 1211 1596 1216 -
1626 1201 1739 1230 reue·
1802 1226 1805 1229 .

248 1255 371 1295 ‘niani
386 1257 509 1306 Gepp.
527 1277 582 1282 —
601 1259 664 1294 29.
694 1256 787 1304 ,‚ut“
810 1257 960 1304 delevi,
993 1271 1060 1294 cur
1086 1259 1184 1295 enim
1212 1257 1284 1295 hoc
1302 1271 1376 1294 uno
1394 1258 1477 1296 loco
1494 1258 1738 1308 poneretur?

249 1345 303 1350 —-
338 1326 572 1373 procurent,
613 1326 658 1362 cf.
693 1325 741 1362 ad
772 1325 883 1363 Cure.
919 1327 1010 1363 518.
1044 1345 1097 1351 —
1137 1336 1240 1363 neue
1270 1326 1428 1364 Parcus.
1461 1346 1515 1351 —
1545 1323 1740 1375 adferant

250 1397 289 1431 et
321 1395 369 1431 31
403 1390 525 1431 haedi
555 1393 641 1431 edd.
683 1413 735 1418 —
776 1395 841 1432 32.
883 1391 1048 1432 rideant
1078 1393 1165 1431 edd.
1205 1414 1260 1418 —
1308 1396 1371 1432 33.
1424 1390 1589 1432 Canora
1628 1396 1736 1433 item.

249 1481 300 1486 —-
346 1462 408 1499 34.
449 1457 636 1500 Domum
665 1461 900 1512 conferant,
944 1463 968 1499 i.
1001 1475 1032 1499 e.
1066 1466 1266 1500 reservent
1308 1462 1441 1500 domui
1478 1463 1540 1500 vel
1580 1463 1737 1501 domum

248 1530 500 1567 transferant.
567 1540 799 1577 „sermones
821 1526 1053 1578 fabulandi,
1086 1531 1112 1567 i.
1131 1544 1162 1566 e.
1190 1544 1385 1568 sermones
1412 1530 1460 1567 ad
1488 1531 1738 1569 fabulandum

249 1596 583 1636 accommodatos“
619 1598 777 1644 Lamb.;
810 1599 857 1636 cf.
883 1599 930 1636 ad
948 1598 1031 1635 Mil.
1053 1600 1151 1636 639:
1189 1599 1432 1648 „exemplum
1464 1596 1737 1648 experiundi“.
1812 1643 1817 1648 ι
1888 1625 1899 1653 '.

251 1687 303 1690 —
322 1667 384 1703 36.
417 1667 451 1703 Α
468 1667 756 1715 spectatoribus
783 1666 832 1704 ad
859 1667 1037 1704 ludorum
1066 1669 1268 1704 curatores
1291 1667 1447 1713 transit,
1481 1668 1548 1716 qui
1566 1668 1662 1704 actis
1679 1667 1736 1704 fa-

247 1734 348 1772 bulis
388 1734 522 1771 Graeco
562 1748 666 1771 more
705 1737 855 1785 optimo
893 1738 1020 1784 poetae
1062 1735 1287 1784 optimoque
1332 1735 1514 1772 histrioni
1553 1732 1736 1783 palmam

248 1802 475 1848 tradebant,
523 1816 557 1839 v.
598 1803 706 1840 Trin.
749 1804 842 1840 706.
896 1802 1037 1852 Amph.
1080 1804 1143 1840 69.
1198 1803 1286 1839 Ter.
1328 1802 1485 1840 Phorm.
1521 1804 1570 1840 17
1611 1806 1651 1840 et
1689 1803 1736 1840 de

249 1870 488 1908 circensibus
526 1870 629 1908 ludis
670 1870 755 1908 Liv.
786 1870 842 1915 X,
876 1871 947 1917 47,
983 1871 1017 1908 3.
1094 1870 1172 1908 Eos
1212 1874 1344 1908 monet
1380 1874 1426 1907 ut
1465 1872 1569 1908 iusta
1609 1870 1739 1909 ferant

248 1939 402 1986 iudicia,
447 1952 523 1975 non
557 1939 770 1976 ambitione
802 1942 869 1975 aut
899 1938 1032 1975 favore
1065 1942 1270 1989 corrupta,
1313 1939 1359 1976 cf.
1391 1939 1533 1989 Amph.
1567 1939 1591 1976 l.
1625 1939 1648 1976 l.
1680 1959 1736 1964 -—

247 2027 300 2031 —
328 2008 392 2044 39.
426 2003 522 2044 bom’
550 2007 661 2044 Acid.
680 2027 734 2032 —
760 2009 825 2044 41.
861 2003 1128 2055 Pedisequos,
1161 2007 1229 2056 qui
1260 2007 1436 2045 dominos
1467 2008 1506 2044 in
1536 2007 1734 2045 theatrum

248 2077 422 2113 comitati
462 2078 571 2120 sunt,
619 2075 802 2112 hortatur
839 2079 883 2112 ut
920 2076 959 2112 in
998 2076 1145 2125 popina
1182 2074 1363 2113 ludorum
1403 2079 1558 2124 tempus
1597 2087 1733 2113 consu-

249 2147 366 2181 mant.
407 2162 463 2167 —
501 2144 565 2179 43.
598 2138 807 2181 scriblitae
838 2143 984 2192 Gepp.,
1031 2143 1136 2192 quod
1166 2143 1356 2192 placentae
1388 2155 1508 2191 genus
1539 2143 1735 2192 quomodo

248 2212 326 2258 fiat,
359 2212 473 2248 docet
503 2211 601 2254 Cato
635 2211 679 2248 R.
713 2211 757 2248 R.
792 2213 857 2249 78.
918 2211 1087 2248 Maxime
1119 2211 1255 2248 calidae
1286 2211 1506 2261 placebant,
1548 2224 1584 2249 v,
1616 2211 1734 2249 Mart.

248 2279 315 2326 III,
354 2280 422 2316 17:
475 2279 736 2326 „Circumlata
767 2279 831 2316 diu
867 2281 1007 2316 mensis
1033 2279 1208 2317 scriblita
1233 2280 1413 2317 secundis
1437 2279 1586 2318 Urebat
1617 2280 1736 2317 nimio

248 2361 348 2385 δῖε-νει
379 2348 507 2384 calore
539 2344 718 2384 manus“.
790 2344 1127 2393 „Scriblitariu1n“
1173 2347 1290 2384 habet
1320 2348 1454 2384 Afran.
1487 2361 1523 2385 v.
1560 2349 1649 2386 161.
1681 2367 1735 2372 -

249 2412 460 2453 culcm'rz'te
489 2414 600 2452 Acid.
629 2433 676 2439 —-
713 2415 778 2452 44.
810 2419 912 2453 Ante
943 2412 1110 2453 histrico
1141 2415 1283 2461 hiatus,
1315 2429 1350 2452 v.
1384 2415 1537 2463 Proleg.
1570 2428 1608 2464 p.
1637 2416 1736 2462 183;

251 2483 386 2532 vulgo:
424 2485 638 2531 „imperata
670 2495 769 2532 quae
800 2481 931 2520 sunt“.
963 2503 1017 2508 —
1049 2485 1114 2521 45.
1146 2479 1316 2530 Bonum
1345 2481 1515 2533 factum,
1546 2495 1582 2520 V.
1620 2483 1680 2520 16.

361 2552 526 2588 46-49
570 2550 736 2600 Hasper.
777 2550 911 2588 Jahrb.
953 2552 978 2589 f.
1019 2551 1161 2589 Philol.
1201 2550 1403 2600 Supplem.
1434 2550 1468 2587 V
1506 2565 1544 2600 p.
1579 2550 1658 2588 304
1690 2563 1737 2587 ex

248 2619 470 2668 antiquiore
509 2619 660 2668 prologi
699 2621 922 2656 recensione
961 2619 1197 2670 repetendos
1244 2631 1325 2656 esse
1371 2617 1595 2664 contendit3
1640 2617 1734 2655 mihi

249 2687 381 2735 potius
426 2690 562 2735 postea
607 2684 730 2724 additi
775 2687 970 2724 videntur.
1060 2684 1132 2725 Aa
1181 2686 1467 2735 aramentum
1511 2682 1737 2735 remim-are

250 2767 384 2802 parum
421 2759 522 2790 recte
555 2754 716 2799 dicitur,
757 2756 939 2803 quoniam
979 2767 1187 2803 numquam
1223 2758 1335 2790 antea
1367 2758 1641 2801 argumentum
1672 2757 1731 2790 te-

248 2822 351 2869 tigit.
427 2821 549 2870 Gepp.
593 2819 814 2870 „Migrare“
857 2823 1028 2871 scripsit.
1112 2818 1358 2862 uicissatim,
1406 2822 1430 2858 i.
1469 2835 1500 2858 e.
1543 2821 1723 2867 vicissim,
