1963 3243
279 214 333 252 48
964 207 1082 242 Plauti
1471 207 1503 250 I,
1529 209 1560 250 5,
1589 209 1764 243 142—158

961 333 1097 374 Simo

279 391 376 432 Non
407 390 651 432 demutabo.

864 460 1172 501 Pseudolus

713 532 911 585 Namque
945 530 1107 584 edepol,
1139 532 1174 572 si
1206 545 1289 572 non
1322 531 1457 582 dabis,

280 603 477 646 Clamore
509 618 662 657 magno
695 609 737 645 et
769 603 902 644 multo
935 601 1202 655 flagitabere.

280 677 406 729 Agite
436 676 674 717 amolimini
704 675 804 716 hinc
836 688 914 715 uos
946 674 1058 714 intro
1091 686 1203 714 nunc
1235 674 1320 714 iam

279 748 340 789 Ao
370 747 476 788 meis
507 747 699 789 uicissim
734 747 833 788 date
867 745 1002 787 locum
1039 744 1221 786 fallaciis
1700 756 1767 790 560

893 830 1143 884 Callipho

279 905 398 957 Fiat3
429 910 605 958 geratur
635 918 726 945 mos
759 904 850 945 tibi.

876 988 1171 1031 Pseudolus

927 1060 1008 1101 Sed
1041 1065 1083 1102 te
1114 1060 1214 1101 uolo

281 1136 407 1178 Domi
437 1148 572 1188 usque
605 1134 770 1175 adesse.

894 1218 1145 1273 Callipho

827 1289 938 1340 Quin
972 1291 1052 1332 tibi
1084 1291 1196 1332 hano
1228 1304 1402 1344 operam
1435 1289 1543 1332 dico.

956 1378 1091 1419 Simo

280 1453 335 1493 At
367 1465 446 1505 ego
479 1451 534 1492 ad
564 1450 703 1491 forum
735 1450 828 1501 ibo;
860 1450 946 1490 iam
978 1449 1047 1490 hio
1080 1463 1165 1490 ero.

906 1535 937 1577 C
948 1536 1019 1577 all
1030 1537 1041 1576 i
1053 1552 1079 1589 p
1091 1535 1119 1576 h
1130 1551 1153 1577 o

1225 1609 1428 1649 Actutum
1458 1606 1562 1648 redi.

877 1694 1175 1736 Pseudolus

282 1769 476 1823 Suspicio
509 1772 574 1809 est
607 1767 709 1808 mihi
741 1781 852 1808 nunc
883 1781 960 1808 uos
993 1767 1268 1820 suspicarier,

283 1842 351 1883 Me
381 1841 543 1882 ideirco
575 1839 680 1881 haec
711 1844 834 1880 tanta
865 1838 1058 1880 facinora
1089 1838 1153 1878 his
1184 1839 1451 1892 promittere,
1510 1832 1517 1838 ”
1704 1848 1770 1882 565

284 1913 378 1963 Quo
411 1926 488 1954 uos
521 1911 747 1960 oblectem,
779 1910 891 1952 hanc
922 1910 1116 1951 fabulam
1148 1909 1249 1950 dum
1279 1910 1530 1962 transigam,

285 1984 453 2038 [Neque
485 1985 562 2025 sim
594 1982 790 2025 facturus
823 1982 940 2037 quod
970 1981 1190 2023 facturum
1222 1981 1426 2022 dixeram.

283 2057 378 2099 Non
411 2055 659 2104 demutabo,
692 2060 824 2108 atque
857 2055 986 2096 etiam
1019 2059 1181 2095 eertum
1214 2053 1329 2106 quod
1360 2050 1523 2105 sciam]

285 2127 377 2177 Quo
410 2127 453 2169 id
486 2128 565 2169 sim
595 2126 789 2168 facturus
822 2131 959 2180 paeto,
995 2125 1102 2166 nihil
1134 2126 1261 2166 etiam
1293 2125 1394 2174 scio,

283 2200 379 2241 Nisi
410 2200 512 2254 quia
542 2199 733 2240 futurum
767 2203 854 2249 est;
887 2211 986 2239 nam
1019 2198 1091 2251 qui
1122 2198 1166 2238 in
1198 2209 1370 2238 scenam
1403 2195 1613 2249 prouenit,
1706 2205 1772 2239 570

284 2271 410 2314 Nouo
443 2270 569 2312 modo
602 2284 760 2311 nouom
792 2269 956 2323 aliquid
987 2269 1212 2310 inuentum
1244 2267 1411 2309 adferre
1444 2266 1647 2317 addecet3

287 2342 329 2384 Si
359 2342 404 2384 id
435 2342 575 2384 facere
607 2346 808 2395 nequeat,
843 2341 915 2382 det
948 2341 1089 2382 locum
1120 2340 1181 2381 illi
1214 2340 1287 2394 qui
1320 2345 1463 2393 queat..

286 2413 532 2457 Concedere
564 2413 878 2467 aliquantisper
909 2413 1006 2454 hinc
1039 2412 1142 2453 mihi
1174 2413 1286 2454 intro
1317 2411 1451 2461 lubet,

377 2557 440 2589 557
467 2554 518 2589 SI.
545 2564 600 2589 om
741 2554 805 2586 558
836 2552 991 2585 multom
1016 2544 1059 2594 Β,
1093 2551 1248 2584 multum
1276 2549 1303 2584 C
1438 2548 1542 2593 flagit
1565 2547 1700 2582 habere
1726 2546 1771 2590 B,

286 2611 412 2654 flagito
439 2611 547 2645 abere
574 2610 601 2644 C
693 2610 757 2643 559
783 2608 1003 2642 amouemini
1031 2608 1058 2642 C
1154 2608 1217 2640 561
1247 2606 1327 2640 Flat
1351 2605 1386 2640 Β
1481 2617 1546 2639 uos
1572 2604 1616 2647 Β,
1644 2603 1719 2639 Nos
1748 2603 1776 2639 C

291 2668 351 2702 1¹5.
378 2679 443 2702 om.
556 2668 620 2701 562
647 2666 716 2700 CA.
743 2676 807 2700 om.
835 2664 862 2699 C
995 2666 1061 2698 5153
1088 2665 1199 2698 adero
1224 2662 1289 2697 BC
1409 2663 1473 2696 565
1499 2662 1661 2696 facinora
1685 2673 1772 2706 pro-

287 2726 434 2758 mittere
461 2723 528 2758 BC
613 2723 683 2756 '566
709 2722 801 2765 Quin
827 2721 894 2756 BC
998 2723 1062 2755 569
1090 2720 1178 2755 Cum
1206 2719 1233 2754 C
1322 2719 1359 2753 id
1385 2729 1452 2753 om.
1477 2717 1544 2752 BC
1644 2719 1709 2752 572
1734 2717 1772 2752 id

288 2792 352 2815 om.
380 2781 411 2814 A
496 2785 532 2814 et
557 2779 622 2814 BC
712 2780 776 2813 573
803 2779 883 2812 iuro
