1963 3243
740 226 782 261 V.
811 227 1043 262 1288—1337.
1559 232 1644 272 287

151 361 196 394 ut
226 357 376 394 incuria
408 356 550 393 factum
591 355 790 402 videatur,
838 355 906 393 sed
945 330 1164 405 sequunuin·
1201 357 1451 406 posteriores.
1498 377 1552 382 —
1597 368 1644 395 ac

151 437 288 463 versus
320 437 435 461 causa
467 422 707 474 Spengelius.
758 443 805 448 -—
854 433 917 462 me
954 432 1200 472 consequere
1237 424 1275 460 in
1317 425 1557 471 convivium,
1604 439 1641 463 v.

155 492 274 530 1330.
324 492 419 530 Post
450 491 532 529 haec
564 491 738 529 diaeresis
771 492 830 528 vel
863 492 994 541 potius
1025 492 1154 528 exitus
1185 490 1356 528 dimetri.
1432 492 1474 528 In
1506 495 1640 541 proxi-

150 561 224 598 mis
254 564 345 611 post
376 568 537 598 onerem
567 559 747 597 similiter
778 559 910 597 hiatus
941 572 1094 597 versum
1127 558 1292 604 divellit,
1325 563 1369 596 ut
1400 559 1477 597 duo
1511 573 1641 598 mono·

150 630 264 666 metri
295 627 403 666 fiant.
430 647 485 653 —
520 628 639 665 1319.
679 623 799 666 Satin
830 627 1010 676 Pylades.
1070 623 1194 673 ultro,
1226 628 1259 664 si
1289 640 1444 665 sensum
1477 633 1641 678 spectas,

151 709 234 735 cum
267 693 422 734 inridet
450 696 691 746 iungendum
723 700 807 733 est..
843 715 899 720 -—
936 696 1053 733 1320.
1091 689 1210 741 „Uele
1238 691 1380 733 ἰι2”6ιί’8“
1417 697 1473 733 ait
1503 696 1643 734 Festus

149 778 188 815 p.
223 765 303 802 372
344 765 408 811 „in
440 763 690 813 proverbium
732 765 884 802 venisse
925 761 1196 801 existimatur“
1231 767 1342 812 gesta
1372 763 1466 801 belli
1498 764 1642 803 Gallici

148 845 315 870 narrans
345 835 389 869 ut
422 830 508 868 Liv.
533 831 578 878 V,
612 833 685 879 48;
732 833 799 870 sed
839 836 918 869 tam
951 831 1052 868 nude
1084 831 1248 868 Plautus
1279 831 1532 881 proverbium
1565 847 1641 872 non

149 902 358 951 posuisset.
390 919 446 924 —
476 899 537 936 Ab
569 900 639 937 hoc
671 913 784 938 versu
817 900 865 937 ad
898 902 1044 937 exitum
1077 899 1218 937 fabulae
1243 901 1280 937 in
1306 900 1497 939 Palatinis
1529 902 1640 940 codd.

148 981 220 1018 pro
261 968 428 1006 Simonis
467 972 562 1006 nota
593 967 622 1005 B
665 969 847 1017 ponitur,
889 969 1002 1017 quasi
1035 967 1244 1013 Ballionis,
1293 982 1405 1018 quem
1445 969 1535 1006 inde
1574 983 1640 1007 an-

147 1037 248 1086 tiqui
287 1036 374 1074 edd.
408 1036 523 1074 huius
562 1050 718 1087 quoque
751 1049 873 1075 scenae
906 1036 1136 1086 participem
1168 1036 1358 1085 fecerunt,
1401 1050 1533 1074 errore
1564 1039 1640 1076 iam

147 1104 300 1156 pridem
331 1104 545 1142 intellecto.
585 1125 639 1129 —
685 1105 803 1142 1322.
836 1114 900 1142 me
929 1105 1124 1142 ablativus
1156 1109 1227 1151 est,
1259 1119 1294 1142 v.
1329 1104 1461 1142 Madv.
1495 1105 1560 1144 Gr.
1594 1106 1640 1144 L.

149 1173 250 1219 2673
281 1172 327 1210 R.
364 1170 465 1218 „mi“
503 1174 612 1222 quasi
641 1186 688 1210 ex
712 1174 765 1219 A,
799 1186 933 1210 verum
967 1171 1020 1209 ibi
1052 1185 1129 1210 non
1162 1172 1281 1210 MIHI
1314 1174 1426 1222 legit,
1464 1175 1534 1212 sed
1564 1174 1638 1221 MI,

146 1242 171 1278 i.
193 1254 226 1279 e.
246 1240 334 1278 ME.
353 1260 407 1265 —
431 1241 550 1278 1324.
587 1241 765 1287 „auferre
790 1239 891 1278 non“
921 1242 952 1278 si
978 1240 1025 1278 ab
1050 1240 1162 1278 initio
1186 1241 1374 1292 scriptum
1391 1241 1477 1287 fuit,
1497 1243 1640 1280 excidit

151 1313 213 1356 „te
236 1306 400 1358 pudet“.
462 1309 552 1346 Iure
575 1309 743 1347 Pistoris
771 1309 1041 1357 „auferesne“,
1075 1321 1146 1358 ego
1171 1307 1354 1359 auserem,
1374 1314 1417 1347 ut
1438 1311 1556 1349 1225.
1585 1331 1641 1336 —

150 1377 270 1415 1325.
297 1373 397 1414 Non
413 1373 575 1416 audes?
604 1378 629 1415 i.
647 1391 679 1415 e.
698 1391 773 1415 non
791 1375 877 1414 vis?
911 1377 958 1415 cf.
978 1378 1042 1414 79.
1060 1396 1116 1402 —
1137 1375 1246 1423 „hic“
1267 1379 1399 1424 omisi;
1433 1392 1522 1416 num
1549 1381 1588 1416 in
1605 1382 1639 1417 A

145 1445 276 1492 fuerit,
309 1447 527 1494 ignoratur.
589 1445 655 1483 R.:
701 1443 881 1492 ‚,huius“.
942 1444 997 1482 Cf.
1031 1445 1078 1482 ad
1111 1445 1229 1483 Most.
1267 1447 1385 1483 1111.
1418 1466 1474 1470 -
1518 1448 1637 1486 1326.

146 1508 260 1551 IVum
292 1514 441 1564 scripsi.
507 1511 644 1560 ,‚Non“
679 1527 751 1564 pro
785 1510 993 1561 „minime“
1028 1515 1082 1550 sic
1115 1527 1192 1557 non
1225 1514 1383 1551 dicitur.
1416 1535 1472 1539 —
1516 1517 1637 1554 1327.

142 1577 289 1631 Neque
318 1583 491 1632 ponitur,
526 1583 636 1632 quasi
669 1583 941 1620 antecessisset.
975 1580 1136 1628 „n010“;
1175 1580 1311 1619 Cicero
1340 1595 1412 1628 „ne
1438 1582 1637 1632 quidem“,

139 1651 351 1699 posuisset,
383 1664 419 1687 v.
446 1649 618 1699 Madvig.
644 1649 738 1688 Exc.
772 1650 828 1687 III
860 1650 909 1687 ad
934 1649 1010 1687 Cic.
1038 1650 1084 1686 de
1102 1649 1188 1687 Fin.
1221 1669 1276 1674 —
1311 1651 1429 1688 1328.
1465 1652 1636 1701 tergum,

139 1718 179 1754 in
213 1717 316 1767 quod
348 1718 505 1765 saevias,
549 1719 595 1756 cf.
629 1719 676 1756 ad
708 1720 816 1757 Asin.
853 1719 946 1756 317.
984 1737 1037 1743 —
1081 1719 1199 1755 1329.
1239 1715 1331 1768 Aye
1360 1728 1462 1757 sane
1491 1716 1633 1770 mitur,

139 1786 164 1823 i.
198 1798 230 1823 e.
263 1785 295 1824 si
326 1788 429 1836 tergi
460 1787 690 1837 patientiam
723 1788 895 1838 experiri
927 1788 997 1832 vis,
1042 1787 1276 1836 experieris3
1317 1790 1399 1824 tum
1431 1787 1539 1825 abire
1570 1790 1631 1826 in-

139 1853 250 1902 cipit.
327 1853 416 1891 Haec
454 1855 649 1904 iungenda
692 1868 775 1892 esse
806 1854 906 1892 vidit
937 1854 1045 1891 Brix.
1080 1853 1128 1890 ad
1160 1853 1244 1892 Mil.
1282 1855 1406 1903 1024,
1453 1861 1497 1893 ut
1528 1857 1634 1896 Men.

143 1921 241 1967 155;
283 1922 329 1959 cf.
363 1923 482 1959 etiam
515 1923 636 1960 Mei-c.
671 1924 763 1961 372.
818 1922 937 1960 Poen.
973 1923 1065 1959 554.
1131 1922 1280 1971 „Igitur
1311 1921 1420 1960 redi“
1455 1926 1631 1974 ineptum

139 1994 210 2026 est.
241 2009 296 2014 -—
340 1990 459 2028 1330.
500 1987 516 2026 ἱ
546 1991 697 2028 Acidal.
730 1991 873 2040 aliique
906 1990 994 2027 add.
1027 2009 1082 2015 —
1122 1986 1233 2038 quod
1270 1990 1307 2028 tc
1336 1986 1474 2041 iubeo,
1515 2007 1550 2031 v.
1583 1995 1633 2032 ad

137 2056 276 2094 Bacch.
310 2059 404 2096 989.
436 2077 493 2082 —
536 2059 654 2096 1331.
685 2055 788 2107 plus
819 2058 880 2096 ed.
913 2072 973 2108 pr.
1013 2077 1067 2082 -·
1111 2059 1215 2095 1332
1248 2071 1305 2108 sq.
1339 2064 1509 2108 systema
1541 2061 1632 2100 bao-

137 2125 312 2162 chiacum
344 2139 427 2163 esse
458 2126 642 2164 viderunt
668 2126 812 2164 Christ.
840 2126 988 2164 Metrik
1011 2139 1049 2175 p.
1068 2126 1147 2164 453
1175 2130 1214 2163 et
1231 2126 1385 2164 Winter
1409 2128 1434 2165 l.
1452 2129 1476 2165 l.
1495 2142 1534 2179 p.
1555 2131 1629 2174 58;

135 2197 253 2242 negat
270 2192 451 2242 Spengel.
471 2194 798 2232 Reformvorschl.
825 2208 864 2245 p.
892 2195 983 2231 217.
1032 2193 1092 2231 Fl.
1128 2193 1170 2240 „1
1200 2195 1316 2232 modo
1341 2193 1438 2232 hac“
1460 2198 1628 2247 scripsit,

137 2273 214 2309 quo
245 2260 349 2299 facto
381 2261 531 2300 bacchii
561 2263 680 2300 etiam
712 2277 746 2300 v.
785 2264 889 2301 1334
930 2264 1223 2300 continuantur.
1263 2282 1318 2287 —
1362 2264 1481 2302 1335.
1532 2277 1631 2314 „ego

136 2326 252 2378 ergo“
287 2328 332 2366 R.
366 2330 434 2367 alii
464 2331 579 2367 metri
611 2343 739 2368 causa.
778 2351 834 2356 —
876 2331 994 2368 1336.
1040 2331 1097 2376 „si
1128 2328 1272 2367 uoltis“
1317 2330 1408 2368 olim
1448 2333 1629 2371 emenda-

134 2398 237 2443 tum;
268 2393 396 2435 sultis
426 2397 593 2436 Winter.
621 2418 676 2423 —
707 2397 942 2449 „plaudere“
972 2397 1171 2448 Spengel,
1205 2397 1251 2436 cf.
1276 2397 1326 2435 ad
1359 2398 1498 2437 Bacch.
1527 2406 1627 2440 extr.

134 2482 187 2488 —
231 2465 351 2502 1337.
399 2462 442 2502 in
483 2463 715 2504 cra-§tinum
745 2477 822 2505 uos
852 2463 1025 2515 vocabo,
1070 2478 1148 2503 non
1188 2465 1237 2502 ad
1270 2479 1424 2514 cenam,
1470 2468 1537 2506 sed
1577 2470 1626 2508 ad

133 2544 273 2570 novum
305 2534 583 2584 spectaculum,
616 2547 651 2571 v.
685 2535 830 2573 Ritsch.
863 2535 1023 2584 Parerg.
1056 2549 1093 2585 p.
1129 2537 1220 2574 296.
