1963 3243
319 190 342 227 6
982 181 1105 216 Plauti
1520 178 1547 218 Ι,
1575 179 1603 220 1,
1632 178 1766 211 16—30

877 307 1204 358 Artotrogus

318 383 512 434 Memini3
544 395 698 434 nempe
728 380 850 420 illum
883 379 988 419 dicis
1020 391 1117 418 cum
1150 377 1278 417 armis
1311 376 1466 426 aureis,

319 454 482 504 Quoius
513 457 561 494 tu
592 452 783 505 legiones
815 449 1040 492 diffiauisti
1073 448 1227 502 spiritu

320 524 451 574 Quasi
483 528 638 566 uentus
670 523 773 564 folia
802 526 879 563 aut
910 520 1133 575 peniculus
1163 519 1402 561 tectorium.

819 606 1265 662 Pyrgopolinices

317 683 434 723 Istuc
465 681 637 736 quidem
670 680 823 734 edepol
854 679 960 720 nihil
993 682 1069 719 est.

879 767 913 807 A
924 780 944 807 r
954 769 974 806 t
985 779 1007 806 0
1021 771 1038 806 t
1049 779 1069 806 r
1079 779 1102 806 o
1114 778 1139 817 g
1150 779 1177 805 u
1188 778 1206 805 s

1101 835 1218 877 Nihil
1249 835 1392 876 hercle
1423 835 1504 877 hoc
1535 835 1766 889 quidemst,

319 913 480 953 Praeut
511 910 597 952 alia
628 910 781 959 dicam,
813 914 861 950 tu
894 922 1006 962 quae
1037 921 1268 962 numquam
1301 907 1465 950 feceris.
1724 918 1768 952 20

317 983 604 1025 Periuriorem
636 981 720 1023 hoc
750 981 966 1023 hominem
997 980 1032 1021 si
1063 980 1158 1033 quis
1189 979 1348 1020 uiderit

320 1055 405 1095 Aut
435 1054 666 1106 gloriarum
699 1053 948 1107 pleniorem,
982 1065 1111 1106 quam
1141 1051 1232 1092 illic
1262 1054 1340 1101 est,

317 1129 385 1169 Me
416 1127 499 1169 sibi
529 1125 702 1176 habeto,
735 1126 774 1167 ei
806 1139 882 1178 ego
915 1138 981 1166 me
1011 1124 1240 1177 mancupio
1271 1123 1405 1174 dab03

318 1199 411 1241 Nisi
441 1213 594 1240 unum:
627 1199 838 1252 epityrum
871 1197 936 1238 illi
968 1201 1086 1238 estur
1115 1197 1314 1238 insanum
1346 1195 1465 1237 bene.

819 1283 1267 1338 Pyrgopolinices

319 1358 401 1401 Ubi
432 1362 481 1400 tu
512 1358 588 1400 es‘?

876 1428 1204 1480 Artotrogus

587 1501 760 1542 Eccum.
822 1500 990 1555 Edepol
1022 1500 1091 1542 uel
1123 1499 1354 1553 elephanto
1386 1498 1428 1540 in
1458 1498 1582 1540 India
1723 1509 1768 1543 25

319 1574 410 1625 Quo
442 1578 572 1629 pacto
603 1587 746 1628 pugno
779 1572 1050 1627 praefregisti
1082 1571 1318 1614 brachium.

817 1659 1264 1715 Pyrgopolinices

319 1734 443 1785 Quid,
473 1734 726 1775 brachium?

879 1790 1205 1842 Artotrogus

789 1862 902 1904 Illud
934 1862 1076 1903 dicere
1108 1861 1229 1903 uolui
1264 1859 1466 1911 „femur“.

819 1948 1265 2003 Pyrgopolinices

318 2022 374 2063 At
398 2022 682 2075 indiligenter
712 2023 882 2063 iceram.

879 2109 912 2151 A
925 2113 972 2150 rt
985 2123 1008 2151 o
1019 2112 1067 2151 tr
1078 2123 1101 2151 o
1113 2122 1140 2162 g
1150 2123 1176 2150 u
1187 2122 1206 2150 s

926 2181 1003 2223 Pol
1035 2181 1069 2223 si
1101 2180 1272 2235 quidem

318 2252 501 2294 Conisus
534 2267 663 2304 esses,
696 2267 773 2306 per
804 2254 979 2304 corium,
1012 2268 1088 2307 per
1119 2253 1289 2294 uiscera

318 2325 484 2379 Perque
517 2339 564 2367 os
597 2325 816 2379 elephanti
847 2327 1152 2368 transmineret
1182 2324 1424 2367 brachium.
1724 2336 1769 2369 30

410 2451 451 2484 16
488 2451 583 2484 auris
691 2451 730 2484 17
768 2450 909 2493 egionis
1016 2448 1191 2484 diflauisti
1226 2450 1396 2494 spiritum
1421 2449 1457 2485 B
1562 2450 1602 2483 18
1639 2452 1679 2482 ut

317 2508 526 2552 peniculum
563 2507 613 2549 B,
650 2507 861 2542 beniculum
900 2507 928 2542 C
1020 2509 1060 2541 19
1095 2507 1242 2551 quidem
1273 2507 1341 2543 BG
1429 2509 1472 2541 20
1505 2506 1611 2541 aliam
1643 2506 1678 2540 B

317 2566 357 2599 21
385 2565 607 2608 peiuriorem
632 2564 660 2598 C
750 2564 821 2598 huc
841 2563 876 2598 B
969 2565 1010 2598 23
1036 2565 1189 2599 habetet
1213 2565 1257 2608 B,
1290 2565 1426 2599 habeto
1453 2567 1490 2598 et
1518 2563 1555 2605 C,
1582 2563 1614 2597 ei
1640 2574 1705 2597 om.
1733 2563 1765 2596 A

317 2624 359 2655 24
385 2622 505 2665 epytir
530 2625 591 2655 aut
616 2621 712 2664 apud
738 2621 799 2654 illa
824 2622 1028 2655 esturiensa
1054 2622 1194 2655 nebene
1220 2621 1267 2663 B,
1292 2623 1374 2656 item
1402 2621 1431 2656 G
1450 2620 1524 2655 nisi
1549 2621 1661 2664 qnod:
1686 2632 1766 2654 ame

318 2679 410 2712 bene
502 2679 545 2712 25
569 2678 807 2722 uellephanto
833 2678 902 2713 BG
978 2679 1015 2712 in
1040 2678 1187 2712 Indiam
1212 2679 1256 2722 A,
1282 2678 1424 2712 inuidia
1451 2679 1479 2713 C
1563 2679 1606 2711 26
1631 2677 1707 2720 Qua
1737 2676 1768 2710 Β

399 2734 579 2779 perfigisti
599 2735 642 2777 Β,
669 2734 850 2780 prefigisti
872 2736 899 2769 C
984 2737 1027 2769 28
1051 2735 1111 2770 hic
1137 2747 1236 2770 eram
1261 2735 1330 2771 BG
1415 2737 1459 2770 30
1484 2735 1679 2780 elephante
1703 2734 1772 2770 BG

405 2792 675 2827 transmitteret
701 2793 891 2837 prachium
918 2792 947 2826 G
