<?xml version="1.0" encoding="UTF-8"?>
<!DOCTYPE html PUBLIC "-//W3C//DTD XHTML 1.0 Transitional//EN"
    "http://www.w3.org/TR/xhtml1/DTD/xhtml1-transitional.dtd">
<html xmlns="http://www.w3.org/1999/xhtml" xml:lang="en" lang="en">
 <head>
  <title>
</title>
<meta http-equiv="Content-Type" content="text/html;charset=utf-8" />
  <meta name='ocr-system' content='tesseract 3.04.00' />
  <meta name='ocr-capabilities' content='ocr_page ocr_carea ocr_par ocr_line ocrx_word'/>
</head>
<body>
  <div class='ocr_page' id='page_1' title='image "./comoediaerecensu04plauuoft_0261.png"; bbox 0 0 1963 3243; ppageno 0'>
   <div class='ocr_carea' id='block_1_1' title="bbox 682 211 1553 253">
    <p class='ocr_par' dir='ltr' id='par_1_1' title="bbox 682 211 1553 253">
     <span class='ocr_line' id='line_1_1' title="bbox 682 211 1553 253; baseline 0.008 -9"><span class='ocrx_word' id='word_1_1' title='bbox 682 211 723 247; x_wconf 89' lang='lat' dir='ltr'>V.</span> <span class='ocrx_word' id='word_1_2' title='bbox 749 213 940 246; x_wconf 77' lang='lat'>453—515.</span> <span class='ocrx_word' id='word_1_3' title='bbox 1469 216 1553 253; x_wconf 73' lang='lat'>:255</span> 
     </span>
    </p>
   </div>
   <div class='ocr_carea' id='block_1_2' title="bbox 88 338 1551 461">
    <p class='ocr_par' dir='ltr' id='par_1_2' title="bbox 88 338 1551 461">
     <span class='ocr_line' id='line_1_2' title="bbox 91 338 1551 395; baseline -0.003 -11"><span class='ocrx_word' id='word_1_4' title='bbox 91 346 175 395; x_wconf 75' lang='lat' dir='ltr'><em>qu</em></span> <span class='ocrx_word' id='word_1_5' title='bbox 205 346 294 384; x_wconf 81' lang='lat' dir='ltr'>abeo</span> <span class='ocrx_word' id='word_1_6' title='bbox 324 359 346 383; x_wconf 83' lang='lat' dir='ltr'><em>a</em></span> <span class='ocrx_word' id='word_1_7' title='bbox 381 349 413 382; x_wconf 70' lang='lat' dir='ltr'>tc·</span> <span class='ocrx_word' id='word_1_8' title='bbox 443 346 488 382; x_wconf 91' lang='lat' dir='ltr'>A.</span> <span class='ocrx_word' id='word_1_9' title='bbox 534 364 587 371; x_wconf 92' lang='lat'>—</span> <span class='ocrx_word' id='word_1_10' title='bbox 619 345 716 382; x_wconf 89' lang='grc'><strong>481.</strong></span> <span class='ocrx_word' id='word_1_11' title='bbox 749 343 854 390; x_wconf 73' lang='lat' dir='ltr'>apud</span> <span class='ocrx_word' id='word_1_12' title='bbox 882 343 1076 380; x_wconf 72' lang='lat' dir='ltr'>huuc-ero</span> <span class='ocrx_word' id='word_1_13' title='bbox 1114 343 1158 379; x_wconf 89' lang='lat' dir='ltr'>A.</span> <span class='ocrx_word' id='word_1_14' title='bbox 1203 338 1276 386; x_wconf 81' lang='lat' dir='ltr'>„ud</span> <span class='ocrx_word' id='word_1_15' title='bbox 1317 341 1419 378; x_wconf 86' lang='lat' dir='ltr'>hunc</span> <span class='ocrx_word' id='word_1_16' title='bbox 1461 340 1551 379; x_wconf 80' lang='lat' dir='ltr'>i1›o“</span> 
     </span>
     <span class='ocr_line' id='line_1_3' title="bbox 88 411 1165 461; baseline -0.005 -9"><span class='ocrx_word' id='word_1_17' title='bbox 88 413 202 452; x_wconf 79' lang='lat' dir='ltr'>Both.</span> <span class='ocrx_word' id='word_1_18' title='bbox 235 434 289 440; x_wconf 94' lang='lat'><strong>—</strong></span> <span class='ocrx_word' id='word_1_19' title='bbox 322 415 415 452; x_wconf 73' lang='lat'>482.</span> <span class='ocrx_word' id='word_1_20' title='bbox 449 415 605 461; x_wconf 72' lang='lat' dir='ltr'>quaeret</span> <span class='ocrx_word' id='word_1_21' title='bbox 635 417 674 449; x_wconf 85' lang='lat' dir='ltr'>et</span> <span class='ocrx_word' id='word_1_22' title='bbox 703 411 791 448; x_wconf 70' lang='lat' dir='ltr'>hinc</span> <span class='ocrx_word' id='word_1_23' title='bbox 820 423 877 448; x_wconf 72' lang='lat' dir='ltr'>vme</span> <span class='ocrx_word' id='word_1_24' title='bbox 909 412 1088 448; x_wconf 75' lang='lat' dir='ltr'>arcessito</span> <span class='ocrx_word' id='word_1_25' title='bbox 1119 411 1165 447; x_wconf 79' lang='lat' dir='ltr'>A.</span> 
     </span>
    </p>
   </div>
   <div class='ocr_carea' id='block_1_3' title="bbox 88 478 1552 603">
    <p class='ocr_par' dir='ltr' id='par_1_3' title="bbox 88 478 1552 603">
     <span class='ocr_line' id='line_1_4' title="bbox 203 478 1552 528; baseline -0.004 -8"><span class='ocrx_word' id='word_1_26' title='bbox 203 483 296 520; x_wconf 81' lang='lat'>483.</span> <span class='ocrx_word' id='word_1_27' title='bbox 339 482 511 520; x_wconf 70' lang='lat' dir='ltr'>Sensi-iis</span> <span class='ocrx_word' id='word_1_28' title='bbox 551 480 757 518; x_wconf 78' lang='lat' dir='ltr'>Sceledrus</span> <span class='ocrx_word' id='word_1_29' title='bbox 798 493 927 516; x_wconf 83' lang='lat' dir='ltr'>secum</span> <span class='ocrx_word' id='word_1_30' title='bbox 969 479 1146 528; x_wconf 85' lang='lat' dir='ltr'>loquitur</span> <span class='ocrx_word' id='word_1_31' title='bbox 1186 483 1225 515; x_wconf 80' lang='lat' dir='ltr'>et</span> <span class='ocrx_word' id='word_1_32' title='bbox 1260 491 1345 513; x_wconf 80' lang='lat' dir='ltr'>mox</span> <span class='ocrx_word' id='word_1_33' title='bbox 1379 478 1552 527; x_wconf 70' lang='lat' dir='ltr'>Periple-</span> 
     </span>
     <span class='ocr_line' id='line_1_5' title="bbox 88 547 1552 603; baseline -0.003 -15"><span class='ocrx_word' id='word_1_34' title='bbox 88 564 283 597; x_wconf 81' lang='lat' dir='ltr'>comenus,</span> <span class='ocrx_word' id='word_1_35' title='bbox 315 553 380 600; x_wconf 89' lang='lat' dir='ltr'>qui</span> <span class='ocrx_word' id='word_1_36' title='bbox 414 565 434 588; x_wconf 78' lang='lat' dir='ltr'>n</span> <span class='ocrx_word' id='word_1_37' title='bbox 468 550 723 587; x_wconf 77' lang='lat' dir='ltr'>Palaestrione</span> <span class='ocrx_word' id='word_1_38' title='bbox 757 548 920 585; x_wconf 76' lang='lat' dir='ltr'>edoctus</span> <span class='ocrx_word' id='word_1_39' title='bbox 952 549 1047 584; x_wconf 79' lang='lat' dir='ltr'>iram</span> <span class='ocrx_word' id='word_1_40' title='bbox 1073 547 1262 583; x_wconf 79' lang='lat' dir='ltr'>simulans</span> <span class='ocrx_word' id='word_1_41' title='bbox 1296 548 1388 583; x_wconf 77' lang='lat' dir='ltr'>exit.</span> <span class='ocrx_word' id='word_1_42' title='bbox 1430 547 1552 603; x_wconf 62' lang='lat' dir='ltr'>Satin,</span> 
     </span>
    </p>
   </div>
   <div class='ocr_carea' id='block_1_4' title="bbox 87 615 1555 998">
    <p class='ocr_par' dir='ltr' id='par_1_4' title="bbox 87 615 1555 998">
     <span class='ocr_line' id='line_1_6' title="bbox 88 615 1555 668; baseline -0.003 -11"><span class='ocrx_word' id='word_1_43' title='bbox 88 619 134 657; x_wconf 79' lang='lat' dir='ltr'>cf.</span> <span class='ocrx_word' id='word_1_44' title='bbox 170 621 263 657; x_wconf 89' lang='grc'>395.</span> <span class='ocrx_word' id='word_1_45' title='bbox 296 619 388 656; x_wconf 75' lang='lat' dir='ltr'>abiit</span> <span class='ocrx_word' id='word_1_46' title='bbox 418 618 478 655; x_wconf 86' lang='lat' dir='ltr'>ed.</span> <span class='ocrx_word' id='word_1_47' title='bbox 511 631 572 668; x_wconf 76' lang='lat' dir='ltr'>pr.</span> <span class='ocrx_word' id='word_1_48' title='bbox 604 637 658 643; x_wconf 98' lang='lat'>—</span> <span class='ocrx_word' id='word_1_49' title='bbox 688 615 772 653; x_wconf 77' lang='lat' dir='ltr'>erili</span> <span class='ocrx_word' id='word_1_50' title='bbox 803 617 948 663; x_wconf 65' lang='lat' dir='ltr'>›aeqotio</span> <span class='ocrx_word' id='word_1_51' title='bbox 982 616 1056 658; x_wconf 73' lang='lat' dir='ltr'>Br..</span> <span class='ocrx_word' id='word_1_52' title='bbox 1089 627 1206 664; x_wconf 87' lang='lat' dir='ltr'>quum</span> <span class='ocrx_word' id='word_1_53' title='bbox 1241 629 1331 652; x_wconf 86' lang='lat' dir='ltr'>num</span> <span class='ocrx_word' id='word_1_54' title='bbox 1345 617 1400 652; x_wconf 81' lang='lat' dir='ltr'>eri</span> <span class='ocrx_word' id='word_1_55' title='bbox 1427 629 1555 652; x_wconf 81' lang='lat' dir='ltr'>emen-</span> 
     </span>
     <span class='ocr_line' id='line_1_7' title="bbox 88 684 1551 737; baseline -0.003 -12"><span class='ocrx_word' id='word_1_56' title='bbox 88 688 283 726; x_wconf 77' lang='lat' dir='ltr'><strong>dationem</strong></span> <span class='ocrx_word' id='word_1_57' title='bbox 323 687 560 737; x_wconf 76' lang='lat' dir='ltr'>flagitareut,</span> <span class='ocrx_word' id='word_1_58' title='bbox 602 686 647 723; x_wconf 91' lang='lat' dir='ltr'>cf.</span> <span class='ocrx_word' id='word_1_59' title='bbox 692 684 792 722; x_wconf 82' lang='lat' dir='ltr'>Rud.</span> <span class='ocrx_word' id='word_1_60' title='bbox 837 685 926 721; x_wconf 89' lang='grc'><strong>146.</strong></span> <span class='ocrx_word' id='word_1_61' title='bbox 966 685 1055 721; x_wconf 86' lang='grc'><strong>180.</strong></span> <span class='ocrx_word' id='word_1_62' title='bbox 1088 684 1195 720; x_wconf 80' lang='grc' dir='ltr'><strong>Τι·ἰιι.</strong></span> <span class='ocrx_word' id='word_1_63' title='bbox 1242 685 1360 721; x_wconf 88' lang='lat'>1057.</span> <span class='ocrx_word' id='word_1_64' title='bbox 1395 684 1551 722; x_wconf 78' lang='lat' dir='ltr'>Trucul.</span> 
     </span>
     <span class='ocr_line' id='line_1_8' title="bbox 94 750 1552 802; baseline -0.003 -8"><span class='ocrx_word' id='word_1_65' title='bbox 94 755 188 794; x_wconf 86' lang='lat'>135:</span> <span class='ocrx_word' id='word_1_66' title='bbox 241 756 402 802; x_wconf 77' lang='lat' dir='ltr'>„alienis</span> <span class='ocrx_word' id='word_1_67' title='bbox 448 755 564 793; x_wconf 84' lang='lat' dir='ltr'>rebus</span> <span class='ocrx_word' id='word_1_68' title='bbox 611 755 764 791; x_wconf 81' lang='lat' dir='ltr'>curas‘·.</span> <span class='ocrx_word' id='word_1_69' title='bbox 826 752 870 789; x_wconf 86' lang='lat' dir='ltr'>R.</span> <span class='ocrx_word' id='word_1_70' title='bbox 924 766 1017 798; x_wconf 81' lang='lat' dir='ltr'>„uec</span> <span class='ocrx_word' id='word_1_71' title='bbox 1063 752 1158 788; x_wconf 76' lang='lat' dir='ltr'>erile</span> <span class='ocrx_word' id='word_1_72' title='bbox 1204 750 1307 789; x_wconf 85' lang='lat' dir='ltr'>hic“.</span> <span class='ocrx_word' id='word_1_73' title='bbox 1358 771 1403 777; x_wconf 94' lang='lat'>—-</span> <span class='ocrx_word' id='word_1_74' title='bbox 1457 754 1552 790; x_wconf 83' lang='lat'>484.</span> 
     </span>
     <span class='ocr_line' id='line_1_9' title="bbox 87 820 1553 873; baseline -0.003 -12"><span class='ocrx_word' id='word_1_75' title='bbox 87 825 209 873; x_wconf 75' lang='lat' dir='ltr'>quasi,</span> <span class='ocrx_word' id='word_1_76' title='bbox 241 826 265 862; x_wconf 86' lang='lat' dir='ltr'>i.</span> <span class='ocrx_word' id='word_1_77' title='bbox 296 837 328 860; x_wconf 84' lang='lat' dir='ltr'>e.</span> <span class='ocrx_word' id='word_1_78' title='bbox 362 837 477 873; x_wconf 82' lang='lat' dir='ltr'>quam</span> <span class='ocrx_word' id='word_1_79' title='bbox 509 824 553 868; x_wconf 84' lang='lat' dir='ltr'>si,</span> <span class='ocrx_word' id='word_1_80' title='bbox 584 835 620 859; x_wconf 84' lang='lat' dir='ltr'>v.</span> <span class='ocrx_word' id='word_1_81' title='bbox 654 822 701 859; x_wconf 76' lang='lat' dir='ltr'>ad</span> <span class='ocrx_word' id='word_1_82' title='bbox 737 821 877 871; x_wconf 88' lang='lat' dir='ltr'><strong>Amph.</strong></span> <span class='ocrx_word' id='word_1_83' title='bbox 919 821 1036 858; x_wconf 86' lang='lat'>1094.</span> <span class='ocrx_word' id='word_1_84' title='bbox 1070 821 1297 858; x_wconf 76' lang='lat' dir='ltr'>seruitutem</span> <span class='ocrx_word' id='word_1_85' title='bbox 1329 820 1481 858; x_wconf 80' lang='lat' dir='ltr'>Scutar.</span> <span class='ocrx_word' id='word_1_86' title='bbox 1501 841 1553 846; x_wconf 94' lang='lat'>—-</span> 
     </span>
     <span class='ocr_line' id='line_1_10' title="bbox 91 889 1555 939; baseline -0.002 -9"><span class='ocrx_word' id='word_1_87' title='bbox 91 911 138 918; x_wconf 97' lang='lat'><strong>—</strong></span> <span class='ocrx_word' id='word_1_88' title='bbox 173 893 267 930; x_wconf 85' lang='lat'>485.</span> <span class='ocrx_word' id='word_1_89' title='bbox 315 891 383 929; x_wconf 75' lang='lat' dir='ltr'>illa</span> <span class='ocrx_word' id='word_1_90' title='bbox 427 892 578 939; x_wconf 79' lang='lat' dir='ltr'>quidem</span> <span class='ocrx_word' id='word_1_91' title='bbox 622 890 684 927; x_wconf 72' lang='lat' dir='ltr'>hic</span> <span class='ocrx_word' id='word_1_92' title='bbox 730 891 775 927; x_wconf 91' lang='lat' dir='ltr'>A.</span> <span class='ocrx_word' id='word_1_93' title='bbox 817 910 872 914; x_wconf 93' lang='lat'><strong>—</strong></span> <span class='ocrx_word' id='word_1_94' title='bbox 918 891 1011 927; x_wconf 83' lang='lat'>486.</span> <span class='ocrx_word' id='word_1_95' title='bbox 1054 892 1196 937; x_wconf 74' lang='lat' dir='ltr'>eyomet</span> <span class='ocrx_word' id='word_1_96' title='bbox 1232 889 1434 928; x_wconf 75' lang='lat' dir='ltr'><em>cubantem</em></span> <span class='ocrx_word' id='word_1_97' title='bbox 1472 902 1555 927; x_wconf 83' lang='lat' dir='ltr'>eam</span> 
     </span>
     <span class='ocr_line' id='line_1_11' title="bbox 88 961 276 998; baseline -0.005 0"><span class='ocrx_word' id='word_1_98' title='bbox 88 961 198 998; x_wconf 84' lang='lat' dir='ltr'>modo</span> <span class='ocrx_word' id='word_1_99' title='bbox 229 961 276 998; x_wconf 89' lang='lat' dir='ltr'>A.</span> 
     </span>
    </p>
   </div>
   <div class='ocr_carea' id='block_1_5' title="bbox 90 1026 1556 1204">
    <p class='ocr_par' dir='ltr' id='par_1_5' title="bbox 90 1026 1556 1204">
     <span class='ocr_line' id='line_1_12' title="bbox 203 1026 1553 1073; baseline -0.001 -7"><span class='ocrx_word' id='word_1_100' title='bbox 203 1029 297 1066; x_wconf 87' lang='lat'>490.</span> <span class='ocrx_word' id='word_1_101' title='bbox 331 1029 510 1066; x_wconf 78' lang='lat' dir='ltr'><strong><em>Meamne</em></strong></span> <span class='ocrx_word' id='word_1_102' title='bbox 541 1032 580 1064; x_wconf 81' lang='lat' dir='ltr'>et</span> <span class='ocrx_word' id='word_1_103' title='bbox 611 1026 797 1073; x_wconf 79' lang='lat' dir='ltr'><em>hospitam</em></span> <span class='ocrx_word' id='word_1_104' title='bbox 830 1027 881 1072; x_wconf 89' lang='lat' dir='ltr'>A;</span> <span class='ocrx_word' id='word_1_105' title='bbox 914 1027 955 1063; x_wconf 81' lang='lat' dir='ltr'>in</span> <span class='ocrx_word' id='word_1_106' title='bbox 985 1027 1054 1064; x_wconf 79' lang='lat' dir='ltr'>uia</span> <span class='ocrx_word' id='word_1_107' title='bbox 1086 1026 1191 1064; x_wconf 83' lang='lat' dir='ltr'>Cam.</span> <span class='ocrx_word' id='word_1_108' title='bbox 1214 1045 1263 1052; x_wconf 91' lang='lat'>——</span> <span class='ocrx_word' id='word_1_109' title='bbox 1286 1028 1366 1065; x_wconf 85' lang='lat'>492</span> <span class='ocrx_word' id='word_1_110' title='bbox 1386 1031 1490 1064; x_wconf 84' lang='lat' dir='ltr'>recte</span> <span class='ocrx_word' id='word_1_111' title='bbox 1506 1029 1553 1065; x_wconf 94' lang='lat' dir='ltr'>A.</span> 
     </span>
     <span class='ocr_line' id='line_1_13' title="bbox 90 1095 1552 1143; baseline -0.001 -8"><span class='ocrx_word' id='word_1_112' title='bbox 90 1100 309 1139; x_wconf 73' lang='lat' dir='ltr'>tractatam.</span> <span class='ocrx_word' id='word_1_113' title='bbox 343 1101 536 1143; x_wconf 73' lang='lat' dir='ltr'>vexatam,</span> <span class='ocrx_word' id='word_1_114' title='bbox 560 1096 608 1133; x_wconf 90' lang='lat' dir='ltr'>cf.</span> <span class='ocrx_word' id='word_1_115' title='bbox 629 1097 722 1132; x_wconf 89' lang='lat'>512.</span> <span class='ocrx_word' id='word_1_116' title='bbox 779 1095 939 1132; x_wconf 82' lang='lat' dir='ltr'>Manum</span> <span class='ocrx_word' id='word_1_117' title='bbox 959 1097 992 1132; x_wconf 84' lang='lat' dir='ltr'>ei</span> <span class='ocrx_word' id='word_1_118' title='bbox 1011 1097 1200 1133; x_wconf 82' lang='lat' dir='ltr'>iniecerat</span> <span class='ocrx_word' id='word_1_119' title='bbox 1218 1109 1251 1133; x_wconf 89' lang='lat' dir='ltr'>v.</span> <span class='ocrx_word' id='word_1_120' title='bbox 1273 1096 1367 1134; x_wconf 83' lang='lat'>446.</span> <span class='ocrx_word' id='word_1_121' title='bbox 1386 1116 1439 1123; x_wconf 85' lang='lat'><strong>—</strong></span> <span class='ocrx_word' id='word_1_122' title='bbox 1457 1098 1552 1134; x_wconf 87' lang='grc'><strong>493.</strong></span> 
     </span>
     <span class='ocr_line' id='line_1_14' title="bbox 90 1163 1556 1204; baseline -0.001 0"><span class='ocrx_word' id='word_1_123' title='bbox 90 1169 193 1204; x_wconf 75' lang='lat' dir='ltr'>recta</span> <span class='ocrx_word' id='word_1_124' title='bbox 207 1166 319 1203; x_wconf 79' lang='lat' dir='ltr'>habet</span> <span class='ocrx_word' id='word_1_125' title='bbox 333 1168 477 1203; x_wconf 75' lang='lat' dir='ltr'>rectam</span> <span class='ocrx_word' id='word_1_126' title='bbox 495 1166 597 1202; x_wconf 67' lang='lat' dir='ltr'>uiam</span> <span class='ocrx_word' id='word_1_127' title='bbox 615 1166 648 1201; x_wconf 93' lang='lat' dir='ltr'><strong>A</strong></span> <span class='ocrx_word' id='word_1_128' title='bbox 665 1169 709 1200; x_wconf 79' lang='lat' dir='ltr'>ut</span> <span class='ocrx_word' id='word_1_129' title='bbox 722 1164 860 1201; x_wconf 83' lang='lat' dir='ltr'><strong>Pseud.</strong></span> <span class='ocrx_word' id='word_1_130' title='bbox 879 1165 997 1201; x_wconf 89' lang='lat'>1139.</span> <span class='ocrx_word' id='word_1_131' title='bbox 1032 1163 1089 1201; x_wconf 88' lang='lat' dir='ltr'>De</span> <span class='ocrx_word' id='word_1_132' title='bbox 1107 1164 1350 1202; x_wconf 73' lang='lat' dir='ltr'>abundantia</span> <span class='ocrx_word' id='word_1_133' title='bbox 1367 1167 1556 1203; x_wconf 83' lang='lat' dir='ltr'>orationis</span> 
     </span>
    </p>
   </div>
   <div class='ocr_carea' id='block_1_6' title="bbox 87 1231 1557 1696">
    <p class='ocr_par' dir='ltr' id='par_1_6' title="bbox 87 1231 1557 1696">
     <span class='ocr_line' id='line_1_15' title="bbox 89 1231 1554 1282; baseline -0.001 -10"><span class='ocrx_word' id='word_1_134' title='bbox 89 1235 136 1272; x_wconf 76' lang='lat' dir='ltr'>cf.</span> <span class='ocrx_word' id='word_1_135' title='bbox 162 1235 210 1272; x_wconf 81' lang='lat' dir='ltr'>ad</span> <span class='ocrx_word' id='word_1_136' title='bbox 235 1234 348 1272; x_wconf 83' lang='lat' dir='ltr'>Curc.</span> <span class='ocrx_word' id='word_1_137' title='bbox 375 1234 468 1272; x_wconf 83' lang='lat'>461.</span> <span class='ocrx_word' id='word_1_138' title='bbox 499 1253 547 1258; x_wconf 90' lang='lat'><strong>—</strong></span> <span class='ocrx_word' id='word_1_139' title='bbox 581 1234 675 1270; x_wconf 83' lang='grc'><strong>496.</strong></span> <span class='ocrx_word' id='word_1_140' title='bbox 707 1233 766 1270; x_wconf 76' lang='grc' dir='ltr'>Αἰ)</span> <span class='ocrx_word' id='word_1_141' title='bbox 798 1231 993 1270; x_wconf 77' lang='lat' dir='ltr'>Accedam</span> <span class='ocrx_word' id='word_1_142' title='bbox 1011 1232 1318 1282; x_wconf 82' lang='lat' dir='ltr'>Periplecomeni</span> <span class='ocrx_word' id='word_1_143' title='bbox 1336 1235 1554 1271; x_wconf 77' lang='lat' dir='ltr'>orationem</span> 
     </span>
     <span class='ocr_line' id='line_1_16' title="bbox 87 1301 1552 1353; baseline 0 -13"><span class='ocrx_word' id='word_1_144' title='bbox 87 1304 235 1353; x_wconf 84' lang='lat' dir='ltr'><strong>incepit</strong></span> <span class='ocrx_word' id='word_1_145' title='bbox 265 1302 386 1348; x_wconf 62' lang='lat' dir='ltr'>Cam„</span> <span class='ocrx_word' id='word_1_146' title='bbox 419 1301 626 1339; x_wconf 81' lang='lat' dir='ltr'>confirmat</span> <span class='ocrx_word' id='word_1_147' title='bbox 657 1304 703 1338; x_wconf 92' lang='lat' dir='ltr'>A.</span> <span class='ocrx_word' id='word_1_148' title='bbox 724 1321 776 1326; x_wconf 89' lang='lat'>—-</span> <span class='ocrx_word' id='word_1_149' title='bbox 793 1301 979 1339; x_wconf 74' lang='lat' dir='ltr'>scelerum</span> <span class='ocrx_word' id='word_1_150' title='bbox 998 1303 1128 1349; x_wconf 76' lang='lat' dir='ltr'>caput,</span> <span class='ocrx_word' id='word_1_151' title='bbox 1156 1303 1180 1339; x_wconf 93' lang='lat' dir='ltr'>i.</span> <span class='ocrx_word' id='word_1_152' title='bbox 1202 1315 1235 1338; x_wconf 90' lang='lat' dir='ltr'>e.</span> <span class='ocrx_word' id='word_1_153' title='bbox 1253 1303 1552 1349; x_wconf 73' lang='lat' dir='ltr'>sceleratu1n,v.</span> 
     </span>
     <span class='ocr_line' id='line_1_17' title="bbox 90 1370 1555 1420; baseline 0 -11"><span class='ocrx_word' id='word_1_154' title='bbox 90 1373 138 1409; x_wconf 79' lang='lat' dir='ltr'>ad</span> <span class='ocrx_word' id='word_1_155' title='bbox 162 1371 274 1409; x_wconf 87' lang='lat' dir='ltr'>Cure.</span> <span class='ocrx_word' id='word_1_156' title='bbox 303 1372 396 1409; x_wconf 82' lang='grc'><strong>234.</strong></span> <span class='ocrx_word' id='word_1_157' title='bbox 416 1370 608 1408; x_wconf 83' lang='lat' dir='ltr'>Fleckeis.</span> <span class='ocrx_word' id='word_1_158' title='bbox 627 1371 728 1407; x_wconf 87' lang='lat' dir='ltr'>Anu.</span> <span class='ocrx_word' id='word_1_159' title='bbox 761 1370 856 1419; x_wconf 88' lang='lat' dir='ltr'>phil.</span> <span class='ocrx_word' id='word_1_160' title='bbox 880 1371 981 1407; x_wconf 84' lang='lat'>1891</span> <span class='ocrx_word' id='word_1_161' title='bbox 1003 1383 1040 1419; x_wconf 93' lang='lat' dir='ltr'>p.</span> <span class='ocrx_word' id='word_1_162' title='bbox 1061 1370 1136 1407; x_wconf 86' lang='grc'><strong>681</strong></span> <span class='ocrx_word' id='word_1_163' title='bbox 1166 1384 1223 1420; x_wconf 87' lang='lat' dir='ltr'>sq.</span> <span class='ocrx_word' id='word_1_164' title='bbox 1250 1390 1302 1395; x_wconf 89' lang='lat'>——</span> <span class='ocrx_word' id='word_1_165' title='bbox 1328 1372 1422 1409; x_wconf 89' lang='lat'>499.</span> <span class='ocrx_word' id='word_1_166' title='bbox 1468 1372 1555 1410; x_wconf 83' lang='lat' dir='ltr'>Tun</span> 
     </span>
     <span class='ocr_line' id='line_1_18' title="bbox 91 1437 1552 1489; baseline -0.001 -11"><span class='ocrx_word' id='word_1_167' title='bbox 91 1442 136 1479; x_wconf 85' lang='lat' dir='ltr'>A.</span> <span class='ocrx_word' id='word_1_168' title='bbox 157 1440 418 1478; x_wconf 86' lang='lat' dir='ltr'>Numerorum</span> <span class='ocrx_word' id='word_1_169' title='bbox 449 1452 565 1476; x_wconf 80' lang='lat' dir='ltr'>causa</span> <span class='ocrx_word' id='word_1_170' title='bbox 598 1438 712 1476; x_wconf 85' lang='lat' dir='ltr'>Both.</span> <span class='ocrx_word' id='word_1_171' title='bbox 745 1442 919 1488; x_wconf 82' lang='lat' dir='ltr'>transp.:</span> <span class='ocrx_word' id='word_1_172' title='bbox 959 1438 1081 1485; x_wconf 87' lang='lat' dir='ltr'>„Uolo</span> <span class='ocrx_word' id='word_1_173' title='bbox 1115 1452 1173 1475; x_wconf 87' lang='lat' dir='ltr'>me</span> <span class='ocrx_word' id='word_1_174' title='bbox 1205 1437 1474 1489; x_wconf 80' lang='lat' dir='ltr'>expurgare“;</span> <span class='ocrx_word' id='word_1_175' title='bbox 1509 1442 1552 1477; x_wconf 79' lang='lat' dir='ltr'>R..</span> 
     </span>
     <span class='ocr_line' id='line_1_19' title="bbox 89 1507 1553 1560; baseline 0 -14"><span class='ocrx_word' id='word_1_176' title='bbox 89 1508 230 1560; x_wconf 90' lang='lat' dir='ltr'>Opusc.</span> <span class='ocrx_word' id='word_1_177' title='bbox 263 1508 300 1545; x_wconf 92' lang='grc' dir='ltr'>ΙΙ</span> <span class='ocrx_word' id='word_1_178' title='bbox 330 1523 367 1559; x_wconf 93' lang='lat' dir='ltr'>p.</span> <span class='ocrx_word' id='word_1_179' title='bbox 401 1509 504 1546; x_wconf 88' lang='lat'>431:</span> <span class='ocrx_word' id='word_1_180' title='bbox 598 1508 870 1556; x_wconf 80' lang='lat' dir='ltr'>„Expurigare</span> <span class='ocrx_word' id='word_1_181' title='bbox 903 1507 994 1544; x_wconf 90' lang='lat' dir='ltr'>uolo</span> <span class='ocrx_word' id='word_1_182' title='bbox 1026 1521 1098 1545; x_wconf 82' lang='lat' dir='ltr'>me.</span> <span class='ocrx_word' id='word_1_183' title='bbox 1154 1507 1231 1545; x_wconf 86' lang='lat' dir='ltr'>PE.</span> <span class='ocrx_word' id='word_1_184' title='bbox 1294 1509 1381 1546; x_wconf 89' lang='lat' dir='ltr'>Tun</span> <span class='ocrx_word' id='word_1_185' title='bbox 1412 1513 1451 1546; x_wconf 79' lang='lat' dir='ltr'>te</span> <span class='ocrx_word' id='word_1_186' title='bbox 1491 1523 1553 1546; x_wconf 89' lang='lat' dir='ltr'>ex-</span> 
     </span>
     <span class='ocr_line' id='line_1_20' title="bbox 94 1574 1554 1628; baseline 0 -13"><span class='ocrx_word' id='word_1_187' title='bbox 94 1576 274 1628; x_wconf 84' lang='lat' dir='ltr'>puriges“</span> <span class='ocrx_word' id='word_1_188' title='bbox 318 1578 464 1615; x_wconf 85' lang='lat' dir='ltr'>omisso</span> <span class='ocrx_word' id='word_1_189' title='bbox 508 1574 670 1623; x_wconf 80' lang='lat' dir='ltr'>„mihi“.</span> <span class='ocrx_word' id='word_1_190' title='bbox 703 1595 757 1600; x_wconf 92' lang='lat'><strong>—</strong></span> <span class='ocrx_word' id='word_1_191' title='bbox 799 1577 891 1612; x_wconf 88' lang='grc'><strong>501.</strong></span> <span class='ocrx_word' id='word_1_192' title='bbox 925 1576 1222 1624; x_wconf 78' lang='lat' dir='ltr'>latrocinamim&#39;,</span> <span class='ocrx_word' id='word_1_193' title='bbox 1272 1578 1416 1615; x_wconf 79' lang='lat' dir='ltr'>milites</span> <span class='ocrx_word' id='word_1_194' title='bbox 1456 1592 1554 1615; x_wconf 84' lang='lat' dir='ltr'>mer-</span> 
     </span>
     <span class='ocr_line' id='line_1_21' title="bbox 94 1645 1557 1696; baseline 0.001 -13"><span class='ocrx_word' id='word_1_195' title='bbox 94 1647 242 1683; x_wconf 77' lang='lat' dir='ltr'>cenarii</span> <span class='ocrx_word' id='word_1_196' title='bbox 287 1648 395 1688; x_wconf 84' lang='lat' dir='ltr'>estis,</span> <span class='ocrx_word' id='word_1_197' title='bbox 438 1659 473 1683; x_wconf 91' lang='lat' dir='ltr'>v.</span> <span class='ocrx_word' id='word_1_198' title='bbox 517 1646 582 1682; x_wconf 93' lang='lat'>74.</span> <span class='ocrx_word' id='word_1_199' title='bbox 630 1664 683 1669; x_wconf 90' lang='lat'>—</span> <span class='ocrx_word' id='word_1_200' title='bbox 732 1645 825 1682; x_wconf 87' lang='grc'><strong>503.</strong></span> <span class='ocrx_word' id='word_1_201' title='bbox 863 1645 1030 1691; x_wconf 72' lang='lat' dir='ltr'>Licetne.</span> <span class='ocrx_word' id='word_1_202' title='bbox 1064 1658 1116 1682; x_wconf 83' lang='lat' dir='ltr'>se.</span> <span class='ocrx_word' id='word_1_203' title='bbox 1149 1659 1208 1682; x_wconf 85' lang='lat' dir='ltr'>me</span> <span class='ocrx_word' id='word_1_204' title='bbox 1241 1659 1471 1696; x_wconf 81' lang='lat' dir='ltr'>expurgare.</span> <span class='ocrx_word' id='word_1_205' title='bbox 1504 1666 1557 1671; x_wconf 93' lang='lat'><strong>—</strong></span> 
     </span>
    </p>
   </div>
   <div class='ocr_carea' id='block_1_7' title="bbox 93 1713 1558 2865">
    <p class='ocr_par' dir='ltr' id='par_1_7' title="bbox 93 1713 1558 2865">
     <span class='ocr_line' id='line_1_22' title="bbox 95 1713 1554 1762; baseline 0 -10"><span class='ocrx_word' id='word_1_206' title='bbox 95 1715 188 1752; x_wconf 87' lang='lat'>504.</span> <span class='ocrx_word' id='word_1_207' title='bbox 228 1715 456 1762; x_wconf 73' lang='lat' dir='ltr'>uiryarum;</span> <span class='ocrx_word' id='word_1_208' title='bbox 501 1713 668 1751; x_wconf 87' lang='lat' dir='ltr'>Guietus</span> <span class='ocrx_word' id='word_1_209' title='bbox 718 1715 964 1762; x_wconf 80' lang='lat' dir='ltr'>‚,uirgeum“‚</span> <span class='ocrx_word' id='word_1_210' title='bbox 1013 1715 1060 1751; x_wconf 89' lang='lat' dir='ltr'>cf.</span> <span class='ocrx_word' id='word_1_211' title='bbox 1111 1716 1208 1752; x_wconf 88' lang='lat'>513:</span> <span class='ocrx_word' id='word_1_212' title='bbox 1260 1714 1554 1761; x_wconf 83' lang='lat' dir='ltr'>„stimuleum“.</span> 
     </span>
     <span class='ocr_line' id='line_1_23' title="bbox 94 1782 1554 1833; baseline -0.001 -13"><span class='ocrx_word' id='word_1_213' title='bbox 94 1795 212 1833; x_wconf 80' lang='lat' dir='ltr'>supra</span> <span class='ocrx_word' id='word_1_214' title='bbox 247 1784 323 1820; x_wconf 88' lang='lat'>157</span> <span class='ocrx_word' id='word_1_215' title='bbox 356 1787 436 1820; x_wconf 86' lang='lat' dir='ltr'>not.</span> <span class='ocrx_word' id='word_1_216' title='bbox 468 1802 521 1807; x_wconf 91' lang='lat'>--</span> <span class='ocrx_word' id='word_1_217' title='bbox 555 1783 648 1821; x_wconf 87' lang='lat'>506.</span> <span class='ocrx_word' id='word_1_218' title='bbox 683 1782 854 1820; x_wconf 74' lang='lat' dir='ltr'>imbrices</span> <span class='ocrx_word' id='word_1_219' title='bbox 884 1785 919 1820; x_wconf 79' lang='lat' dir='ltr'>ei</span> <span class='ocrx_word' id='word_1_220' title='bbox 951 1783 1107 1831; x_wconf 63' lang='lat' dir='ltr'>tegulas.</span> <span class='ocrx_word' id='word_1_221' title='bbox 1148 1797 1182 1820; x_wconf 91' lang='lat' dir='ltr'>v.</span> <span class='ocrx_word' id='word_1_222' title='bbox 1225 1783 1272 1820; x_wconf 82' lang='lat' dir='ltr'>ad</span> <span class='ocrx_word' id='word_1_223' title='bbox 1306 1783 1425 1822; x_wconf 82' lang='lat' dir='ltr'>Most.</span> <span class='ocrx_word' id='word_1_224' title='bbox 1464 1786 1554 1821; x_wconf 86' lang='lat'>106.</span> 
     </span>
     <span class='ocr_line' id='line_1_24' title="bbox 96 1851 1555 1902; baseline 0.001 -13"><span class='ocrx_word' id='word_1_225' title='bbox 96 1870 143 1877; x_wconf 89' lang='lat'>—</span> <span class='ocrx_word' id='word_1_226' title='bbox 180 1852 274 1889; x_wconf 89' lang='lat'>507.</span> <span class='ocrx_word' id='word_1_227' title='bbox 316 1851 545 1899; x_wconf 61' lang='lat' dir='ltr'>condignam</span> <span class='ocrx_word' id='word_1_228' title='bbox 585 1853 629 1894; x_wconf 82' lang='lat' dir='ltr'>te,</span> <span class='ocrx_word' id='word_1_229' title='bbox 669 1853 725 1888; x_wconf 84' lang='lat' dir='ltr'>tui</span> <span class='ocrx_word' id='word_1_230' title='bbox 765 1852 945 1897; x_wconf 80' lang='lat' dir='ltr'>similem,</span> <span class='ocrx_word' id='word_1_231' title='bbox 988 1866 1024 1889; x_wconf 84' lang='lat' dir='ltr'>v.</span> <span class='ocrx_word' id='word_1_232' title='bbox 1065 1851 1114 1888; x_wconf 85' lang='lat' dir='ltr'>ad</span> <span class='ocrx_word' id='word_1_233' title='bbox 1153 1852 1294 1902; x_wconf 91' lang='lat' dir='ltr'>Amph.</span> <span class='ocrx_word' id='word_1_234' title='bbox 1339 1854 1431 1891; x_wconf 87' lang='lat'>533.</span> <span class='ocrx_word' id='word_1_235' title='bbox 1463 1852 1555 1890; x_wconf 92' lang='lat' dir='ltr'>Aul.</span> 
     </span>
     <span class='ocr_line' id='line_1_25' title="bbox 94 1919 1556 1970; baseline 0 -12"><span class='ocrx_word' id='word_1_236' title='bbox 94 1920 186 1958; x_wconf 86' lang='lat'>457.</span> <span class='ocrx_word' id='word_1_237' title='bbox 218 1939 271 1945; x_wconf 92' lang='grc'>-</span> <span class='ocrx_word' id='word_1_238' title='bbox 301 1922 469 1958; x_wconf 78' lang='lat' dir='ltr'><em>sectatus</em></span> <span class='ocrx_word' id='word_1_239' title='bbox 500 1919 629 1965; x_wconf 90' lang='lat' dir='ltr'>codd.‚</span> <span class='ocrx_word' id='word_1_240' title='bbox 663 1921 688 1957; x_wconf 91' lang='lat' dir='ltr'>i.</span> <span class='ocrx_word' id='word_1_241' title='bbox 722 1933 753 1956; x_wconf 89' lang='lat' dir='ltr'>e.</span> <span class='ocrx_word' id='word_1_242' title='bbox 788 1925 962 1957; x_wconf 83' lang='lat' dir='ltr'>sectatus</span> <span class='ocrx_word' id='word_1_243' title='bbox 996 1933 1048 1957; x_wconf 82' lang='lat' dir='ltr'>es.</span> <span class='ocrx_word' id='word_1_244' title='bbox 1112 1920 1238 1970; x_wconf 84' lang='lat' dir='ltr'>Vulgo</span> <span class='ocrx_word' id='word_1_245' title='bbox 1277 1921 1409 1958; x_wconf 86' lang='lat' dir='ltr'>editur</span> <span class='ocrx_word' id='word_1_246' title='bbox 1451 1934 1556 1968; x_wconf 84' lang='lat' dir='ltr'>„sec-</span> 
     </span>
     <span class='ocr_line' id='line_1_26' title="bbox 93 1985 1552 2037; baseline 0 -11"><span class='ocrx_word' id='word_1_247' title='bbox 93 1990 213 2026; x_wconf 77' lang='lat' dir='ltr'>taris“</span> <span class='ocrx_word' id='word_1_248' title='bbox 257 1985 388 2036; x_wconf 89' lang='lat' dir='ltr'>(Ribb.</span> <span class='ocrx_word' id='word_1_249' title='bbox 433 1985 676 2035; x_wconf 78' lang='lat' dir='ltr'>„sectarus“)</span> <span class='ocrx_word' id='word_1_250' title='bbox 715 2001 802 2026; x_wconf 92' lang='lat' dir='ltr'>cum</span> <span class='ocrx_word' id='word_1_251' title='bbox 843 1988 978 2026; x_wconf 85' lang='lat' dir='ltr'>Servio</span> <span class='ocrx_word' id='word_1_252' title='bbox 1017 1989 1067 2026; x_wconf 86' lang='lat' dir='ltr'>ad</span> <span class='ocrx_word' id='word_1_253' title='bbox 1107 1989 1223 2037; x_wconf 85' lang='lat' dir='ltr'>Verg.</span> <span class='ocrx_word' id='word_1_254' title='bbox 1264 1989 1308 2027; x_wconf 91' lang='lat' dir='ltr'>G.</span> <span class='ocrx_word' id='word_1_255' title='bbox 1353 1989 1417 2036; x_wconf 87' lang='lat' dir='ltr'>IV,</span> <span class='ocrx_word' id='word_1_256' title='bbox 1452 1991 1552 2028; x_wconf 84' lang='lat'>296:</span> 
     </span>
     <span class='ocr_line' id='line_1_27' title="bbox 98 2057 1555 2106; baseline 0.001 -12"><span class='ocrx_word' id='word_1_257' title='bbox 98 2057 292 2106; x_wconf 75' lang='lat' dir='ltr'>„Fregisti</span> <span class='ocrx_word' id='word_1_258' title='bbox 339 2057 520 2095; x_wconf 84' lang='lat' dir='ltr'>imbrices</span> <span class='ocrx_word' id='word_1_259' title='bbox 570 2070 687 2104; x_wconf 81' lang='lat' dir='ltr'>meas,</span> <span class='ocrx_word' id='word_1_260' title='bbox 735 2058 827 2094; x_wconf 85' lang='lat' dir='ltr'>dum</span> <span class='ocrx_word' id='word_1_261' title='bbox 872 2063 912 2094; x_wconf 83' lang='lat' dir='ltr'>te</span> <span class='ocrx_word' id='word_1_262' title='bbox 958 2057 1116 2105; x_wconf 78' lang='lat' dir='ltr'>dignam</span> <span class='ocrx_word' id='word_1_263' title='bbox 1154 2060 1316 2096; x_wconf 75' lang='lat' dir='ltr'>sectaris</span> <span class='ocrx_word' id='word_1_264' title='bbox 1355 2057 1555 2106; x_wconf 83' lang='lat' dir='ltr'>simiam“;</span> 
     </span>
     <span class='ocr_line' id='line_1_28' title="bbox 95 2125 1558 2178; baseline 0.001 -15"><span class='ocrx_word' id='word_1_265' title='bbox 95 2139 179 2176; x_wconf 77' lang='lat' dir='ltr'>quae</span> <span class='ocrx_word' id='word_1_266' title='bbox 222 2139 294 2177; x_wconf 83' lang='lat' dir='ltr'>pro</span> <span class='ocrx_word' id='word_1_267' title='bbox 347 2128 576 2164; x_wconf 85' lang='lat' dir='ltr'>testimonio</span> <span class='ocrx_word' id='word_1_268' title='bbox 624 2125 756 2162; x_wconf 82' lang='lat' dir='ltr'>afferri</span> <span class='ocrx_word' id='word_1_269' title='bbox 796 2139 875 2163; x_wconf 91' lang='lat' dir='ltr'>non</span> <span class='ocrx_word' id='word_1_270' title='bbox 924 2132 1099 2176; x_wconf 78' lang='lat' dir='ltr'>possunt.</span> <span class='ocrx_word' id='word_1_271' title='bbox 1191 2127 1412 2164; x_wconf 82' lang='lat' dir='ltr'>Perfectum</span> <span class='ocrx_word' id='word_1_272' title='bbox 1467 2133 1558 2178; x_wconf 80' lang='lat' dir='ltr'>post</span> 
     </span>
     <span class='ocr_line' id='line_1_29' title="bbox 99 2194 1556 2245; baseline 0.002 -14"><span class='ocrx_word' id='word_1_273' title='bbox 99 2194 237 2242; x_wconf 83' lang='lat' dir='ltr'>„dum“</span> <span class='ocrx_word' id='word_1_274' title='bbox 279 2195 375 2232; x_wconf 83' lang='lat' dir='ltr'>ferri</span> <span class='ocrx_word' id='word_1_275' title='bbox 414 2200 559 2245; x_wconf 75' lang='lat' dir='ltr'>potest,</span> <span class='ocrx_word' id='word_1_276' title='bbox 603 2209 637 2232; x_wconf 87' lang='lat' dir='ltr'>v.</span> <span class='ocrx_word' id='word_1_277' title='bbox 677 2194 807 2233; x_wconf 82' lang='lat' dir='ltr'>Oasin.</span> <span class='ocrx_word' id='word_1_278' title='bbox 849 2196 950 2233; x_wconf 85' lang='lat'>346:</span> <span class='ocrx_word' id='word_1_279' title='bbox 1016 2195 1142 2242; x_wconf 90' lang='lat' dir='ltr'>„Dum</span> <span class='ocrx_word' id='word_1_280' title='bbox 1185 2196 1279 2233; x_wconf 86' lang='lat' dir='ltr'>mihi</span> <span class='ocrx_word' id='word_1_281' title='bbox 1311 2196 1434 2239; x_wconf 90' lang='lat' dir='ltr'>uolui,</span> <span class='ocrx_word' id='word_1_282' title='bbox 1467 2197 1556 2234; x_wconf 89' lang='lat' dir='ltr'>huic</span> 
     </span>
     <span class='ocr_line' id='line_1_30' title="bbox 95 2261 1553 2313; baseline 0.001 -13"><span class='ocrx_word' id='word_1_283' title='bbox 95 2261 215 2301; x_wconf 84' lang='lat' dir='ltr'>dixi“.</span> <span class='ocrx_word' id='word_1_284' title='bbox 283 2264 416 2301; x_wconf 84' lang='lat' dir='ltr'>Madv.</span> <span class='ocrx_word' id='word_1_285' title='bbox 457 2263 524 2301; x_wconf 87' lang='lat' dir='ltr'>Gr.</span> <span class='ocrx_word' id='word_1_286' title='bbox 564 2263 653 2300; x_wconf 79' lang='lat' dir='ltr'>Lat.</span> <span class='ocrx_word' id='word_1_287' title='bbox 695 2264 774 2301; x_wconf 87' lang='grc'>336</span> <span class='ocrx_word' id='word_1_288' title='bbox 814 2270 894 2301; x_wconf 86' lang='lat' dir='ltr'>not.</span> <span class='ocrx_word' id='word_1_289' title='bbox 937 2266 959 2302; x_wconf 91' lang='lat'>2</span> <span class='ocrx_word' id='word_1_290' title='bbox 999 2263 1113 2301; x_wconf 81' lang='lat' dir='ltr'>affert</span> <span class='ocrx_word' id='word_1_291' title='bbox 1151 2264 1228 2302; x_wconf 89' lang='lat' dir='ltr'>Cic.</span> <span class='ocrx_word' id='word_1_292' title='bbox 1272 2264 1357 2301; x_wconf 88' lang='lat' dir='ltr'>Fin.</span> <span class='ocrx_word' id='word_1_293' title='bbox 1398 2264 1447 2310; x_wconf 90' lang='lat' dir='ltr'>II,</span> <span class='ocrx_word' id='word_1_294' title='bbox 1492 2266 1553 2313; x_wconf 86' lang='lat'>13,</span> 
     </span>
     <span class='ocr_line' id='line_1_31' title="bbox 95 2332 1555 2383; baseline 0.001 -14"><span class='ocrx_word' id='word_1_295' title='bbox 95 2332 160 2370; x_wconf 87' lang='grc'>43.</span> <span class='ocrx_word' id='word_1_296' title='bbox 197 2353 245 2359; x_wconf 90' lang='grc'>-·</span> <span class='ocrx_word' id='word_1_297' title='bbox 279 2334 372 2371; x_wconf 88' lang='grc'><strong>509.</strong></span> <span class='ocrx_word' id='word_1_298' title='bbox 405 2333 570 2382; x_wconf 80' lang='lat' dir='ltr'>Iungas:</span> <span class='ocrx_word' id='word_1_299' title='bbox 622 2332 873 2382; x_wconf 74' lang='lat' dir='ltr'>„amplexum</span> <span class='ocrx_word' id='word_1_300' title='bbox 904 2335 1066 2371; x_wconf 77' lang='lat' dir='ltr'>amicam</span> <span class='ocrx_word' id='word_1_301' title='bbox 1098 2347 1218 2380; x_wconf 88' lang='lat' dir='ltr'>suam,</span> <span class='ocrx_word' id='word_1_302' title='bbox 1253 2347 1369 2383; x_wconf 90' lang='lat' dir='ltr'>quom</span> <span class='ocrx_word' id='word_1_303' title='bbox 1402 2335 1555 2371; x_wconf 81' lang='lat' dir='ltr'>oscula-</span> 
     </span>
     <span class='ocr_line' id='line_1_32' title="bbox 96 2399 1555 2452; baseline 0.001 -14"><span class='ocrx_word' id='word_1_304' title='bbox 96 2400 223 2447; x_wconf 75' lang='lat' dir='ltr'>batur.</span> <span class='ocrx_word' id='word_1_305' title='bbox 256 2415 308 2439; x_wconf 85' lang='lat' dir='ltr'>sc.</span> <span class='ocrx_word' id='word_1_306' title='bbox 343 2399 471 2439; x_wconf 81' lang='lat' dir='ltr'>eam“.</span> <span class='ocrx_word' id='word_1_307' title='bbox 504 2401 641 2438; x_wconf 59' lang='lat' dir='ltr'>Both:</span> <span class='ocrx_word' id='word_1_308' title='bbox 679 2401 959 2450; x_wconf 85' lang='lat' dir='ltr'>„Amplexam“</span> <span class='ocrx_word' id='word_1_309' title='bbox 995 2404 1166 2451; x_wconf 76' lang='lat' dir='ltr'>passive,</span> <span class='ocrx_word' id='word_1_310' title='bbox 1203 2402 1322 2451; x_wconf 85' lang='lat' dir='ltr'>Bugg.</span> <span class='ocrx_word' id='word_1_311' title='bbox 1344 2402 1485 2452; x_wconf 90' lang='lat' dir='ltr'>Opusc.</span> <span class='ocrx_word' id='word_1_312' title='bbox 1505 2403 1555 2440; x_wconf 83' lang='lat' dir='ltr'>ad</span> 
     </span>
     <span class='ocr_line' id='line_1_33' title="bbox 95 2469 1553 2520; baseline 0.001 -13"><span class='ocrx_word' id='word_1_313' title='bbox 95 2469 226 2507; x_wconf 75' lang='lat' dir='ltr'>Madv.</span> <span class='ocrx_word' id='word_1_314' title='bbox 263 2472 361 2509; x_wconf 79' lang='lat'>166:</span> <span class='ocrx_word' id='word_1_315' title='bbox 398 2470 656 2519; x_wconf 85' lang='lat' dir='ltr'>„Amplexum</span> <span class='ocrx_word' id='word_1_316' title='bbox 689 2471 813 2507; x_wconf 84' lang='lat' dir='ltr'>amica</span> <span class='ocrx_word' id='word_1_317' title='bbox 939 2470 1059 2517; x_wconf 77' lang='lat' dir='ltr'>sua“;</span> <span class='ocrx_word' id='word_1_318' title='bbox 1092 2477 1232 2508; x_wconf 84' lang='lat' dir='ltr'>neutro</span> <span class='ocrx_word' id='word_1_319' title='bbox 1252 2484 1367 2520; x_wconf 86' lang='lat' dir='ltr'>opus.</span> <span class='ocrx_word' id='word_1_320' title='bbox 1387 2490 1441 2496; x_wconf 96' lang='lat'>—-</span> <span class='ocrx_word' id='word_1_321' title='bbox 1461 2473 1553 2509; x_wconf 89' lang='lat'>510.</span> 
     </span>
     <span class='ocr_line' id='line_1_34' title="bbox 102 2537 1558 2590; baseline 0.002 -14"><span class='ocrx_word' id='word_1_322' title='bbox 102 2537 282 2587; x_wconf 74' lang='lat' dir='ltr'>Quodque</span> <span class='ocrx_word' id='word_1_323' title='bbox 311 2543 447 2577; x_wconf 81' lang='lat' dir='ltr'>tuctur</span> <span class='ocrx_word' id='word_1_324' title='bbox 479 2538 624 2576; x_wconf 83' lang='lat' dir='ltr'>Christ.</span> <span class='ocrx_word' id='word_1_325' title='bbox 657 2538 813 2577; x_wconf 83' lang='lat' dir='ltr'>Metric.</span> <span class='ocrx_word' id='word_1_326' title='bbox 845 2553 883 2589; x_wconf 91' lang='lat' dir='ltr'>p.</span> <span class='ocrx_word' id='word_1_327' title='bbox 920 2541 1014 2590; x_wconf 81' lang='lat'>352,</span> <span class='ocrx_word' id='word_1_328' title='bbox 1046 2551 1081 2577; x_wconf 85' lang='lat' dir='ltr'>v.</span> <span class='ocrx_word' id='word_1_329' title='bbox 1117 2540 1271 2589; x_wconf 85' lang='lat' dir='ltr'>Proleg.</span> <span class='ocrx_word' id='word_1_330' title='bbox 1304 2553 1341 2589; x_wconf 93' lang='lat' dir='ltr'>p.</span> <span class='ocrx_word' id='word_1_331' title='bbox 1380 2542 1470 2578; x_wconf 89' lang='lat'>181.</span> <span class='ocrx_word' id='word_1_332' title='bbox 1502 2560 1558 2567; x_wconf 96' lang='lat'><strong>—</strong></span> 
     </span>
     <span class='ocr_line' id='line_1_35' title="bbox 99 2605 1553 2658; baseline 0.001 -13"><span class='ocrx_word' id='word_1_333' title='bbox 99 2605 190 2645; x_wconf 88' lang='lat'>513.</span> <span class='ocrx_word' id='word_1_334' title='bbox 221 2607 310 2646; x_wconf 70' lang='lat' dir='ltr'>Nisi·</span> <span class='ocrx_word' id='word_1_335' title='bbox 338 2609 414 2645; x_wconf 80' lang='lat' dir='ltr'>iam</span> <span class='ocrx_word' id='word_1_336' title='bbox 448 2620 482 2644; x_wconf 86' lang='lat' dir='ltr'>v.</span> <span class='ocrx_word' id='word_1_337' title='bbox 518 2608 597 2645; x_wconf 86' lang='lat'>504</span> <span class='ocrx_word' id='word_1_338' title='bbox 629 2609 802 2656; x_wconf 86' lang='lat' dir='ltr'>positum</span> <span class='ocrx_word' id='word_1_339' title='bbox 833 2613 912 2644; x_wconf 85' lang='lat' dir='ltr'>tam</span> <span class='ocrx_word' id='word_1_340' title='bbox 939 2609 1073 2646; x_wconf 81' lang='lat' dir='ltr'>multis</span> <span class='ocrx_word' id='word_1_341' title='bbox 1102 2609 1322 2646; x_wconf 75' lang='lat' dir='ltr'>interiectis</span> <span class='ocrx_word' id='word_1_342' title='bbox 1347 2611 1553 2658; x_wconf 80' lang='lat' dir='ltr'>repetitur,</span> 
     </span>
     <span class='ocr_line' id='line_1_36' title="bbox 97 2675 1555 2716; baseline 0.003 -4"><span class='ocrx_word' id='word_1_343' title='bbox 97 2687 134 2712; x_wconf 84' lang='lat' dir='ltr'>v.</span> <span class='ocrx_word' id='word_1_344' title='bbox 163 2675 212 2713; x_wconf 74' lang='lat' dir='ltr'>ad</span> <span class='ocrx_word' id='word_1_345' title='bbox 244 2678 350 2714; x_wconf 86' lang='lat' dir='ltr'>Asin.</span> <span class='ocrx_word' id='word_1_346' title='bbox 385 2678 479 2714; x_wconf 91' lang='lat'>870.</span> <span class='ocrx_word' id='word_1_347' title='bbox 518 2676 610 2713; x_wconf 65' lang='lat' dir='ltr'>maii·</span> <span class='ocrx_word' id='word_1_348' title='bbox 640 2682 678 2712; x_wconf 80' lang='lat' dir='ltr'>et</span> <span class='ocrx_word' id='word_1_349' title='bbox 709 2677 753 2713; x_wconf 81' lang='lat' dir='ltr'>cle</span> <span class='ocrx_word' id='word_1_350' title='bbox 785 2679 818 2713; x_wconf 85' lang='lat' dir='ltr'>te</span> <span class='ocrx_word' id='word_1_351' title='bbox 848 2677 968 2715; x_wconf 77' lang='lat' dir='ltr'><em>(latur</em></span> <span class='ocrx_word' id='word_1_352' title='bbox 997 2691 1068 2715; x_wconf 90' lang='lat' dir='ltr'>em.</span> <span class='ocrx_word' id='word_1_353' title='bbox 1102 2677 1235 2714; x_wconf 85' lang='lat' dir='ltr'>Lamb.</span> <span class='ocrx_word' id='word_1_354' title='bbox 1274 2697 1328 2702; x_wconf 97' lang='lat'><strong>—</strong></span> <span class='ocrx_word' id='word_1_355' title='bbox 1369 2679 1460 2716; x_wconf 89' lang='grc'><strong>514.</strong></span> <span class='ocrx_word' id='word_1_356' title='bbox 1494 2679 1555 2716; x_wconf 79' lang='lat' dir='ltr'>de-</span> 
     </span>
     <span class='ocr_line' id='line_1_37' title="bbox 97 2743 1556 2795; baseline 0.002 -14"><span class='ocrx_word' id='word_1_357' title='bbox 97 2743 240 2783; x_wconf 77' lang='lat' dir='ltr'>decoris</span> <span class='ocrx_word' id='word_1_358' title='bbox 262 2746 474 2794; x_wconf 76' lang='lat' dir='ltr'>pleniorem</span> <span class='ocrx_word' id='word_1_359' title='bbox 505 2746 622 2783; x_wconf 78' lang='lat' dir='ltr'>affert</span> <span class='ocrx_word' id='word_1_360' title='bbox 652 2745 812 2783; x_wconf 86' lang='lat' dir='ltr'>Servius</span> <span class='ocrx_word' id='word_1_361' title='bbox 841 2747 880 2783; x_wconf 89' lang='lat' dir='ltr'>in</span> <span class='ocrx_word' id='word_1_362' title='bbox 896 2746 986 2784; x_wconf 85' lang='lat' dir='ltr'>AEn.</span> <span class='ocrx_word' id='word_1_363' title='bbox 1016 2747 1046 2793; x_wconf 80' lang='grc' dir='ltr'>Ι,</span> <span class='ocrx_word' id='word_1_364' title='bbox 1079 2747 1173 2783; x_wconf 89' lang='grc'><strong>460.</strong></span> <span class='ocrx_word' id='word_1_365' title='bbox 1206 2765 1258 2771; x_wconf 87' lang='grc'>-</span> <span class='ocrx_word' id='word_1_366' title='bbox 1294 2748 1385 2784; x_wconf 88' lang='grc'><strong>515.</strong></span> <span class='ocrx_word' id='word_1_367' title='bbox 1419 2759 1556 2795; x_wconf 78' lang='lat' dir='ltr'>mayno</span> 
     </span>
     <span class='ocr_line' id='line_1_38' title="bbox 97 2815 1553 2865; baseline 0.001 -14"><span class='ocrx_word' id='word_1_368' title='bbox 97 2817 209 2852; x_wconf 75' lang='lat' dir='ltr'>uento</span> <span class='ocrx_word' id='word_1_369' title='bbox 239 2815 297 2851; x_wconf 89' lang='lat' dir='ltr'>ed.</span> <span class='ocrx_word' id='word_1_370' title='bbox 332 2829 406 2865; x_wconf 80' lang='lat' dir='ltr'>pr..</span> <span class='ocrx_word' id='word_1_371' title='bbox 440 2817 464 2852; x_wconf 91' lang='lat' dir='ltr'>i.</span> <span class='ocrx_word' id='word_1_372' title='bbox 490 2829 522 2852; x_wconf 84' lang='lat' dir='ltr'>e.</span> <span class='ocrx_word' id='word_1_373' title='bbox 550 2828 668 2864; x_wconf 89' lang='lat' dir='ltr'>quum</span> <span class='ocrx_word' id='word_1_374' title='bbox 695 2819 833 2852; x_wconf 76' lang='lat' dir='ltr'>ventus</span> <span class='ocrx_word' id='word_1_375' title='bbox 858 2827 1023 2864; x_wconf 79' lang='lat' dir='ltr'>magnus</span> <span class='ocrx_word' id='word_1_376' title='bbox 1047 2822 1117 2861; x_wconf 78' lang='lat' dir='ltr'>est,</span> <span class='ocrx_word' id='word_1_377' title='bbox 1143 2815 1188 2853; x_wconf 90' lang='lat' dir='ltr'>cf.</span> <span class='ocrx_word' id='word_1_378' title='bbox 1208 2816 1299 2852; x_wconf 89' lang='lat'>323.</span> <span class='ocrx_word' id='word_1_379' title='bbox 1322 2816 1439 2853; x_wconf 80' lang='lat' dir='ltr'>Merc.</span> <span class='ocrx_word' id='word_1_380' title='bbox 1463 2818 1553 2853; x_wconf 89' lang='grc'><strong>193.</strong></span> 
     </span>
    </p>
   </div>
  </div>
 </body>
</html>
