1963 3243
360 172 412 211 72
1021 167 1141 202 Plauti
1532 167 1598 211 111,
1623 169 1656 211 3,
1683 169 1814 203 14—26

871 292 1304 334 Acroteleutium

361 365 406 407 Si
439 364 541 419 quid
575 364 868 406 faciundumst
897 364 1066 405 mulieri
1097 364 1209 405 male
1242 369 1372 416 atque
1403 363 1629 413 malitiose,

359 437 448 478 Eae
479 436 539 477 ibi
567 435 808 477 inmortalis
840 436 1091 477 memoriast
1121 436 1367 477 meminisse
1399 439 1441 476 et
1473 422 1775 489 sempiternas

360 509 403 550 Si
435 508 545 549 bene
577 507 683 561 quid
713 511 791 548 aut
821 506 1010 548 fideliter
1041 507 1345 557 faciundumst,
1379 507 1526 548 eadem
1561 509 1731 549 eueniet

360 579 586 622 Obliuiosa
619 579 834 632 extemplo
866 579 933 619 uti
963 577 1053 629 fiat,
1086 580 1329 620 meminisse
1360 583 1559 632 nequeat.

848 714 1326 769 Periplecomenus

362 789 473 841 Ergo
504 789 619 829 istuc
649 791 816 837 metuo,
857 788 1060 840 quoniam
1099 787 1182 828 erit
1212 786 1337 828 uobis
1367 786 1619 827 faciundum
1649 792 1813 828 utrum·
1840 823 1845 828 .

1530 872 1604 910 ue;
1746 871 1814 904 890

360 930 469 971 Nam
499 929 543 971 id
575 929 769 984 proderit
800 930 916 981 mihi,
948 930 1074 971 militi
1106 930 1218 971 male
1249 929 1364 984 quod
1395 872 1565 971 facialis
1596 930 1763 973 ambae.

872 1067 1306 1108 Acroteleutium
1529 1107 1533 1110 .

359 1141 474 1179 Dum
505 1138 750 1180 nescientes
782 1138 884 1193 quid
915 1138 1073 1179 bonum
1106 1138 1326 1189 faciemus,
1357 1152 1410 1180 ne
1440 1138 1637 1180 formida.

361 1210 479 1252 Mala
510 1210 712 1252 mulieres
745 1216 874 1252 natae
907 1211 978 1252 aui
1009 1210 1231 1262 peioribus
1262 1211 1536 1253 conueniunt.

850 1346 1320 1401 Periplecomenus

361 1419 429 1460 Ita
461 1433 540 1461 uos
572 1418 710 1461 decet.
772 1417 1109 1472 Consequimini.

932 1556 1247 1598 Palaestrio

1123 1627 1257 1671 Cesso
1291 1643 1369 1681 ego
1401 1629 1488 1671 illis
1520 1629 1693 1671 obuiam
1724 1630 1816 1671 ire‘?

363 1699 522 1741 Uenire
553 1699 721 1742 saluom
752 1701 935 1753 gaudeo.
996 1701 1158 1756 Lepide
1191 1702 1334 1743 hercle
1367 1708 1544 1743 ornatus
1577 1701 1705 1743 cedit.
1751 1712 1818 1746 895

862 1836 1321 1890 Peripleeomenus

363 1909 478 1950 Bene
504 1915 831 1963 opportuneque
856 1910 1030 1952 obuiam
1057 1925 1115 1960 es,
1140 1910 1392 1952 Palaestrio.
1441 1911 1517 1952 Em
1542 1911 1622 1953 tibi
1647 1911 1816 1960 adsunt,
1877 1906 1884 1909 Δ

364 1980 481 2030 Quas
512 1996 578 2023 me
610 1983 774 2023 iussisti
808 1983 1022 2024 adducere
1055 1989 1098 2024 et
1129 1996 1212 2035 quo
1245 1990 1414 2024 ornatu.

938 2108 1249 2149 Palaestrio

1423 2164 1502 2216 Eu,
1533 2170 1680 2207 noster
1711 2170 1819 2208 esto.

364 2220 605 2262 Palaestrio
638 2221 975 2263 Acroteleutium
1009 2221 1185 2263 salutat.

455 2381 523 2415 887
547 2380 601 2415 Ea
627 2381 696 2415 sibi
716 2380 764 2423 B,
792 2380 866 2415 Eea
891 2382 962 2415 sibi
983 2380 1012 2416 G
1079 2381 1308 2415 meminisset
1376 2382 1443 2416 888
1468 2386 1531 2415 aut
1555 2381 1643 2426 quid
1668 2386 1730 2416 aut

365 2437 579 2472 faciundum
605 2438 634 2471 si
659 2438 750 2473 eade
774 2438 932 2472 ueniunt
1020 2438 1085 2472 889
1111 2438 1300 2473 Obliuiose
1383 2439 1552 2481 exemplo
1577 2447 1618 2473 ut
1642 2438 1733 2473 fiant.

366 2500 554 2539 nequeunt
579 2494 624 2537 B,
649 2506 769 2539 neque
795 2500 883 2529 eunt
911 2494 938 2529 G
1018 2496 1086 2530 890
1109 2500 1210 2530 metu
1237 2495 1265 2530 Ο
1333 2507 1404 2540 quo
1431 2496 1532 2530 uenit
1601 2497 1665 2530 891
1691 2496 1823 2530 militia

456 2553 522 2586 892
546 2552 746 2586 nescientis
827 2552 926 2596 quod
951 2552 985 2586 B
1066 2552 1242 2588 faciamus
1266 2552 1302 2586 Β
1381 2553 1447 2586 893
1472 2551 1543 2586 PE.
1570 2553 1668 2586 Mala
1691 2554 1823 2587 mulier

367 2614 423 2642 est
446 2610 485 2642 A.
513 2621 558 2643 ne
583 2616 695 2652 pauet
715 2608 760 2649 Β,
786 2609 883 2643 Mala
908 2610 1007 2644 milla
1032 2621 1111 2643 mer
1136 2615 1202 2644 est.
1218 2611 1258 2643 A.
1284 2621 1329 2643 ne
1355 2613 1466 2653 pauet
1488 2608 1516 2643 C
1606 2610 1823 2644 conueniuit

369 2665 398 2700 0
475 2667 541 2700 894
563 2668 606 2699 A.
637 2666 747 2701 Cesso
829 2668 894 2701 895
909 2666 1052 2701 Uenere
1123 2668 1264 2701 incedit
1345 2667 1410 2701 896
1425 2666 1493 2700 ΡΕ.
1515 2677 1579 2701 om.
1663 2665 1823 2701 obuiaB

457 2723 696 2765 palestridem
723 2722 768 2766 B,
794 2723 1006 2767 plestridem
1036 2723 1065 2758 O
1151 2725 1218 2758 897
1245 2735 1288 2757 ne
1370 2723 1489 2757 uisisti
1517 2722 1546 2758 C'
1624 2723 1823 2758 adduceret

368 2785 404 2813 et
429 2791 522 2823 equo
617 2782 658 2814 A.
686 2781 937 2814 eunosteresio
1031 2782 1098 2814 898
1123 2781 1427 2815 acroteleuticum
