1963 3243
163 237 226 281 IV,
250 239 282 280 6,
308 239 444 273 27-40
803 239 1017 275 Pseudolus.
1602 249 1654 287 87

835 365 974 407 Simo

170 421 251 473 Qui
283 420 413 463 dune?

815 494 1002 536 Ballio

462 565 723 607 Meministin
757 566 836 607 tibi
870 581 934 607 1116
968 566 1129 608 dudum
1163 567 1303 610 dicere

161 636 265 678 Eam
298 638 471 679 uenisse
503 637 629 679 militi
661 638 945 679 Macedonio?
1333 656 1341 670 =
1568 654 1654 687 1090

838 717 974 760 Simo

162 773 348 814 Memini.

814 831 995 872 Ballio

420 902 511 948 Em,
543 902 659 944 illius
691 917 838 945 seruos
871 903 953 950 huc
985 903 1038 945 ad
1071 918 1137 946 me
1170 909 1395 958 argentum
1427 906 1585 948 adtulit

160 975 214 1016 Et
246 974 519 1028 obsignatum
552 975 808 1029 symbolum,

838 1047 977 1089 Simo

873 1119 986 1168 Quid
1017 1120 1201 1174 postea?

810 1191 995 1233 Ballio

157 1260 239 1310 Qui
272 1262 385 1303 inter
415 1276 482 1304 me
515 1268 646 1317 atque
677 1263 798 1304 illum
830 1264 1007 1305 militem
1041 1270 1320 1307 conuenerat.

156 1333 198 1375 Is
229 1347 372 1375 secum
405 1334 586 1376 abduxit
617 1335 839 1377 mulierem
873 1335 987 1377 haud
1022 1336 1157 1378 multo
1191 1337 1324 1391 prius.

837 1414 976 1456 Simo

155 1484 306 1527 Bonan
338 1485 421 1527 fide
453 1487 565 1528 istuc
597 1487 737 1528 dicis?

815 1559 993 1601 Ballio

782 1630 906 1673 Unde
939 1645 989 1673 ea
1020 1633 1076 1674 sit
1107 1632 1243 1674 mihi?
1564 1647 1650 1680 1095

825 1711 968 1753 Simo

152 1781 261 1823 Uide
295 1781 421 1823 modo
453 1796 506 1824 ne
539 1782 628 1824 illio
660 1784 717 1824 sit
748 1784 1062 1825 conteohnatus
1095 1784 1331 1839 quidpiam.

809 1862 992 1905 Ballio

153 1932 372 1987 [Epistula
403 1939 534 1986 atque
567 1935 707 1988 imago
740 1949 805 1976 me
839 1941 1003 1976 certum
1035 1935 1171 1989 facit]

151 2004 233 2054 Qui
264 2004 382 2047 illam
413 2006 499 2047 iam
532 2007 574 2047 in
606 2006 830 2066 Sicyonem
863 2021 913 2048 ex
944 2007 1051 2049 urbe
1084 2008 1265 2050 abduxit
1296 2008 1453 2051 modo?

830 2086 974 2128 Simo

149 2157 264 2199 Bene
296 2156 441 2199 hercle
474 2157 649 2199 factum.
713 2158 823 2208 Quid
856 2173 935 2212 ego
968 2173 1089 2201 cesso
1124 2160 1382 2202 Pseudolum

150 2229 310 2271 Facere
341 2234 390 2271 111
421 2229 495 2270 det
526 2244 680 2271 nomen
714 2231 768 2272 ad
801 2230 939 2272 Molas
972 2231 1215 2274 coloniam?
1559 2245 1648 2278 1100

149 2300 233 2344 Sed
266 2302 362 2355 quis
393 2300 462 2342 hic
494 2301 620 2344 homo
654 2309 719 2344 est
751 2303 1084 2357 chlamydatus?

813 2382 989 2425 Ballio

1078 2455 1174 2498 Non
1207 2455 1362 2510 edepol
1399 2457 1501 2507 scio,

146 2523 240 2566 Nisi
270 2529 318 2566 ut
349 2525 627 2568 obseruemus
660 2540 744 2581 quo
776 2531 845 2568 eat
879 2534 955 2569 aut
988 2542 1116 2581 quam
1150 2541 1239 2568 rem
1272 2532 1407 2580 gerat.

240 2654 327 2688 1089
353 2653 405 2689 SI.
432 2653 500 2698 Qui
527 2654 638 2688 dum?
665 2655 740 2689 BA.
761 2665 826 2690 om.
902 2657 987 2690 1092
1014 2655 1062 2689 Et.
1087 2656 1182 2690 eboh
1209 2656 1397 2700 signatum
1424 2655 1460 2690 B
1559 2659 1644 2692 1093

148 2708 220 2743 BA.
246 2719 312 2744 om.
414 2712 501 2745 1094
525 2711 564 2744 B.
591 2711 627 2745 Is
709 2711 782 2745 hau
808 2711 843 2745 B
949 2714 1035 2747 1095
1061 2713 1202 2747 Bonam
1297 2712 1384 2748 fidei
1410 2711 1454 2754 Β,
1481 2712 1591 2748 fidem
1618 2713 1645 2748 C

151 2767 237 2801 1096
261 2767 532 2802 conthecnatus
561 2766 586 2801 C
725 2770 810 2802 1098
835 2769 935 2803 illam
961 2770 1110 2814 quidem
1136 2770 1207 2804 iam
1335 2770 1571 2814 inszcyonem
1597 2769 1643 2811 B,

147 2822 352 2857 inszionem
381 2822 410 2858 C
502 2824 657 2858 adduxit
753 2827 834 2859 1101
865 2825 1149 2860 chlammidatus
1174 2824 1210 2860 B
