1963 3243
143 138 204 184 lv,
228 139 260 182 5,
286 139 396 173 7—16
713 138 819 172 Miles
844 138 1038 181 gloriosus.
1522 142 1598 181 103

714 263 1027 305 Palaestrio

145 337 286 379 Etiam
320 338 414 378 ine?
476 335 568 386 Quo
601 335 727 377 modo
760 349 838 389 ego
871 336 1015 376 uiuam
1048 336 1139 377 siue
1172 335 1246 376 te‘?

647 471 1093 527 Pyrgopolinices

957 545 1058 598 Age,
1091 545 1235 587 animo
1268 545 1382 587 bono
1414 558 1477 597 833
1513 557 1599 590 1200

143 618 353 673 Equidem
386 632 462 671 ego
495 622 537 659 te
569 617 787 668 liberab03
819 631 918 659 nam
951 618 985 658 si
1018 631 1187 671 possem
1221 618 1310 659 ullo
1342 618 1469 660 modo

142 689 364 744 Inpetrare
397 695 446 732 ut
476 689 617 731 abiret
647 703 724 732 nec
754 694 796 731 te
829 689 1078 737 abduceret,
1113 704 1287 744 operam
1322 690 1440 741 dedi;

142 761 300 804 Uerum
332 763 562 816 oppressit.

712 878 1023 921 Palaestrio

584 950 696 991 Deos
728 949 914 1002 sperabo
945 954 1097 1003 teque3
1132 953 1348 1003 postremo
1381 955 1538 1001 tamen,

139 1021 231 1063 Etsi
255 1022 367 1064 istuc
392 1023 495 1064 mihi
520 1022 782 1073 acerbumst‚
808 1023 912 1075 quia
943 1036 1016 1063 ero
1045 1026 1088 1063 te
1107 1022 1388 1064 carendumst
1406 1028 1597 1076 optumo,

142 1092 302 1135 Saltem
356 1095 398 1136 id
454 1095 587 1150 uolup
641 1099 719 1146 est,
767 1108 895 1148 quom
942 1108 993 1135 ex
1038 1095 1202 1137 uirtute
1248 1095 1412 1137 formae
1452 1096 1598 1137 euenit

1311 1167 1392 1209 tibi
1511 1181 1597 1214 1205

139 1240 236 1282 Mea
268 1254 402 1295 opera
434 1255 565 1295 super
595 1240 677 1282 hac
707 1225 867 1291 uicina,
901 1255 1030 1294 quam
1054 1254 1132 1294 ego
1158 1255 1269 1283 nunc
1293 1241 1476 1283 concilio
1501 1241 1594 1283 tibi.

642 1377 1091 1432 Pyrgopolinices

140 1449 252 1499 Quid
284 1464 391 1503 opus
423 1449 600 1492 uerbis?
630 1450 879 1492 libertatem
911 1449 991 1492 tibi
1023 1464 1101 1505 ego
1134 1455 1177 1492 et
1208 1451 1386 1493 diuitias
1419 1451 1545 1503 dabo,

137 1519 181 1563 Si
211 1521 419 1576 inpetras.

706 1601 1016 1645 Palaestrio

408 1675 603 1718 Reddam
634 1676 911 1730 inpetratum.

637 1806 1091 1862 Pyrgopolinices

947 1880 1004 1921 At
1034 1880 1188 1933 gestio.

707 1994 1021 2036 Palaestrio

1171 2067 1227 2108 At
1257 2067 1425 2109 modice
1458 2067 1596 2109 decet.

135 2135 363 2180 Moderare
388 2139 552 2191 anim03
578 2153 631 2180 ne
656 2140 714 2181 sis
739 2139 936 2194 cupidus.
970 2138 1054 2181 Sed
1083 2153 1228 2181 eccam
1253 2141 1351 2194 ipsa
1375 2140 1597 2193 egreditur

1247 2211 1379 2254 foras.

228 2370 314 2403 1200
338 2370 446 2405 sinite
472 2369 507 2404 Β
599 2371 698 2405 bono
725 2371 849 2405 animo
874 2371 909 2405 Β
1003 2383 1040 2406 es
1066 2381 1132 2405 om.
1229 2372 1312 2405 1201
1348 2370 1396 2405 Et
1421 2371 1484 2406 ille
1509 2382 1597 2415 ago-

136 2425 216 2459 telli
241 2425 386 2461 illibera
410 2428 510 2462 bona
535 2427 581 2471 Β,
614 2433 650 2462 et
674 2428 771 2463 idem
797 2440 868 2473 ago
894 2429 1120 2464 telliberabo
1146 2440 1229 2462 nam
1259 2427 1288 2463 O
1376 2433 1507 2473 posset

138 2482 224 2516 1202
254 2482 471 2527 Inpetraret
500 2484 536 2519 Β
629 2488 670 2519 ut
702 2485 857 2520 haberet
890 2486 936 2529 Β,
969 2497 1035 2521 om.
1063 2485 1091 2520 G
1181 2497 1228 2520 ne
1323 2486 1505 2521 abducere

138 2539 224 2573 1203
249 2551 355 2584 spero
383 2540 410 2575 C
505 2543 590 2576 1204
618 2543 713 2576 istud
742 2542 830 2576 mihi
858 2544 1086 2578 acerbiumst
1108 2543 1137 2578 C
1226 2537 1414 2585 optimeB
1512 2546 1597 2578 1205

137 2595 264 2630 Saltim
299 2596 344 2639 Β,
379 2598 550 2642 uoluptas
584 2598 620 2633 B
714 2599 831 2633 forme
862 2600 897 2633 Β
991 2602 1093 2634 uenit
1188 2601 1275 2633 1206
1308 2599 1402 2634 hane
1435 2601 1595 2635 uicinam

226 2654 314 2688 mihi
411 2657 498 2689 1203
535 2655 621 2689 Sum
661 2661 783 2699 petras
823 2656 850 2690 G
943 2658 1164 2701 imperatum
1260 2658 1399 2701 gestios
1425 2657 1461 2691 B
1555 2669 1596 2692 ac

136 2709 246 2744 modo
285 2710 393 2746 decet
427 2711 475 2756 Β,
516 2723 557 2747 ac
594 2712 741 2747 modico
780 2713 862 2748 dice
901 2713 930 2748 0
1023 2715 1110 2747 1209
1142 2714 1259 2758 ipsam
1354 2714 1446 2748 foris
1481 2713 1511 2749 C

136 2767 334 2803 Adduntur
359 2769 504 2804 nomina
529 2772 700 2814 proxima
727 2780 841 2805 scenoe
866 2770 1128 2815 superscripta.
