1963 3243
142 213 184 253 ΙΙ,
211 213 241 253 6,
268 212 403 245 53—-62
703 210 810 244 Miles
836 210 1033 253 gloriosus.
1547 212 1599 250 47

632 335 1102 389 Periplecomenus

955 407 1143 448 Eanest‘?

727 521 1017 563 Sceledrus

1159 592 1326 634 Nescio.
1536 605 1602 637 535

633 673 1103 727 Periplecomenus

143 747 223 789 Uin
256 748 365 788 scire
399 747 557 800 plane?

727 825 1018 867 Sceledrus

604 897 752 952 Cupio.

631 1012 1102 1066 Periplecomenus

780 1084 859 1126 Abi
892 1086 1006 1126 intro
1038 1085 1091 1126 ad
1124 1100 1200 1126 uos
1234 1085 1405 1127 domum

141 1157 376 1209 Continu03
410 1158 508 1199 uide
542 1158 654 1200 sitne
685 1159 822 1199 istaec
855 1163 1005 1199 nostra
1037 1159 1162 1200 intus.

727 1271 1020 1313 Sceledrus

1188 1344 1331 1396 Licet;

141 1416 292 1458 Pulcre
325 1417 600 1459 admonuisti.
663 1416 752 1458 Iam
786 1431 864 1469 ego
897 1417 950 1458 ad
985 1422 1027 1458 te
1061 1417 1185 1458 exibo
1218 1416 1346 1459 foras.

632 1530 1106 1585 Periplecomenus

141 1603 386 1658 Numquam
419 1603 570 1658 edepol
605 1604 819 1645 hominem
853 1618 1113 1658 quemquam
1147 1603 1413 1646 ludificarier

141 1676 278 1729 Magis
311 1675 451 1718 facete
483 1677 571 1718 uidi
606 1682 648 1718 et
681 1678 815 1730 magis
848 1677 967 1718 miris
1000 1677 1153 1719 modis.
1540 1689 1606 1722 540

142 1748 223 1791 Sed
258 1762 405 1790 eccum
439 1749 672 1803 egreditur.

730 1852 1023 1895 Sceledrus

720 1924 1085 1979 Peripleoemene,
1118 1931 1160 1968 te
1194 1926 1372 1968 obsecro

144 1996 224 2039 Per
257 1996 358 2038 deos
389 2002 521 2050 atque
554 1996 747 2039 homines
781 2011 945 2052 perque
977 1998 1207 2040 stultitiam
1241 2012 1378 2041 meam

144 2068 308 2123 Perque
340 2075 417 2110 tua
448 2083 600 2122 genua,

634 2173 1107 2227 Periplecomenus

620 2245 730 2295 Quid
766 2246 968 2289 obsecras
1001 2247 1100 2289 me‘?

733 2360 1023 2403 Sceledrus

1165 2434 1368 2476 Inscitiae

147 2503 267 2546 Meae
300 2511 342 2545 et
375 2504 588 2546 stultitiae
620 2507 830 2556 ignoscas.
892 2506 1017 2548 Nunc
1050 2506 1219 2548 demum
1253 2507 1353 2556 scio,

236 2675 302 2708 536
328 2673 408 2709 Uim
504 2675 582 2709 abit
675 2677 740 2709 537
766 2677 838 2710 ista
852 2677 931 2711 haec
946 2677 1094 2712 domum
1120 2681 1246 2711 nostra
1339 2679 1405 2712 538
1431 2678 1607 2712 admonu-

144 2732 205 2765 isti
231 2732 259 2765 si
287 2732 356 2765 iam
453 2735 511 2766 ate
542 2731 573 2766 B
667 2734 733 2766 540
764 2733 874 2768 facite
890 2734 956 2769 BC
1049 2735 1150 2768 uidet
1175 2733 1222 2778 B,
1250 2734 1345 2768 uidit
1371 2735 1451 2769 etC'
1541 2737 1601 2770 541

146 2788 457 2832 peripleetomene
563 2791 628 2823 542
653 2790 811 2824 stultitia
836 2803 915 2825 moa
942 2791 1007 2826 BC
1110 2793 1175 2825 543
1207 2796 1341 2830 tuagoa
1373 2791 1441 2826 BC
1543 2796 1608 2828 544

147 2845 324 2880 stultitiae
350 2856 440 2879 meze
468 2847 639 2889 ignoscas
665 2845 699 2879 B
793 2847 890 2882 idem
917 2848 963 2891 B,
990 2848 1071 2882 dem
1101 2848 1128 2882 C
