1963 3243
104 213 151 258 ΙῘ,
182 217 209 257 1,
234 215 313 249 662
325 215 356 256 2,
381 215 403 248 8
679 213 787 249 Miles
813 214 1010 256 gloriosus.
1514 220 1562 258 13

106 339 160 382 Et
191 353 291 381 sene
324 340 487 381 sciente
518 339 600 381 hoc
632 339 734 391 feci;
768 341 802 381 is
835 339 1065 382 consilium
1098 339 1231 381 dedit.

104 412 212 454 Nam
246 426 365 454 meus
399 425 634 454 conserues
667 417 731 453 est
764 412 890 453 homo
923 412 1038 453 haud
1074 413 1214 464 magni
1248 412 1373 466 preti,
1503 425 1563 456 145

104 484 236 534 Quem
272 483 538 525 concubinae
572 484 693 525 miles
725 484 951 525 custodem
985 484 1166 525 addidit,

107 556 153 597 Ei
186 571 263 597 nos
295 556 447 597 facetis
480 555 656 597 fabricis
689 562 731 597 et
765 556 902 597 doctis
935 556 1045 597 dolis

105 628 386 670 Glaucumam
420 628 474 669 ob
507 629 654 670 oculos
686 628 935 672 obiciemus.
968 642 1153 682 eumque
1187 629 1249 669 ita

106 699 327 741 Faciemus
360 704 407 741 ut
439 699 555 754 quod
589 700 749 742 uiderit
781 714 865 741 non
898 701 1070 741 uiderit.

105 771 160 813 Et
189 786 285 813 mox
318 785 370 813 ne
403 773 569 819 erretis,
603 772 710 814 haec
744 773 927 814 duarum
960 772 1090 814 hodie
1122 774 1261 815 uicem
1500 784 1564 817 150

105 844 158 885 Et
189 844 287 886 hinc
319 848 362 886 et
393 844 513 886 illinc
545 845 698 886 mulier
729 845 838 886 feret
870 846 1112 898 imaginem,

106 917 245 970 Atque
277 917 429 959 eadem
461 917 554 964 erit,
586 931 735 959 uerum
769 917 856 959 alia
888 931 981 959 esse
1013 916 1362 959 adsimulabitur.

103 988 168 1030 Ita
200 988 444 1030 sublinetur
475 1003 520 1031 os
553 989 720 1031 custodi
753 989 960 1031 mulieris.

103 1060 184 1103 Sed
217 1060 321 1103 foris
355 1062 610 1116 concrepuit
639 1062 738 1103 hinc
770 1076 794 1103 a
825 1063 969 1104 uicino
1001 1076 1114 1104 sene.

102 1133 200 1189 Ipse
232 1134 337 1184 cxit;
371 1133 440 1175 hic
471 1133 586 1175 illest
617 1133 798 1188 lepidus,
831 1149 958 1188 quem
991 1135 1092 1185 dixi,
1125 1148 1269 1177 senex.
1500 1148 1565 1181 155

343 1350 871 1394 PERIPLECOMENUS.
964 1352 1328 1395 PALAESTRIO.

601 1478 1073 1532 Periplecomenus

102 1551 155 1593 Ni
187 1551 331 1593 hercle
364 1551 635 1605 defregeritis
667 1551 782 1593 talos
814 1551 1004 1605 posthac,
1036 1566 1251 1606 quemque
1283 1553 1325 1593 in
1357 1553 1514 1605 tegulis

103 1622 309 1665 Uideritis
341 1623 542 1673 alienum,
574 1629 724 1665 uostra
756 1638 833 1677 ego
865 1624 1020 1666 faciam
1052 1625 1191 1667 latera
1221 1625 1351 1667 lorea.

103 1695 206 1737 Mihi
239 1695 414 1749 quidem
439 1697 524 1737 iam
549 1695 702 1737 arbitri
730 1696 860 1737 uicini
883 1702 994 1746 sunt,
1030 1711 1150 1739 meae
1181 1698 1285 1751 quid
1318 1698 1396 1739 fiat
1428 1698 1565 1749 domi;

101 1768 168 1810 Ita
184 1782 259 1822 per
276 1768 517 1822 inpluuium
534 1769 649 1810 intro
668 1774 881 1821 spectant.
939 1769 1060 1810 Nunc
1077 1770 1185 1811 adeo
1203 1770 1325 1811 edico
1345 1771 1562 1812 omnibus:

102 1840 323 1895 Quemque
355 1855 380 1881 a
412 1840 548 1882 milite
581 1840 663 1882 hoc
695 1840 894 1881 uideritis
927 1839 1146 1883 hominem
1177 1843 1221 1883 in
1253 1844 1413 1885 nostris
1446 1850 1508 1885 te-

1097 1914 1224 1967 gulis,
1503 1927 1567 1960 160

103 1986 237 2028 Extra
268 2000 400 2027 unum
434 1985 790 2036 Palaestrionem,
823 1984 906 2026 huc
938 1985 1218 2029 deturbatote
1249 1988 1293 2029 in
1326 1989 1455 2029 uiam.

101 2058 225 2109 Quod
256 2059 328 2101 ille
361 2058 568 2113 gallinam
599 2062 677 2100 aut
708 2057 953 2099 columbam
985 2072 1029 2100 se
1061 2060 1220 2101 sectari
1253 2065 1329 2102 aut
1360 2061 1528 2102 simiam

101 2131 240 2183 Dicat,
272 2131 527 2185 disperistis,
558 2131 601 2172 ni
634 2144 773 2184 usque
805 2130 860 2172 ad
893 2135 1076 2172 mortem
1108 2132 1220 2174 male
1252 2133 1528 2176 mulcassitis.

194 2269 259 2303 144
283 2279 409 2303 senem
435 2267 615 2302 scientem
697 2265 800 2302 fecis.
825 2267 870 2310 Β,
896 2266 1040 2302 faecitis
1067 2266 1096 2302 C
1179 2270 1242 2303 145
1268 2272 1331 2304 aut
1417 2270 1480 2303 146
1505 2281 1566 2304 cu-

100 2325 226 2361 stodes
254 2325 284 2361 C
374 2327 438 2359 147
463 2323 583 2358 facitis
676 2323 846 2358 fabritios
874 2323 902 2359 Ο
989 2324 1086 2360 dolis
1112 2325 1207 2360 dolis
1233 2326 1269 2361 Β
1369 2328 1429 2361 148
1455 2326 1565 2362 Glau-

99 2394 206 2418 cuma
226 2382 294 2419 BC
361 2383 558 2418 obitiemus
632 2381 693 2414 151
720 2380 780 2415 hic
805 2380 875 2416 BC
940 2385 982 2416 ut
1006 2381 1122 2418 ferret
1146 2383 1192 2427 Β,
1218 2388 1261 2419 ut
1285 2383 1379 2419 feret
1406 2384 1434 2419 C
1503 2386 1568 2419 152

99 2441 172 2474 alia
206 2451 285 2475 esse
316 2450 383 2475 om.
415 2441 448 2474 A
561 2441 662 2474 esset
696 2438 970 2474 atsimulabitur
1002 2439 1072 2476 BC
1177 2443 1240 2476 153
1272 2442 1495 2477 sublinit...
1521 2441 1567 2485 Β,

99 2498 298 2533 sublitores
324 2497 353 2532 G
454 2497 631 2531 mulieres
656 2494 691 2529 B
796 2497 859 2530 154
883 2507 1010 2532 senem
1037 2497 1065 2532 C
1165 2499 1228 2533 155
1255 2498 1348 2534 dixit
1373 2511 1486 2535 senex
1511 2503 1568 2534 est

190 2555 510 2600 Periplectomens
536 2553 741 2598 palaestrio
767 2553 851 2589 add.
877 2553 922 2588 Β.

239 2609 714 2648 PERIPLECTOMENUS

193 2672 256 2705 156
281 2669 360 2705 Nisi
384 2670 420 2705 B
501 2668 677 2704 defrieret
708 2668 739 2702 is
771 2667 799 2703 Ο
880 2679 1103 2714 quemquem
1130 2671 1163 2704 A
1250 2672 1314 2706 157
1341 2682 1409 2716 ego
1436 2676 1568 2706 nostra

100 2727 168 2763 BC
274 2730 338 2763 158
377 2728 468 2762 mihi
506 2726 677 2772 equidem
709 2725 742 2759 A
849 2725 1010 2759 arbitri&
1046 2727 1097 2771 B,
1136 2728 1311 2764 arbitriae
1345 2729 1374 2764 C
1476 2729 1567 2763 uicis

99 2789 189 2820 eunt
213 2784 281 2820 BC
393 2787 457 2820 160
490 2794 712 2830 quemquem
738 2782 770 2816 A
883 2783 1015 2818 teculis
1045 2784 1074 2819 Ο
1185 2787 1245 2821 161
1281 2786 1383 2823 inuia.
1413 2786 1480 2821 BC

102 2843 164 2877 162
191 2843 320 2877 scimia
348 2842 415 2878 BG
505 2843 569 2877 163
595 2839 942 2886 disperistiniusque
1037 2844 1093 2877 ale
1120 2843 1149 2878 G
1239 2844 1445 2879 mulcasitis
1471 2844 1537 2879 BG
