1963 3243
277 218 330 256 46
957 214 1079 250 Plauti
1472 216 1498 260 I,
1526 217 1556 261 5,
1584 215 1763 252 106—123

954 339 1093 382 Simo

280 411 393 453 Bene
425 415 556 465 atque
586 412 723 453 amice
756 411 882 462 dicis;
914 425 1014 452 nam
1043 425 1157 453 nunc
1188 412 1363 466 quidem
1393 412 1536 454 meu's.

870 482 1169 525 Pseudolus

278 554 359 596 Uin
392 555 523 596 etiam
556 554 695 595 dicam
728 554 844 607 quod
875 569 955 596 uos
987 556 1123 607 magis
1156 555 1398 597 miremini?

898 625 1144 680 Callipho

279 697 438 739 Studeo
471 697 616 739 hercle
649 696 818 748 audire3
850 711 948 737 nam
981 697 1054 738 ted
1086 698 1281 740 ausculto
1312 699 1477 741 lubens.

943 766 1100 820 [Simo

277 842 365 894 Age
397 841 517 892 dum3
549 854 648 881 nam
679 841 784 881 satis
815 840 1016 882 lubenter
1047 845 1088 881 te
1121 841 1315 882 ausculto
1347 841 1498 896 loqui]

870 911 1166 953 Pseudolus
1459 897 1465 900 ι

276 984 400 1025 Prius
432 997 563 1036 quam
593 984 721 1024 istam
754 997 942 1036 pugnam
975 984 1188 1036 pugnabo,
1220 997 1298 1037 ego
1329 985 1459 1027 etiam
1490 986 1608 1040 prius
1698 997 1764 1031 525

275 1055 398 1097 Dabo
431 1056 559 1096 aliam
592 1068 782 1109 pugnam
814 1055 975 1096 claram
1009 1061 1051 1096 et
1082 1056 1500 1099 commemorabilem.

956 1126 1094 1168 Simo

277 1184 413 1234 Quam
445 1184 662 1238 pugnam?

861 1250 1166 1292 Pseudolus

711 1323 801 1374 Em,
834 1323 887 1364 ab
922 1323 1004 1364 hoc
1034 1323 1188 1364 lenone
1218 1324 1361 1365 uicino
1393 1329 1468 1366 tuo

277 1396 377 1450 [Per
410 1395 739 1451 sycophantiam
771 1399 900 1448 atque
932 1409 1008 1448 per
1041 1395 1193 1436 doctos
1226 1394 1364 1448 dolos]

276 1469 516 1511 Tibicinam
548 1467 668 1508 illam
699 1471 800 1508 tuus
835 1481 964 1520 quam
995 1471 1152 1519 gnatus
1184 1467 1361 1520 deperit,

279 1542 343 1583 Ea
373 1540 692 1582 circumducam
723 1538 865 1592 lepide
897 1539 1114 1590 lenone1n3
1147 1543 1190 1580 et
1221 1539 1394 1592 quidem
1698 1550 1764 1583 530

280 1613 501 1655 chectum
531 1611 613 1652 hoc
643 1611 771 1651 hodie
802 1610 979 1652 reddam
1011 1616 1241 1664 utrumque
1273 1610 1329 1651 ad
1359 1625 1600 1664 uesperum.

860 1728 862 1731 f
959 1681 1094 1723 Simo

279 1758 320 1800 Si
355 1757 530 1812 quidem
561 1756 696 1797 istaec
727 1768 872 1808 opera,
905 1758 954 1794 ut
985 1754 1227 1808 praedicas,
1260 1753 1506 1807 perfeceris,

281 1828 451 1870 Uirtute
483 1828 571 1880 reyi
605 1825 833 1879 Agathocli
865 1826 1164 1867 antecesseris.

279 1901 363 1942 Sed
395 1900 432 1942 si
463 1913 547 1940 non
578 1898 699 1945 faxis,
732 1912 833 1941 num
866 1897 969 1950 quid
1002 1911 1155 1938 causae
1186 1901 1251 1938 est
1281 1897 1380 1938 ilico

279 1973 390 2023 Quin
422 1976 465 2013 te
497 1972 539 2012 in
572 1971 800 2024 pistrinum
833 1969 1045 2010 condam?

869 2040 1170 2082 Pseudolus

1090 2113 1184 2154 Non
1215 2126 1347 2153 unum
1377 2112 1424 2152 iu
1456 2111 1580 2162 diem,
1699 2122 1766 2156 535

280 2185 436 2227 Uerum
468 2184 611 2226 hercle
644 2186 687 2225 in
720 2184 870 2231 omnis,
905 2190 1113 2238 quantum
1146 2189 1220 2225 est.
1284 2183 1366 2224 Sed
1399 2184 1434 2224 si
1466 2182 1669 2235 ecfecero,

278 2256 419 2298 Dabin
450 2256 554 2297 mihi
586 2261 826 2309 argentum,
860 2256 978 2310 quod
1011 2256 1106 2298 dem
1138 2256 1294 2307 lenoni,
1324 2255 1423 2297 ilico

277 2329 369 2370 Tua
399 2328 657 2369 uoluntate?

391 2454 453 2486 521
482 2464 579 2486 nunc
608 2463 688 2485 nam
714 2454 837 2485 meust
1001 2452 1063 2484 523
1091 2451 1217 2485 Studie
1377 2454 1413 2485 te
1440 2449 1633 2484 dauscultu
1657 2448 1701 2492 Β,
1730 2454 1764 2483 te

279 2510 443 2543 ausculta
471 2508 499 2543 C
602 2510 666 2542 524
692 2508 727 2542 P.
758 2507 786 2541 C
888 2510 953 2541 525
980 2507 1015 2541 C.
1046 2508 1074 2542 C
1158 2509 1223 2542 526
1249 2507 1546 2542 commerabilem
1571 2505 1607 2540 B
1700 2507 1765 2540 527

278 2567 404 2600 emabe
430 2565 476 2606 Β,
503 2577 580 2599 eme
607 2565 650 2599 ab
681 2565 708 2599 C
874 2566 939 2598 529
967 2572 1023 2598 tus
1049 2576 1157 2608 quam
1183 2570 1291 2598 natus
1315 2564 1350 2598 B
1517 2565 1584 2597 530
1606 2562 1764 2606 lepidele

277 2635 410 2657 numen
440 2624 471 2657 S.
500 2621 588 2666 quid
615 2628 633 2657 ἓ
659 2621 704 2656 Β.
734 2621 894 2665 lepidule
924 2633 1053 2655 nomen
1084 2621 1118 2654 S.
1145 2621 1232 2665 quid
1259 2627 1276 2655 ἰ),
1305 2620 1333 2655 C
1487 2621 1550 2653 531
1584 2619 1622 2653 Ρ.
1647 2618 1764 2653 Effec-

278 2684 354 2713 tum
472 2679 580 2713 hodie
606 2678 676 2712 hoc
702 2678 736 2712 B
869 2680 934 2711 532
960 2684 1022 2711 aut
1049 2678 1077 2712 C
1209 2678 1274 2712 533
1299 2678 1351 2711 rei
1484 2678 1549 2711 534
1575 2687 1684 2711 causa
1709 2681 1765 2710 est

278 2738 342 2769 5323
369 2737 583 2779 pristrinum
611 2727 645 2769 Β
763 2747 874 2769 unum
903 2735 1047 2778 quidem
1077 2735 1172 2768 diem
1198 2734 1309 2768 modo
1433 2734 1498 2767 536
1524 2737 1682 2777 quantus
1709 2735 1765 2767 est

279 2794 341 2826 :²37
368 2792 479 2825 lenon
505 2791 540 2825 Β
