1963 3243
107 202 172 247 111,
198 204 228 246 3.
256 204 391 238 48—56
664 203 770 238 Miles
797 203 993 248 gloriosus.
1507 204 1559 242 75

676 328 986 371 Palaestrio

107 401 269 456 Nempe
301 408 346 443 tu
380 403 540 444 nouisti
573 401 763 447 militem,
797 415 935 442 meum
966 401 1116 442 erum?

616 525 1046 568 Acroteleutium

1055 598 1222 651 Rogare
1254 598 1463 639 mirumst.
1494 608 1562 642 920

106 671 257 726 Populi
290 671 433 713 odium
467 671 615 724 quidni
648 672 855 719 nouerim,
889 670 1190 722 magnidicum,
1226 671 1531 712 cincinnatum.

105 744 331 786 Moechum
362 736 707 796 uiigueutatum‘?

675 868 986 911 Palaestrio

604 941 716 982 Num
749 941 820 983 ille
852 947 893 982 te
924 954 1024 982 nam
1054 940 1206 982 nouit}>

615 1047 1045 1109 Acroteleutium

1155 1123 1402 1178 Numquam
1435 1123 1559 1165 uidit.

103 1180 186 1232 Qui
218 1182 389 1224 nouerit
418 1195 496 1231 me,
528 1182 623 1234 quis
655 1195 733 1235 ego
766 1181 874 1223 sim?

678 1306 986 1349 Palaestrio

914 1378 1053 1420 Nimis
1085 1378 1227 1432 lepide
1258 1378 1468 1421 fabulare.

102 1450 164 1494 Eo
195 1453 388 1507 potuerit
417 1451 603 1507 lepidius
634 1451 708 1506 pol
738 1450 843 1493 fieri.

614 1566 1045 1608 Acroteleutium

917 1637 1043 1680 Potin
1078 1644 1127 1679 ut
1157 1638 1373 1680 hominem

102 1709 204 1751 Mihi
236 1710 322 1762 des,
357 1712 556 1766 quiescas
589 1712 762 1753 cetera?
794 1712 837 1752 ni
869 1710 1095 1752 ludificata
1126 1711 1268 1765 lepide
1493 1723 1559 1756 925

101 1782 201 1831 Ero,
233 1783 403 1837 culpam
435 1798 603 1826 omnem
634 1785 677 1825 in
710 1798 775 1825 me
806 1784 1014 1838 inponito.

681 1897 986 1940 Palaestrio

994 1972 1082 2024 Age
1113 1971 1246 2023 igitur
1276 1971 1390 2011 intro
1422 1970 1558 2020 abite3

101 2040 294 2083 Insistite
327 2041 409 2083 hoc
439 2044 662 2095 negotium
696 2045 928 2098 sapienter.

614 2158 1043 2200 Acroteleutium

970 2230 1068 2271 Alia
1098 2243 1214 2271 eura.

679 2344 986 2386 Palaestrio

103 2415 210 2469 Age,
258 2415 625 2470 Periplecomeoe,
674 2417 752 2459 has
798 2431 910 2459 nunc
955 2419 1039 2458 iam
1081 2417 1163 2458 duc
1195 2417 1329 2467 intr03
1376 2429 1454 2469 ego
1500 2416 1555 2457 ad

1186 2489 1327 2529 forum
1357 2489 1479 2529 illum

191 2602 258 2635 920
282 2602 397 2636 mirus
425 2602 454 2637 G
543 2604 605 2637 921
635 2614 720 2646 qum
747 2603 920 2637 noueriut
943 2601 990 2646 B,
1017 2603 1145 2646 quinni
1172 2602 1320 2642 nouerit
1345 2601 1374 2636 0
1452 2613 1553 2645 mag-

103 2658 274 2694 nidicunt
299 2657 328 2693 C
417 2660 483 2694 922
507 2659 763 2693 Menechmum
793 2664 1009 2703 guentatum
1037 2659 1072 2694 B
1165 2659 1228 2692 illa.
1254 2670 1333 2693 eam
1357 2657 1403 2700 B,
1430 2659 1495 2692 illa
1519 2665 1556 2693 et

103 2727 231 2751 aenam
258 2715 287 2751 G
376 2716 442 2751 923
469 2727 548 2750 sum
575 2715 610 2750 B
702 2718 770 2751 924
795 2718 993 2761 potiuerim
1091 2717 1158 2750 926
1183 2717 1280 2761 agite
1304 2717 1404 2750 intro
1429 2716 1465 2751 B

99 2773 167 2807 928
198 2772 512 2818 periplectomene
544 2774 726 2808 adnuntia
750 2772 796 2817 B,
828 2775 1162 2818 periplectomeuae
1188 2784 1227 2807 as
1251 2774 1419 2808 nuntiam
1442 2773 1471 2808 G

103 2840 211 2874 egem
239 2828 268 2864 Ο
