1963 3243
291 226 370 265 122
968 220 1091 255 Plauti
1543 219 1572 262 Ι,
1598 219 1631 260 2,
1657 218 1769 253 6—30

288 347 436 400 Neque
469 347 529 388 eis
560 346 650 388 ulla
681 345 864 388 ornandi
895 346 1002 388 satis
1034 345 1214 387 satietas
1247 349 1324 387 est.
1703 354 1771 388 215

289 418 430 472 Atque
461 418 568 460 haec
598 422 647 460 ut
677 418 842 471 loquor,
873 431 987 458 nunc
1018 417 1145 458 domo
1176 416 1306 459 docta
1337 416 1443 457 dico.

290 489 401 531 Nam
432 504 513 532 nos
545 503 682 543 usque
714 488 769 530 ab
801 502 961 530 aurora
991 488 1046 530 ad
1076 488 1158 529 hoc
1189 487 1305 541 quod
1337 487 1421 529 diei
1453 492 1529 538 est,

289 561 354 602 Ex
382 561 601 602 industria
632 560 785 602 ambae
815 573 1051 613 numquam
1082 573 1382 601 concessamus

289 633 449 674 Lauari
480 637 555 673 aut
585 632 734 673 fricari
765 635 840 673 aut
869 631 1030 684 tergeri
1061 636 1135 672 aut
1166 632 1310 672 ornari

290 704 423 746 Poliri
454 704 635 758 expoliri
666 703 782 756 pingi
813 702 927 755 fingi,
959 706 1002 744 et
1032 716 1117 744 una
1708 713 1773 747 220

291 776 425 817 Binae
457 775 637 827 singulis
669 788 780 828 quae
813 774 941 815 datae
971 774 1094 815 nobis
1127 774 1320 823 ancillae,

291 847 379 889 Eae
408 861 488 889 nos
519 846 709 888 lauando
742 846 924 887 eluendo
957 859 1133 899 operam
1165 845 1387 895 dederunt,

291 918 636 972 Aggerundaque
669 931 784 970 aqua
814 921 914 958 sunt
944 918 1026 958 uiri
1059 917 1143 958 duo
1176 915 1346 958 defessi.

291 991 438 1044 Apage
470 991 540 1041 sis,
571 990 716 1042 negoti
749 993 960 1041 quantum
990 989 1033 1029 in
1065 988 1242 1029 muliere
1272 1001 1360 1029 una
1391 988 1474 1029 est!

295 1062 378 1103 Sed
409 1075 513 1103 uero
547 1061 670 1111 duae,
704 1064 771 1102 sat
802 1061 901 1110 scio,
932 1073 1131 1101 maxumo
1163 1060 1237 1100 uni
1708 1070 1774 1104 225

292 1133 456 1186 Populo
489 1132 714 1186 quoilubet
745 1132 841 1185 plus
875 1132 981 1173 satis
1013 1131 1116 1172 dare
1147 1131 1261 1185 potis
1291 1136 1401 1181 sunt,

294 1203 433 1258 [Quae
464 1208 612 1245 noctes
645 1203 819 1256 diesque
851 1204 966 1245 omni
998 1203 1040 1244 in
1072 1207 1216 1244 aetate
1248 1216 1416 1257 semper

295 1275 515 1318 Ornantur
546 1276 750 1317 lauantur
780 1278 1005 1328 tergentur
1035 1274 1267 1328 poliuntur.

292 1349 514 1390 Postremo
546 1347 698 1389 modus
731 1347 950 1389 muliebris
980 1346 1123 1387 nullus
1157 1351 1235 1396 est,
1267 1360 1407 1400 neque
1439 1358 1642 1398 umquam

293 1419 500 1462 Lauando
533 1424 576 1460 et
604 1418 800 1460 fricando
835 1419 991 1460 scimus
1024 1418 1163 1459 facere
1194 1416 1336 1470 finem3
1712 1427 1778 1460 230

293 1492 404 1534 Nam
437 1505 546 1545 quae
577 1491 726 1532 lauata
757 1494 834 1542 est,
865 1491 949 1532 nisi
979 1490 1177 1544 perculta
1211 1493 1286 1539 est,
1319 1503 1412 1530 meo
1439 1476 1610 1542 quidem
1635 1488 1777 1530 animo

1310 1561 1433 1614 quasi
1465 1560 1629 1601 inculta
1660 1557 1755 1613 est]

854 1689 1218 1731 Anterastilis

297 1764 431 1805 Miror
462 1763 658 1817 equidem
691 1768 747 1814 te,
779 1776 913 1812 soror⁷
946 1762 1080 1802 istaec
1111 1761 1309 1811 fabulari,

300 1835 420 1886 Quae
451 1840 539 1876 tam
573 1834 730 1876 callida
762 1839 804 1875 et
836 1834 964 1875 docta
996 1834 1053 1874 sis
1086 1837 1128 1874 et
1159 1832 1312 1874 faceta.

299 1907 410 1949 Nam
441 1921 570 1960 quom
602 1907 749 1948 sedulo
783 1905 1001 1947 munditer
1033 1918 1110 1945 nos
1142 1903 1363 1955 habemus,

302 1978 382 2020 Uix
413 1992 625 2032 aegreque
658 1977 950 2020 amatorculos
981 1976 1234 2018 inuenimuS.
1717 1984 1782 2018 235

850 2108 1230 2160 Adelphasium

303 2182 369 2224 Ita
400 2186 483 2234 est3
514 2196 664 2225 uerum
696 2181 777 2223 hoc
807 2195 939 2222 unum
970 2186 1116 2222 tamen
1149 2180 1357 2231 cogitato:

304 2253 475 2307 [Modus
507 2254 703 2296 omnibus
735 2254 875 2304 rebus,
910 2266 1041 2302 soror,
1074 2255 1295 2305 optumum
1328 2255 1392 2292 est
1422 2246 1604 2301 habitu‚]

302 2325 445 2368 Nimia
477 2327 619 2368 omnia
650 2325 827 2366 nimium
860 2323 1063 2365 exhibent
1092 2323 1239 2376 negoti
1270 2321 1514 2363 hominibus
1547 2334 1598 2362 ex
1629 2333 1684 2361 se.

394 2508 460 2541 215
485 2505 681 2540 ordinandi
707 2503 742 2539 Β
881 2504 944 2537 216
969 2502 1080 2536 modo
1209 2503 1275 2536 218
1301 2501 1546 2544 anteponitur:
1586 2500 1787 2543 Postquam

306 2575 438 2598 aurora
473 2563 592 2597 illuxit
627 2572 826 2605 numquam
853 2559 1147 2594 consessauimus
1265 2558 1442 2592 218—282
1474 2558 1512 2591 in
1535 2556 1571 2590 B
1596 2560 1788 2600 ponuntur

299 2625 385 2665 post
406 2621 474 2655 349
561 2620 626 2653 219
652 2617 820 2652 aufficari
845 2616 880 2650 B
974 2617 1040 2649 222
1065 2615 1118 2649 Ea
1198 2616 1263 2649 223
1288 2612 1516 2658 Aggerunda
1541 2623 1632 2656 quae
1722 2613 1788 2646 227

305 2677 342 2711 in
369 2677 466 2710 omni
493 2675 521 2710 C
616 2676 682 2709 228
708 2675 886 2718 piliuntur
913 2672 942 2707 Ο
1037 2673 1103 2706 230
1128 2671 1374 2706 sacerenniam
1399 2669 1443 2712 Β,
1470 2668 1589 2703 faeere
1618 2667 1646 2703 C
1723 2669 1786 2702 231

308 2744 380 2777 qua
405 2733 548 2767 clauata
572 2731 619 2773 B,
645 2743 717 2775 qua
743 2730 886 2764 elauata
913 2728 940 2763 C
1022 2729 1160 2762 inlusta
1184 2727 1229 2771 Β,
1257 2727 1393 2761 iniusta
1418 2725 1446 2760 C
1529 2726 1597 2759 232
1622 2735 1727 2759 soror
1752 2730 1789 2759 te

399 2790 489 2822 istec
515 2789 567 2823 sic
594 2787 628 2821 Β
728 2787 793 2822 236
818 2786 985 2830 cogitoto
1011 2785 1045 2819 B
1144 2784 1209 2818 237
1234 2783 1353 2818 modis
1382 2782 1410 2817 C
1509 2782 1574 2816 238
1599 2781 1790 2826 negotium
