1963 3243
269 220 322 259 68
946 218 1066 252 Plauti
1463 220 1534 263 ΙΙΙ,
1559 222 1590 263 2,
1614 223 1748 256 42-55

265 341 375 383 Nam
409 356 487 395 ego
520 327 786 384 cicilindrum
818 343 989 397 quando
1020 344 1064 384 in
1096 344 1434 402 patinas-indidi
1681 359 1747 392 835

265 412 352 454 Aut
383 413 680 467 cepolindrum
712 418 789 455 aut
819 414 1054 455 maccidem
1086 420 1160 456 aut
1190 416 1460 469 sicaptidem,

266 484 392 538 Ipsae
425 499 469 526 se
501 486 678 538 patinae
709 483 1000 526 feruefaciunt
1029 485 1141 527 ilico.

266 555 386 597 Haec
417 555 472 597 ad
504 556 693 610 Neptuni
725 556 910 610 pecudes
942 557 1214 599 condimenta
1245 562 1364 607 sunt3

266 627 502 669 Terrestris
534 627 720 681 pecudes
752 627 1044 670 sicimalindro
1077 629 1229 670 condio

267 700 352 740 Aut
382 698 611 752 hapalopsi
643 702 719 740 aut
749 700 1025 741 cataractria.

917 800 1090 843 Ballio

1079 873 1133 914 At
1164 877 1206 914 te
1236 873 1432 927 Iuppiter
1466 904 1471 907 -
1681 888 1750 921 840

264 943 404 997 Dique
437 957 582 984 omnes
614 943 799 998 perdant
831 957 926 984 cum
958 944 1241 986 condimentis
1273 946 1357 986 tuis

267 1013 458 1069 Cumque
488 1016 574 1057 tuis
604 1015 698 1057 istis
734 1015 929 1057 omnibus
962 1015 1206 1057 mendaciis.

899 1107 1110 1163 Coquos

267 1179 365 1221 Sine
399 1180 454 1221 sis
485 1180 604 1234 loqui
638 1194 715 1222 me.

916 1275 1092 1317 Ballio

799 1347 994 1401 Loquere
1025 1352 1155 1401 atque
1186 1349 1202 1387 τ’
1233 1348 1277 1388 in
1308 1348 1465 1389 malam
1497 1362 1675 1390 crucem.

901 1448 1117 1504 Coquos

265 1519 348 1561 Ubi
380 1534 526 1562 omnes
557 1520 734 1574 patinae
765 1520 950 1571 feruont,
983 1521 1121 1562 omnis
1154 1521 1319 1574 aperio3

263 1591 306 1633 Is
340 1591 445 1633 odos
478 1591 668 1634 dimissis
701 1592 899 1634 manibus
930 1593 972 1633 in
1005 1591 1171 1633 caelum
1203 1593 1346 1644 uolat3
1684 1605 1749 1638 845

262 1663 372 1704 Eum
403 1663 577 1705 odorem
609 1668 736 1706 cenat
765 1664 961 1718 Iuppiter
992 1664 1184 1706 cottidie.

924 1767 1099 1808 Ballio

267 1835 400 1890 [Odos
433 1837 620 1879 dimissis
654 1838 881 1880 manibus?

900 1942 1108 1997 Coquos

921 2015 1103 2056 Peccaui
1134 2015 1334 2056 insciens.

918 2109 1094 2151 Ballio

266 2163 347 2213 Qui
380 2164 508 2206 dum?

463 2304 475 2326 1

264 2339 330 2372 835
362 2338 612 2373 cocilendrum
637 2339 671 2373 A
764 2339 1050 2383 patinascindidi
1076 2338 1144 2374 BC
1231 2340 1298 2374 836
1324 2337 1567 2382 sipoliudrum
1592 2336 1662 2373 BC

266 2394 457 2430 maecidem
485 2394 513 2430 0
625 2396 899 2440 sauecaptidem
926 2396 969 2438 B,
997 2396 1272 2440 sauccaptidem
1300 2395 1328 2430 C
1445 2395 1510 2429 837
1535 2393 1678 2439 Eaepse
1703 2394 1747 2437 A,

264 2451 338 2486 Eae
363 2452 464 2496 ipsae
490 2463 569 2486 sese
593 2452 663 2488 ΒΟ
768 2454 834 2488 838
859 2454 934 2488 Aeo
959 2452 1004 2492 B,
1031 2453 1106 2488 Aee
1133 2452 1161 2488 C
1267 2455 1419 2496 neptum
1444 2451 1478 2485 B
1583 2451 1650 2485 839
1675 2451 1746 2486 cio·

264 2508 446 2542 malindro
472 2508 518 2552 A,
547 2509 775 2545 cicimandro
800 2509 846 2551 B,
872 2509 1049 2544 cicimdro
1077 2509 1105 2544 O
1193 2510 1260 2543 840
1283 2508 1383 2543 Haut
1405 2506 1673 2552 hapalocopide
1698 2506 1745 2549 A,

263 2564 370 2598 Aaud
394 2564 635 2610 hapalopside
660 2565 708 2609 B,
734 2569 798 2601 aut
822 2565 1064 2610 hapalopside
1091 2566 1120 2601 G
1208 2565 1280 2600 aud
1305 2564 1340 2600 B
1432 2563 1673 2598 cactaractria
1697 2561 1745 2605 B,

266 2622 418 2656 catactri
447 2621 476 2656 Ο
575 2622 621 2656 ad
646 2621 682 2657 Β
785 2624 848 2657 841
877 2622 1007 2667 Diique
1118 2634 1228 2666 quom
1253 2621 1289 2656 B
1397 2621 1463 2656 842
1488 2620 1568 2654 istis
1594 2630 1658 2655 om.
1685 2617 1751 2654 ΒΟ

356 2684 433 2712 offis
462 2677 491 2713 Ο
597 2680 662 2713 843
689 2678 848 2714 Sinescis
875 2679 941 2713 BC
1041 2680 1052 2713 i
1078 2690 1142 2714 om.
1247 2680 1314 2712 844
1339 2679 1484 2714 seruent
1508 2679 1575 2714 BC
1680 2679 1745 2714 845

264 2733 430 2768 demissis
458 2727 613 2779 pedibus
639 2734 705 2770 BC
824 2736 890 2770 846
916 2736 1106 2770 modorem
1227 2736 1293 2769 847
1318 2736 1472 2780 pedibus
1498 2735 1567 2771 BC
1681 2735 1747 2770 848

263 2789 417 2832 Quidem
445 2791 512 2825 BC
