1963 3243
117 219 162 262 ΙΙ,
186 220 219 259 2.
249 220 390 253 17—25.
687 215 795 250 Miles
821 214 1018 258 gloriosus.
1525 214 1572 252 15

601 339 1081 395 Periplecomenus

1321 395 1383 436 De
1416 393 1573 447 tegulis

111 474 239 517 Modo
272 475 418 515 nescio
451 473 547 527 quis
579 470 847 525 inspectauit
879 474 1078 511 nostrum
1111 468 1388 510 familiarium

112 547 195 589 Per
239 550 433 587 nostrum
479 544 718 598 inpluuium
767 543 884 583 intus
931 541 1045 595 apud
1093 555 1171 583 nos
1210 539 1572 582 Philocomasium

1043 618 1174 667 atque
1207 612 1422 666 hospitem
1513 621 1578 654 175

114 689 376 732 Osculantis.

688 773 1003 815 Palaestrio

376 847 482 898 Quis
507 847 637 890 homo
661 846 703 888 id
729 846 872 887 uidit?

606 948 1089 1002 Periplecomenus

823 1020 941 1062 Tuus
973 1034 1222 1063 conseruos.

697 1123 1006 1166 Palaestrio

1190 1180 1295 1231 Quis
1318 1180 1356 1222 is
1380 1179 1580 1222 homost?

608 1269 1090 1322 Periplecomenus

117 1343 294 1395 Nescio;
326 1343 388 1385 ita
418 1341 614 1396 abripuit
644 1346 824 1396 repente
857 1356 951 1384 sese
985 1341 1142 1384 subito.

692 1445 1007 1487 Palaestrio

996 1516 1201 1571 Suspicor

118 1575 186 1618 Me
217 1576 390 1630 perisse.

610 1661 1092 1716 Peripleeomenus

421 1734 503 1778 Ubi
536 1734 641 1787 abit,
675 1735 923 1787 conclam03
959 1733 1115 1785 „Heus,
1149 1732 1253 1787 quid
1286 1733 1379 1786 agis
1411 1733 1484 1774 tu“
1519 1732 1582 1773 111-

988 1820 1118 1861 quam
1155 1807 1223 1857 „in
1254 1805 1466 1858 tegulis‘?“

120 1879 198 1922 Ille
229 1879 333 1922 mihi
364 1879 515 1922 abiens
546 1881 609 1922 ita
641 1880 877 1935 respondit,
910 1895 956 1922 se
988 1879 1150 1921 sectari
1183 1878 1365 1920 simiam.

696 1984 728 2024 P
739 1983 788 2025 al
801 1997 827 2025 a
838 1997 860 2025 e
871 1997 890 2025 8
902 1988 921 2025 t
930 1984 1010 2024 rio

125 2056 214 2099 Uae
225 2055 329 2098 mihi
341 2057 514 2106 misero,
526 2057 629 2111 quoi
639 2055 951 2111 pereundumst
962 2059 1141 2109 propter
1153 2053 1277 2095 nihili
1289 2054 1487 2095 bestiam.
1522 2063 1587 2096 180

123 2128 206 2171 Sed
224 2128 587 2172 Philocomasium
606 2129 746 2172 hicine
764 2129 895 2171 etiam
914 2140 1027 2170 nunc
1044 2127 1140 2170 est?

614 2232 1095 2286 Periplecomenus

1035 2304 1172 2354 Quom
1192 2302 1374 2353 exibam,
1392 2301 1462 2343 hic
1479 2305 1586 2343 erat.

219 2430 282 2464 173
308 2428 433 2464 estade
459 2430 492 2463 A
599 2430 737 2474 tequlis
765 2429 794 2464 C
897 2431 962 2463 174
987 2429 1103 2474 quisis
1203 2430 1409 2462 uestrarum
1435 2425 1501 2460 BC

125 2486 350 2521 familiarum
377 2486 407 2522 0
497 2488 561 2521 175
587 2487 898 2532 philocomazium
925 2485 971 2528 Β,
998 2485 1059 2520 filo
1086 2485 1290 2520 comatium
1317 2484 1347 2519 Ο
1437 2484 1501 2517 176
1527 2482 1589 2526 qui

128 2543 158 2579 G
257 2543 295 2578 id
320 2554 387 2578 om.
413 2542 460 2584 B,
493 2548 508 2578 t
536 2544 566 2579 G
666 2555 869 2579 conseruus
895 2550 960 2578 est.
989 2543 1059 2577 PA.
1087 2544 1150 2587 qui
1177 2543 1226 2577 sis
1251 2543 1322 2576 erit
1349 2542 1500 2575 homost
1524 2539 1595 2574 BG

220 2606 285 2639 177
310 2604 469 2649 arripuit
494 2604 527 2637 A
623 2603 688 2636 178
713 2602 868 2645 periisse
893 2601 938 2643 A,
963 2601 1124 2645 perisset.
1151 2599 1180 2635 Ο
1269 2599 1363 2633 abiit
1387 2599 1433 2641 A,
1471 2597 1591 2632 habiit

126 2661 194 2697 BG
293 2662 398 2696 heius
418 2687 425 2693 .
447 2688 455 2696 .
476 2661 557 2705 quit
581 2659 626 2703 B,
654 2659 743 2693 heus
769 2659 881 2703 aquid
909 2658 937 2693 C
1038 2659 1076 2692 in
1101 2649 1237 2701 tegulis
1263 2666 1328 2691 om.
1355 2654 1424 2691 BG
1526 2656 1590 2688 179

127 2720 294 2754 scimiam
321 2718 390 2754 BC
482 2719 546 2752 180
571 2717 729 2751 amisero
755 2715 825 2751 BC
913 2715 1167 2760 pereunduset
1191 2715 1236 2755 A,
1270 2712 1461 2757 pereundfi
1488 2713 1516 2746 si
1542 2710 1589 2752 B,

127 2776 319 2821 ρει-01111115
351 2777 376 2810 11
404 2775 434 2811 0
523 2775 614 2809 nihil
640 2775 758 2809 bestia
786 2772 815 2808 0
907 2774 967 2808 181
997 2773 1084 2807 Saet
1111 2770 1448 2816 philochomasium
1476 2769 1503 2804 C

127 2834 186 2868 bic
212 2835 249 2868 in
276 2845 317 2868 ae
343 2833 413 2868 BC
502 2833 702 2866 etiannunc
730 2832 762 2865 A
856 2843 956 2866 eram
982 2829 1048 2865 BC
