1963 3243
125 242 154 285 1,
181 243 211 285 2,
239 241 414 275 104—114
766 241 959 275 Poenulus.
1533 247 1609 286 129

688 365 1049 408 Anterastilis

124 438 265 481 Nimia
296 451 372 479 uos
405 436 602 479 socordia
634 437 762 478 hodie
795 438 942 479 tenuit.

673 539 1055 590 Adelphasium

1014 610 1108 660 Qua
1139 611 1191 653 de
1222 612 1298 653 re‘?
1330 613 1521 656 obsecro

686 712 1047 754 Anterastilis

120 784 232 836 Quia
255 798 340 826 non
364 785 449 826 iam
475 784 634 826 dudum
658 789 758 826 ante
783 784 922 825 lucem
947 783 1000 824 ad
1019 784 1171 827 aedem
1191 785 1371 829 Ueneris
1398 788 1605 838 uenimus,

124 855 292 898 Primae
324 860 372 898 ut
402 856 656 898 inferremus
688 857 827 909 ignem
861 857 903 897 in
936 870 1067 897 aram.

679 970 1054 1022 Adelphasium

914 1041 997 1082 Ah!
1030 1056 1114 1085 non
1147 1042 1263 1085 facto
1297 1049 1362 1086 est
1394 1058 1515 1099 opus.
1543 1057 1610 1090 31ss

124 1112 242 1164 Quae
265 1113 428 1155 habent
450 1117 662 1154 nocturna
689 1127 775 1162 ora,
807 1119 938 1154 noctu
965 1114 1255 1156 sacrificatum
1288 1116 1349 1157 ire
1380 1122 1607 1171 occupant.

125 1184 380 1238 Priusquam
412 1183 556 1226 Uenus
589 1186 924 1238 expergiscatur.
959 1186 1078 1239 prius
1112 1185 1401 1240 deproperant
1433 1188 1581 1230 sedulo

126 1255 387 1306 Sacrificare‚
420 1270 518 1298 nam
549 1257 756 1309 uigilaute
791 1256 953 1298 Uenere
986 1258 1020 1298 si
1054 1258 1232 1299 ueniant
1264 1273 1352 1302 eae.

123 1327 192 1370 Ita
206 1332 307 1370 sunt
324 1333 487 1382 turpes,
512 1328 639 1370 credo
667 1334 846 1372 ecastor.
877 1328 1086 1371 Uenerem
1110 1330 1250 1384 ipsam
1275 1345 1296 1372 e
1323 1331 1421 1373 fano
1448 1332 1608 1386 fugent.

674 1446 1054 1499 Ayorastocles

126 1517 316 1572 Milphio.

751 1604 976 1656 Milphio

260 1676 427 1731 Edepol
458 1676 738 1731 Milphionem
769 1677 990 1718 miserum!
1025 1676 1136 1726 Quid
1167 1692 1278 1720 nunc
1310 1679 1374 1721 uis
1407 1679 1518 1721 tibi?
1544 1691 1606 1724 321

669 1786 1055 1839 Ayorastocles

119 1855 308 1900 Obsecro
340 1857 497 1908 hercle,
529 1863 578 1900 ut
609 1858 750 1900 mulsa
781 1858 995 1912 loquitur!

749 1964 983 2016 Milphio

1043 2035 1159 2078 Nihil
1190 2038 1273 2079 nisi
1305 2038 1550 2080 laterculos.

119 2105 344 2148 Sesamum
376 2121 738 2162 papaueremque,
771 2109 964 2150 triticum
996 2112 1040 2150 et
1070 2108 1220 2151 frictas
1251 2123 1395 2151 nuces.

672 2206 1054 2258 Ayorastocles

124 2273 311 2331 [Ecquid
342 2290 488 2318 amare
520 2277 700 2319 uideor?

749 2375 978 2428 Milphio

504 2447 732 2491 Damnum.
766 2448 881 2501 quod
914 2447 1152 2490 Mercurius
1184 2449 1357 2490 minime
1389 2454 1518 2491 amat.
1545 2462 1611 2495 324

212 2592 278 2626 315
302 2592 375 2626 iam
400 2603 476 2627 non
503 2592 532 2628 0
617 2594 682 2627 316
708 2593 831 2627 Prima
856 2605 938 2628 cum
964 2598 1005 2628 ut
1028 2594 1072 2637 B,
1097 2594 1217 2639 prima
1241 2605 1324 2629 cum
1352 2594 1381 2629 C
1467 2596 1608 2640 signem

5 2654 38 2714 Γ(
213 2647 282 2682 aha
306 2659 381 2683 non
407 2647 542 2684 factust
567 2650 600 2683 A
686 2650 751 2683 317
777 2662 961 2694 occupans
1051 2651 1117 2685 318
1142 2662 1257 2685 uenus
1284 2651 1539 2695 experiscatur
1564 2652 1609 2695 Β,

120 2753 343 2794 exposcatur
367 2761 482 2785 uenus
509 2750 538 2785 0
647 2752 713 2786 319
738 2718 917 2796 uigtilante
942 2751 979 2786 Β
1105 2763 1190 2786 aeae
1313 2753 1378 2787 322
1403 2754 1551 2789 utnulsa
1575 2753 1611 2789 B

124 2803 192 2840 323
216 2804 406 2841 Sesumam
477 2818 722 2852 papauperem
750 2807 785 2842 Β
855 2820 952 2843 nunc
979 2819 1016 2843 es
1041 2807 1077 2842 B
1208 2815 1212 2818 ”

1319 2881 1340 2914 9
