1963 3243
363 205 444 242 244
935 203 1040 237 Miles
1067 204 1259 246 gloriosus.

363 332 456 369 273.
490 331 767 368 Philocomasio
807 331 909 368 infra
955 333 1059 369 1424
1091 334 1207 370 etiam
1240 335 1277 371 in
1310 335 1342 370 A
1373 334 1570 372 scribitur.
1632 333 1815 374 Dativum

361 412 432 448 pro
471 400 653 449 genetivo
693 413 770 437 non
808 413 898 436 raro
930 401 1063 448 posuit
1094 400 1269 449 Plautus,
1302 414 1337 439 V.
1371 401 1421 438 ad
1451 401 1592 451 Amph.
1625 402 1692 438 44.
1725 401 1814 440 add.

362 467 472 518 Capt.
517 468 608 505 366.
664 467 803 504 Bacch.
845 468 939 512 971,
980 471 1019 503 et
1060 481 1144 516 quae
1184 474 1320 506 nostro
1360 469 1443 506 loco
1485 469 1676 506 similiora
1712 475 1814 515 sunt,

361 535 477 573 Most.
519 536 611 573 944.
657 535 774 572 1134.
821 535 910 572 Ter.
944 535 1084 572 Heaut.
1125 537 1218 573 270.
1252 537 1407 573 Phorm.
1442 538 1534 574 872.
1598 537 1688 574 Hec.
1722 539 1815 575 258.

360 603 434 640 Ad.
473 605 563 641 126.
596 623 649 628 —
682 604 750 648 qui
778 602 822 638 A.

475 671 567 709 275.
608 684 823 717 proxumae
866 673 1035 710 uiciniae
1080 674 1119 708 et
1157 673 1189 707 A
1230 676 1270 708 et
1309 676 1399 709 cett.
1440 672 1607 709 locativo
1646 685 1747 719 casu,
1779 686 1814 710 v.

361 739 510 777 Charis.
552 753 590 789 p.
633 741 711 777 223
753 741 814 787 K,
863 754 977 790 quem
1023 740 1148 776 locum
1196 740 1309 776 attuli
1357 740 1405 776 ad
1451 740 1589 777 Bacch.
1624 741 1715 787 202,
1751 742 1816 778 ubi

362 820 500 855 parum
540 811 644 844 recte
678 809 783 845 edidi
818 821 1036 858 „proxume
1068 806 1278 844 uiciniae“.
1311 806 1366 844 Cf.
1401 807 1500 844 Rud.
1536 808 1641 844 602:
1686 821 1816 853 „meae

361 874 568 912 uiciniae“.
603 875 785 926 Spengel.
819 876 869 912 ad
900 876 989 913 Ter.
1022 875 1144 913 Andr.
1179 877 1230 913 70
1263 889 1301 925 p.
1339 876 1428 912 151.
1465 894 1509 900 -—
1549 876 1642 912 276.
1674 876 1817 913 malam

360 955 437 979 rem
477 940 523 989 A,
567 958 599 981 v.
633 944 681 980 ad
712 944 802 981 Aul.
843 945 937 981 475.
977 963 1025 969 —
1059 943 1151 981 278.
1197 944 1246 981 Te
1284 945 1329 981 A.
1363 963 1416 968 —
1450 944 1542 980 279.
1589 943 1715 990 Uolup
1752 947 1816 992 est,

359 1012 407 1048 cf.
442 1011 490 1048 ad
521 1012 661 1062 Amph.
695 1013 788 1050 951.
823 1031 874 1036 —
913 1012 1014 1060 Quid
1045 1013 1148 1049 iam?
1178 1015 1248 1049 aut
1270 1012 1363 1059 quid
1386 1012 1605 1059 ozeyotiest?
1635 1012 1680 1049 cf.
1697 1011 1815 1062 Epid.

361 1082 434 1117 57:
471 1080 597 1127 „Quid
629 1078 734 1117 iam‘?
768 1085 837 1117 aut
869 1082 962 1129 quid
998 1081 1112 1117 est?“
1149 1080 1252 1117 infra
1283 1082 1376 1117 471.
1425 1080 1613 1117 Fleckeis.
1646 1081 1685 1117 in
1715 1082 1815 1118 Ann.

357 1149 454 1198 phil.
502 1148 549 1186 CI
590 1162 628 1198 p.
678 1149 741 1185 77.
791 1150 893 1185 Ante
938 1150 1063 1196 negoti
1106 1150 1146 1185 in
1191 1151 1224 1185 A
1263 1149 1439 1186 Studem.
1485 1146 1608 1194 „iam“
1651 1148 1817 1197 legebat,

359 1215 484 1266 Gepp.
531 1214 655 1263 „hic“.
698 1236 750 1241 —-
790 1218 884 1254 280.
926 1218 1060 1254 Metuo
1100 1217 1191 1253 olim
1231 1230 1302 1254 em.
1343 1237 1395 1242 —
1435 1228 1480 1254 ne
1517 1216 1651 1261 hercle,
1684 1220 1727 1253 ut
1760 1219 1816 1263 „si

358 1283 530 1332 hercle“,
564 1298 599 1321 v.
633 1285 682 1322 ad
712 1285 801 1322 Aul.
836 1286 901 1322 48.
935 1305 989 1309 —-
1022 1286 1114 1322 281.
1149 1285 1225 1321 Pro
1263 1284 1388 1334 ‚,que“
1452 1287 1493 1322 in
1525 1285 1554 1320 Β
1586 1285 1728 1322 lacuna
1744 1290 1815 1333 est,

359 1352 433 1389 del.
454 1353 551 1401 Py1.‚
585 1353 632 1391 cf.
665 1353 772 1390 Pers.
808 1354 906 1390 571:
945 1355 986 1400 „I
1017 1356 1056 1390 in
1090 1354 1235 1390 malum
1266 1350 1525 1390 cruciatum“.
1573 1352 1685 1402 capt.
1715 1354 1815 1391 468:

363 1435 606 1468 „maxumam
639 1421 780 1458 malam
813 1421 1006 1459 crucem“.
1070 1422 1210 1458 Hiatur
1241 1423 1280 1458 in
1312 1422 1479 1458 diaeresi.
1511 1441 1565 1445 —
1598 1422 1691 1459 282.
1723 1421 1818 1459 Post

356 1501 448 1526 nam
494 1490 634 1527 hiatur.
670 1508 717 1513 —
756 1488 867 1536 „hic“
918 1490 993 1527 del.
1034 1490 1150 1527 Both.
1191 1509 1244 1515 —
1284 1491 1376 1527 284.
1410 1489 1659 1537 Inpzcdt'cum,
1701 1505 1734 1528 v.
1767 1490 1816 1528 ad
1864 1531 1868 1535 Α

357 1558 498 1607 Amph.
531 1559 624 1595 920.
657 1577 711 1581 —
743 1559 842 1595 scices
875 1558 1022 1608 Haupt.
1057 1559 1127 1608 Op.
1159 1558 1197 1595 II
1227 1571 1266 1607 p.
1303 1559 1401 1607 1363
1441 1558 1485 1595 R.
1520 1570 1606 1595 cum
1636 1558 1817 1595 Bentleio

362 1625 482 1673 „sci“,
516 1639 602 1676 quae
634 1627 760 1664 forma
791 1639 867 1663 non
899 1627 1055 1664 aliunde
1087 1631 1182 1664 nota
1214 1630 1282 1663 est,
1318 1645 1373 1651 —
1406 1626 1500 1663 285.
1532 1626 1622 1663 Non
1652 1628 1762 1672 enim,
1783 1641 1816 1664 v.

358 1695 408 1732 ad
449 1695 567 1733 Most.
620 1696 739 1733 1114.
790 1715 837 1721 -
889 1697 982 1733 287.
1032 1696 1078 1733 cf.
1128 1696 1221 1734 507.
1270 1695 1410 1732 Luchs.
1460 1695 1592 1732 Herm.
1638 1694 1734 1732 XIII
1778 1709 1816 1746 p.

360 1764 458 1801 500:
510 1763 767 1812 ,‚sectatust“.
818 1783 864 1789 —
917 1765 1008 1801 288.
1050 1764 1104 1801 Da·
1143 1767 1175 1800 te
1207 1764 1398 1810 perflant!
1458 1763 1519 1800 Sic
1557 1762 1719 1801 facetias
1757 1765 1819 1801 vel

359 1833 527 1881 ineptias
567 1845 746 1882 personae
785 1833 1048 1881 colloquentis
1088 1835 1311 1882 praesertim
1350 1845 1435 1868 cum
1476 1832 1653 1869 convicio
1687 1825 1818 1881 aliqu‘o
1872 1830 1874 1832 ’

358 1901 584 1938 coniunctas
625 1901 831 1950 aspernari
870 1900 1061 1945 solebant,
1103 1914 1138 1938 v.
1181 1901 1230 1937 ad
1271 1899 1382 1950 Capt.
1424 1900 1518 1937 879.
1595 1900 1703 1937 Hanc
1743 1902 1816 1938 im-

357 1970 623 2019 precationem
664 1970 748 2006 fieri
789 1972 922 2019 potest
961 1973 1006 2005 ut
1044 1969 1143 2005 alter
1182 1973 1351 2018 regerat,
1392 1982 1426 2006 v.
1466 1969 1568 2006 infra
1608 1970 1708 2017 3283
1750 1968 1819 2006 sed

358 2051 435 2074 non
467 2039 594 2075 minus
626 2050 729 2086 saepe
762 2038 843 2074 haec
876 2037 994 2073 verba
1026 2037 1124 2073 nihil
1158 2037 1266 2074 aliud
1291 2039 1366 2074 nisi
1391 2038 1598 2075 leviculam
1623 2037 1818 2086 quandam

358 2106 683 2154 indignationem,
725 2106 928 2153 ¹interdum
976 2119 1062 2142 cum
1108 2107 1190 2142 risu
1236 2109 1495 2152 coniunctam,
1558 2106 1819 2155 significantia

358 2175 459 2211 alter
505 2188 581 2212 non
627 2180 816 2222 moratur,
866 2175 911 2211 cf.
961 2174 1099 2223 Amph.
1150 2174 1244 2211 734.
1292 2174 1402 2223 Capt.
1452 2174 1545 2211 862.
1593 2174 1708 2224 Epid.
1752 2174 1816 2211 24.

359 2243 498 2280 Pseud.
534 2244 654 2281 1231.
688 2243 807 2280 Poen.
844 2243 934 2280 587.
986 2242 1181 2279 Errarunt
1211 2244 1334 2292 igitur
1365 2244 1432 2291 qui
1466 2242 1502 2279 h.
1536 2242 1562 2279 1.
1596 2242 1816 2279 Palaestrio-

358 2325 444 2348 nem
490 2317 727 2349 censuerunt
772 2325 794 2348 a
840 2311 1109 2360 retorquenda
1154 2313 1436 2360 imprecatione
1475 2313 1659 2360 incipere,
1708 2311 1818 2361 quasi

362 2384 423 2426 „te
455 2382 556 2417 istuc
579 2394 746 2430 aequum
775 2385 848 2426 est,
882 2392 932 2416 sc.
959 2383 1002 2416 ut
1028 2380 1065 2415 di
1093 2378 1303 2428 perdant“,
1322 2379 1462 2416 deinde
1480 2380 1578 2428 παρὰ
1595 2379 1817 2429 προσδοκίαν

357 2450 593 2485 sententiam
632 2450 746 2485 aliter
786 2450 1028 2494 continuare,
1071 2455 1110 2484 ut
1148 2451 1180 2485 tc
1211 2448 1426 2485 subiectum
1458 2449 1510 2485 sit
1542 2448 1652 2485 verbi
1683 2448 1814 2496 eloqui,

357 2530 519 2565 quorum
554 2531 622 2554 uec
654 2518 723 2554 illa
755 2517 904 2566 ellipsis
936 2530 1061 2566 neque
1088 2517 1167 2554 haec
1192 2517 1362 2553 inversio
1387 2516 1481 2552 ferri
1506 2521 1647 2566 potest.
1695 2515 1816 2553 Immo

359 2585 559 2623 Palaestrio
593 2586 767 2623 Sceledri
799 2587 1123 2635 imprecationem
1149 2599 1227 2622 non
1253 2598 1393 2622 curans
1417 2585 1650 2634 simpliciter
1673 2585 1815 2634 pergit,

358 2667 411 2699 se,
445 2658 627 2705 quoniam
660 2655 728 2691 ille
761 2667 840 2691 rem
874 2667 1035 2691 narrare
1068 2655 1270 2703 inceperit,
1313 2655 1388 2690 iam
1420 2667 1496 2690 non
1529 2666 1710 2690 recusare
1742 2664 1816 2702 quo

359 2724 484 2759 minus
518 2723 665 2760 audiat.
698 2734 867 2770 aequom,
908 2736 959 2759 sc.
993 2728 1063 2770 est,
1104 2723 1208 2771 quod
1241 2722 1285 2760 R.
1318 2721 1483 2768 addidit,
1525 2735 1558 2759 v.
1593 2722 1640 2758 ad
1674 2721 1814 2770 Amph.

358 2794 450 2827 590.
533 2812 548 2815 —
600 2794 692 2829 290.
734 2793 790 2827 illi
830 2791 978 2828 Acidal.
1022 2811 1071 2815 —
1113 2802 1199 2828 cnm
1241 2790 1371 2836 allero,
1414 2791 1459 2826 cs.
1504 2791 1604 2837 3225
1645 2803 1715 2839 per
1746 2801 1813 2838 ap-
