1963 3243
33 161 39 167 ’
103 163 165 208 IV,
190 166 220 207 2,
249 165 382 199 15—28
666 163 770 197 Miles
796 163 993 204 gloriosus,
1506 166 1559 205 33

691 287 988 330 Palaestrio

1083 345 1237 387 Hercle
1255 345 1368 387 hanc
1385 345 1558 399 quidem

103 418 222 462 Nihil
252 422 299 460 tu
332 419 534 467 amassis;
567 417 669 459 mihi
701 417 806 460 haec
831 418 1100 472 desponsast.
1148 417 1242 459 Tibi
1270 419 1305 459 si
1330 418 1406 459 illa
1432 417 1560 459 hodie

1186 492 1396 544 nupserit,

105 547 195 601 Ego
226 546 337 588 hanc
371 548 577 589 continuo
609 561 787 589 uxorem
820 547 987 589 ducam.

606 671 1058 727 Pyrgopolinices

703 744 815 795 Quid
847 758 949 798 ergo
980 744 1093 786 hanc
1124 745 1298 787 dubitas
1330 745 1562 801 conloqui?

682 871 992 920 Palaestrio

31 990 34 994 ,
104 944 290 1000 Sequere
321 943 404 986 hac
433 958 500 985 me
533 958 646 998 ergo.

607 1057 813 1112 Pyrgop
828 1058 1059 1100 olinices

459 1129 726 1184 Pedisequos
756 1130 837 1172 tibi
868 1144 976 1172 sum.

648 1244 1020 1299 Milphidippa

756 1317 941 1367 Utinam,
960 1318 1116 1372 quoius
1133 1330 1266 1358 causa
1282 1331 1351 1370 eqo
1368 1317 1445 1359 huc
1478 1330 1565 1363 1005

105 1390 237 1432 Foras
269 1403 363 1432 sum
394 1402 581 1443 egressa,
614 1390 908 1432 conueniundi
939 1390 1043 1432 mihi
1076 1394 1273 1444 potestas
1305 1395 1479 1433 euenat.

683 1504 990 1546 Palaestrio

105 1576 200 1618 Erit
223 1581 268 1618 et
297 1576 379 1619 tibi
405 1582 659 1631 exoptatum
691 1577 908 1630 optinget;
941 1576 1102 1618 bonum
1133 1576 1246 1618 habe
1278 1577 1480 1627 animum,
1512 1591 1565 1618 ne

1196 1648 1393 1691 formida.

106 1720 242 1763 Homo
276 1722 499 1776 quidamst
531 1724 604 1776 qui
636 1723 718 1764 scit
749 1722 865 1775 quod
897 1723 1069 1775 quaeris
1100 1721 1175 1764 ubi
1209 1722 1278 1763 sit.

649 1837 1022 1891 Milphidippa

1006 1908 1140 1959 Quem
1172 1923 1251 1962 ego
1284 1909 1353 1950 hic
1384 1908 1564 1949 audiui?

683 2023 992 2065 Palaestrio

109 2093 280 2137 Socium
310 2100 488 2138 tuorum
521 2097 803 2138 conciliorum
836 2102 880 2137 et
909 2097 1169 2150 participem
1202 2096 1495 2138 consiliorum.

650 2210 1021 2264 Milphidippa

107 2280 213 2323 Tum
245 2282 317 2336 pol
348 2296 426 2336 ego
457 2283 501 2324 id
535 2284 651 2338 quod
684 2282 776 2323 celo
809 2282 923 2324 haud
956 2282 1060 2324 celo.

680 2396 992 2438 Palaestrie

734 2467 868 2509 Immo
902 2473 944 2509 et
975 2469 1090 2510 celas
1122 2473 1165 2509 et
1196 2482 1281 2509 non
1314 2468 1444 2509 celas.
1481 2480 1567 2512 1010

197 2619 269 2655 PA.
294 2630 360 2655 om.
442 2618 537 2653 hanc
561 2617 684 2652 hercle
710 2615 744 2650 Β
825 2616 911 2649 1003
937 2615 1198 2661 desponsatast
1226 2615 1255 2650 C
1332 2615 1400 2649 tibi
1425 2625 1491 2649 om.
1530 2614 1566 2649 Β

202 2679 289 2712 1004
309 2676 404 2720 Quid
424 2687 512 2720 ergo
534 2675 603 2710 hac
619 2673 653 2709 B
726 2675 811 2708 1005
831 2674 936 2719 pedis
959 2674 1062 2718 equis
1088 2673 1132 2717 B,
1159 2672 1262 2716 pedis
1288 2683 1423 2716 sequus
1449 2671 1478 2706 C

110 2743 179 2777 ego
203 2733 275 2769 huc
299 2744 366 2769 om-
461 2734 548 2768 1006
572 2732 663 2767 Fori
687 2730 724 2766 Β
817 2732 966 2765 eueniat
1061 2731 1148 2764 1007
1173 2734 1210 2764 et
1233 2740 1298 2764 om.
1324 2727 1360 2763 Β
1453 2729 1563 2763 habet

109 2789 146 2825 Β
239 2792 326 2826 1009
355 2790 607 2826 consiliarium
704 2789 790 2823 1010
813 2789 924 2823 etiam
952 2787 1016 2822 sed
1041 2800 1114 2822 non
1141 2786 1210 2827 AC,
1237 2786 1268 2820 ἀ
1292 2786 1401 2820 etiam
1428 2797 1454 2828 s,
1481 2793 1504 2820 fi
1529 2785 1565 2820 B

1293 2853 1337 2889 6⁴1·
