1963 3243
323 214 405 258 264
959 215 1172 250 Pseudolus.

324 358 434 382 nomo
467 344 555 382 dum
589 345 819 395 explicavit3
854 344 944 381 Pius
981 341 1168 391 ,‚ssuctus“
1205 344 1263 381 ed.
1291 364 1339 369 —
1376 346 1467 380 787.
1506 341 1635 392 Eheu,
1670 354 1802 394 quam.

323 413 428 450 Brix.
460 412 560 450 Ann.
602 412 697 462 phil.
731 411 833 449 CXV
870 427 907 462 p.
943 412 1019 449 333
1067 409 1233 461 „quom“
1276 412 1421 458 voluit,
1468 415 1512 449 ut
1550 413 1660 461 Capt.
1701 414 1803 459 9903

323 480 392 517 sed
422 493 499 518 non
531 479 705 530 paullum
737 480 917 516 interest.
954 499 1000 503 -
1033 475 1128 517 illae
1158 476 1220 516 rei
1243 489 1314 529 eqo
1340 479 1496 517 Gruter.
1544 480 1653 517 Hanc
1683 480 1804 517 dativi

323 549 485 585 formam
517 547 636 585 habet
666 547 761 585 Cato
784 547 829 584 R.
857 546 901 583 R.
931 547 1020 584 153.
1050 546 1139 584 154.
1201 547 1346 584 Charis.
1381 547 1417 584 ΙΙ
1448 561 1484 597 p.
1515 549 1605 585 132.
1633 567 1685 573 —
1711 549 1803 586 788.

322 612 429 655 male
458 612 612 654 malum
642 615 777 653 metuo
807 614 853 652 R.
885 635 939 639 —
972 615 1063 652 789.
1097 611 1170 663 qui
1198 624 1348 654 manus
1377 614 1546 664 (Jrczvz'or
1576 611 1674 661 siet,
1716 616 1739 652 i.
1773 629 1804 653 e.

324 697 515 722 nummos.
547 703 603 709 —
634 684 714 721 792
734 699 784 711 =
803 683 896 720 409.

439 888 531 925 794.
564 887 670 924 Leno
701 886 805 924 redit
837 899 922 924 cum
954 899 1088 936 coquo,
1122 899 1236 936 quem
1266 888 1306 924 in
1336 887 1421 924 foro
1452 888 1654 934 conduxit.
1694 901 1728 925 v.
1761 887 1810 925 ad

324 955 412 994 Aul.
446 956 539 993 272.
618 955 791 1004 Coquum
833 950 1069 992 comitantur
1109 955 1221 1005 pueri
1259 954 1458 992 adiutores
1499 956 1580 993 sive
1611 951 1810 1004 discipuli

327 1019 381 1071 (v.
415 1024 493 1061 869
527 1026 566 1060 et
598 1018 718 1071 889),
765 1034 929 1072 quorum
971 1023 1063 1072 quia
1092 1036 1190 1060 unus
1221 1037 1255 1060 v.
1291 1024 1369 1061 894
1402 1025 1651 1073 pronuntiat,
1691 1025 1809 1062 titulo

316 1101 425 1140 puer
456 1091 615 1128 additus
646 1094 716 1128 est.
764 1110 818 1115 —-
865 1085 1023 1128 Forum
1053 1088 1290 1141 coquinam,
1330 1095 1543 1141 μαγειρεῖον,
1582 1093 1691 1134 τόπος
1722 1093 1810 1129 ὅθεν

323 1160 543 1208 μισθοῦνται
572 1160 650 1201 τοὺς
679 1161 871 1209 μαγείρους
902 1158 1002 1197 Poll.
1023 1159 1102 1207 IX,
1134 1159 1200 1197 48.
1239 1178 1295 1184 —
1340 1160 1433 1198 795.
1477 1156 1681 1210 fibrinum,
1719 1162 1744 1198 i.
1777 1174 1809 1200 e.

325 1227 474 1275 furum,
520 1230 565 1264 ut
604 1227 811 1277 coquinum
851 1239 1076 1277 coquorum.
1152 1227 1331 1264 Alterum
1365 1225 1471 1274 ‚,est“
1505 1227 1652 1266 delevit
1680 1228 1726 1266 R.
1759 1249 1812 1255 —

329 1296 406 1333 796
438 1308 496 1345 sq.
527 1291 748 1334 Hominem
779 1305 958 1345 coquom,
992 1295 1037 1333 cf.
1066 1297 1158 1333 961.
1218 1295 1283 1343 „Si
1313 1296 1396 1333 iure
1427 1296 1592 1334 iurando
1625 1293 1806 1334 adactus“
1878 1338 1883 1343 ,

326 1364 456 1413 iuquit
490 1364 779 1414 „promisissem
815 1377 876 1401 mc
917 1365 1088 1413 peiorem
1121 1376 1286 1413 coquum
1318 1365 1592 1413 quaesiturum,
1637 1366 1810 1402 invenire

326 1445 405 1470 non
436 1429 691 1482 potuissem“,
723 1432 784 1470 vel
821 1433 876 1478 „si
908 1445 1142 1482 quaererem,
1182 1432 1356 1482 peiorem
1389 1445 1503 1482 quam
1538 1433 1656 1478 huuc,
1699 1445 1811 1482 quem

327 1500 438 1547 duco,
471 1499 612 1538 ducere
642 1514 720 1538 non
750 1498 904 1550 potui“.
966 1499 1041 1537 Sed
1073 1500 1317 1537 desideratur
1343 1500 1539 1538 obiectum
1563 1501 1601 1537 in
1628 1501 1808 1551 apodosi3

327 1570 458 1618 itaque
489 1583 525 1606 v.
557 1570 636 1606 798
670 1565 815 1618 Mayis
846 1567 1000 1614 addidi,
1043 1581 1086 1605 ac
1117 1582 1163 1605 ne
1195 1581 1328 1604 vorsus
1365 1568 1468 1605 iusto
1505 1568 1659 1618 longior
1688 1568 1810 1616 fieret,

333 1635 570 1680 ‚,insulsum“
598 1637 710 1674 omisi
732 1636 793 1674 vel
821 1634 1078 1684 „sinsulsum“
1108 1640 1150 1672 ut
1175 1635 1285 1673 codd.
1305 1635 1460 1674 habent.
1508 1635 1619 1683 Quod
1639 1635 1818 1685 „magis“·
1891 1648 1897 1654 ‘

329 1706 531 1743 sententiae
579 1720 599 1742 a
648 1701 815 1754 „quam“
863 1704 1066 1754 incipienti
1110 1705 1380 1754 postponitur,
1427 1719 1461 1742 v.
1505 1704 1553 1743 ad
1590 1704 1678 1742 Aul.
1720 1705 1812 1742 475.

328 1772 373 1810 R.
407 1773 503 1811 duos
534 1774 685 1823 priores
717 1785 851 1810 versus
883 1773 937 1810 sic
967 1772 1152 1810 mutavit:
1190 1771 1310 1820 „Nam
1344 1783 1415 1820 ego
1447 1773 1480 1809 si
1509 1773 1660 1810 iuratus
1684 1785 1812 1822 pessu-

329 1855 431 1879 mum
458 1841 652 1878 hominem
684 1854 924 1891 quaererem,
956 1840 1133 1878 Peiorem
1160 1840 1235 1877 hau
1259 1841 1384 1890 potui,
1417 1853 1531 1890 quam
1556 1840 1668 1886 hunc,
1701 1853 1811 1890 quem

329 1910 449 1956 duco,
483 1907 672 1955 ducere“;
718 1910 877 1946 tertium
917 1909 1077 1958 reliquit
1113 1912 1193 1946 tam
1232 1908 1328 1945 male
1361 1907 1643 1956 adhaerentem,
1680 1911 1742 1955 ut,
1780 1908 1812 1945 si

329 1978 397 2015 illa
423 1991 514 2016 vera
541 1981 682 2025 essent,
702 1977 906 2015 delendum
936 1959 1146 2014 censerem.
1169 1996 1214 2000 ——
1237 1977 1327 2014 799.
1361 1974 1416 2014 αιῖ
1439 1985 1482 2015 Se
1505 1973 1613 2015 hunc
1627 1975 1812 2024 Guietus3

329 2046 454 2096 possis
485 2047 600 2083 ctiam
636 2043 786 2092 ,‚hunc⁴‘
822 2045 963 2082 delere.
999 2064 1047 2070 -—-
1084 2046 1176 2083 800.
1218 2044 1344 2092 esset,
1376 2042 1471 2094 qui.
1491 2076 1497 2082 .
1519 2075 1525 2081 .
1547 2075 1554 2082 .
1573 2043 1734 2093 coquat,
1766 2043 1810 2081 cf.

331 2115 379 2152 ad
396 2113 536 2163 Amph.
559 2115 648 2151 192.
677 2133 729 2138 —
755 2110 944 2151 Mortuis
976 2123 1073 2151 cena
1102 2113 1235 2150 feralis
1267 2113 1383 2150 certis
1408 2111 1543 2150 diebus
1567 2111 1811 2149 offerebatur.

330 2183 422 2229 Quae
455 2182 698 2232 sepulturam
730 2183 912 2220 continuo
944 2181 1229 2231 „sequebantur
1255 2180 1390 2230 epulae,
1425 2193 1520 2230 quas
1544 2180 1697 2217 inibant
1721 2193 1809 2230 pro-

330 2252 469 2300 pinqui
502 2247 699 2288 coronati“
743 2246 840 2299 (Cic.
868 2249 963 2297 Leg.
996 2248 1045 2295 II,
1081 2250 1143 2296 25,
1179 2245 1261 2298 63),
1294 2249 1411 2295 vivis,
1452 2262 1529 2287 non
1559 2248 1725 2286 mortuis
1755 2249 1812 2285 in-

329 2318 593 2356 struebantur.
669 2317 745 2356 Sed
782 2318 931 2356 inferiae
970 2318 1134 2355 mortuis
1171 2316 1317 2354 fiebant
1355 2317 1474 2354 tertio
1505 2317 1567 2354 die
1597 2329 1727 2363 mane,
1771 2316 1813 2351 τὰ

329 2389 428 2436 τρίτα
455 2386 655 2436 Aristoph.
675 2386 764 2435 Lys.
785 2387 878 2433 613,
911 2386 1014 2436 quod
1030 2385 1148 2423 schol.
1177 2388 1333 2422 enarrat
1358 2387 1396 2421 τὸ
1423 2387 1486 2421 τῶν
1508 2386 1638 2434 νεκρῶν
1661 2384 1813 2434 ἄριστον,

331 2455 376 2493 cf.
402 2454 501 2492 Poll.
520 2454 630 2502 VIII,
669 2455 743 2491 146
778 2468 807 2491 c.
842 2458 921 2491 not.
949 2452 1166 2491 Hemsterh.
1235 2452 1384 2490 Deinde
1417 2465 1518 2491 nono
1545 2452 1607 2489 die
1633 2453 1674 2488 τὰ
1697 2452 1811 2496 ἔνατα,

330 2522 412 2560 Isae.
448 2524 490 2568 8,
533 2523 604 2570 39,
652 2534 736 2571 quae
769 2535 789 2558 a
820 2521 1007 2559 Romanis
1046 2520 1293 2559 novendialia
1333 2533 1443 2558 sacra
1479 2520 1710 2559 dicebantur
1747 2523 1812 2557 aut
1884 2536 1886 2539 ’

331 2590 575 2629 novendialis
606 2604 710 2637 cena,
744 2604 778 2627 v.
811 2589 900 2627 Tac.
926 2590 1024 2627 Anu.
1053 2589 1116 2636 VI,
1152 2591 1187 2626 5.
1249 2588 1464 2626 Constabat
1495 2601 1540 2626 ea
1570 2592 1712 2638 praeter
1743 2600 1813 2626 ova

331 2656 478 2706 (iuven.
514 2662 548 2706 5,
583 2656 652 2705 84)
684 2659 775 2705 sale,
810 2659 1016 2705 lenticulis,
1049 2658 1215 2707 lupinis,
1253 2657 1351 2694 sabis
1382 2657 1545 2706 aliisque
1576 2656 1811 2705 leguminum

331 2726 539 2774 generibus
572 2724 625 2773 (v.
644 2726 748 2763 Plut.
767 2726 894 2764 Crass.
919 2727 981 2773 19,
1010 2729 1044 2764 5.
1086 2725 1227 2772 Quaest.
1246 2725 1358 2763 Rom.
1378 2727 1442 2762 95.
1485 2723 1668 2774 Cnlpurn.
1689 2725 1723 2772 3,
1748 2725 1810 2761 82.

332 2793 430 2832 Plin.
465 2794 510 2831 11.
544 2794 590 2831 N.
622 2794 763 2841 XVIII,
801 2791 910 2843 118),
953 2795 1188 2843 antiquitus,
1231 2798 1271 2829 ut
1304 2794 1478 2840 videtur,
1511 2792 1680 2841 siliquiS,
1713 2791 1811 2829 unde
1838 2819 1843 2822 .
