1963 3243
154 1018 254 1096 Quo
286 1061 462 1107 tempore
501 1059 609 1107 prior
648 1057 762 1094 huius
795 1058 1002 1095 voluminis
1037 1071 1127 1107 pars
1161 1057 1268 1094 edita
1301 1064 1378 1103 est,
1423 1060 1504 1108 ipse
1536 1071 1646 1108 pere-

148 1128 380 1176 grinationis
427 1139 543 1163 causa
582 1125 687 1162 abfui
726 1129 765 1163 et
802 1127 1041 1175 posteriores
1081 1128 1163 1163 eius
1212 1126 1386 1176 plagulae
1431 1128 1643 1163 amicorum

150 1208 242 1232 cura
273 1198 456 1232 correctae
496 1194 606 1244 prelo
647 1194 850 1231 submissae
889 1199 991 1232 sunt.
1066 1195 1240 1241 Quorum
1280 1195 1486 1243 diligentia
1527 1208 1645 1244 quum

151 1265 291 1300 merito
331 1262 530 1300 laudanda
568 1263 638 1310 sit,
684 1267 814 1300 tamen
854 1263 885 1300 si
923 1263 1018 1312 quid
1059 1263 1142 1312 ipse
1184 1264 1336 1300 incuria
1377 1276 1642 1313 peccaveram,

150 1333 187 1369 id
214 1332 420 1370 emendare
444 1345 521 1369 non
546 1335 638 1368 sunt
663 1332 758 1368 ausi.
806 1332 941 1381 ltaque
966 1336 1111 1381 praeter
1136 1344 1192 1378 ea,
1212 1344 1297 1380 quae
1325 1332 1399 1368 iam
1427 1331 1475 1368 ad
1500 1331 1642 1368 calcem

150 1402 293 1451 prioris
324 1401 448 1450 partis
481 1403 658 1437 correcta
689 1403 798 1446 sunt,
846 1413 922 1437 non
962 1399 1071 1437 nulla
1112 1399 1206 1436 mihi
1247 1403 1383 1449 postca
1424 1399 1483 1435 vel
1517 1412 1645 1436 emen·

151 1468 279 1506 danda
310 1469 372 1506 vel
405 1467 587 1504 addenda
619 1469 701 1505 visa
740 1471 841 1505 sunt.
918 1468 1091 1514 Quorum
1129 1481 1206 1505 non
1247 1469 1388 1516 exigua
1427 1480 1520 1517 pars
1558 1468 1644 1504 aliis

149 1537 334 1582 debetur,
382 1536 545 1574 maxime
595 1536 733 1573 Ioanni
774 1536 1104 1574 Forchhammero
1151 1548 1254 1582 me0‚
1306 1536 1448 1572 rectori
1500 1535 1645 1573 scholae

149 1606 411 1653 Istrlovianae,
444 1605 510 1655 qui
541 1605 652 1643 lectis
685 1605 744 1642 his
778 1604 930 1642 duabus
962 1604 1102 1642 fabulis
1135 1603 1431 1641 emendationes
1464 1608 1502 1640 et
1534 1604 1645 1641 dubi-

150 1675 318 1711 tationes
355 1687 445 1712 suas
479 1687 625 1711 mecum
657 1673 969 1711 communicavit.
1039 1674 1131 1719 Quae
1172 1677 1301 1709 autem
1341 1685 1465 1721 nuper
1496 1672 1646 1721 prodiit

150 1739 382 1780 Mercatoris
422 1743 545 1779 altera
586 1742 706 1779 editio
738 1741 1008 1779 Ritscheliana
1045 1755 1068 1778 n
1099 1740 1268 1790 Geor-gio
1301 1739 1465 1777 Goetzio
1510 1753 1644 1788 recog-

149 1812 253 1858 nita,
302 1811 484 1860 quoniam
524 1811 714 1848 editorem
757 1811 1017 1851 ..verecundia
1054 1811 1181 1848 vetuit
1213 1811 1252 1845 in
1284 1809 1471 1846 reiciendi
1505 1811 1645 1846 summi

147 1880 221 1916 viri
247 1879 472 1916 commentis
496 1877 661 1916 audacia
684 1876 782 1925 ut.i“‚
808 1880 864 1915 ita
890 1883 934 1916 ut
957 1891 1005 1916 ne
1032 1879 1071 1914 in
1101 1878 1237 1914 ordine
1271 1876 1427 1927 quidem
1460 1891 1643 1915 versuum

150 1961 171 1984 a
201 1948 379 1995 vestigiis
407 1947 491 1984 eius
516 1947 716 1993 digressus
740 1948 804 1994 sit,
835 1947 962 1985 minus
986 1946 1078 1984 mihi
1104 1948 1208 1993 novi,
1241 1958 1355 1996 quam
1382 1958 1641 1995 speraveram,

150 2015 329 2064 praebuit.
393 2015 482 2053 Haec
514 2016 636 2065 igitur
667 2015 782 2052 velim

489 2135 858 2187 EMENDANDA
897 2134 973 2186 ΕΤ
1011 2134 1298 2187 ADDENDA

693 2233 732 2268 in
765 2231 892 2268 Milite
924 2230 1096 2280 glorioso

151 2333 245 2382 Pag.
308 2335 329 2371 6
363 2347 397 2370 v.
433 2335 482 2371 20
516 2333 730 2371 scribatur:
767 2330 905 2371 (licam
937 2353 989 2357 —
1023 2336 1069 2371 tu
1102 2344 1213 2384 quae

166 2422 213 2426 —
277 2403 322 2439 21
365 2421 377 2427 -
426 2403 505 2440 268
597 2421 645 2427 —
719 2417 726 2438 :
761 2399 803 2438 ,ἡ
837 2399 1010 2439 inuenio
1044 2399 1141 2452 quoi
1175 2397 1294 2447 dixit,

164 2489 210 2495 —
275 2489 329 2494 —
360 2483 442 2507 var.
476 2471 609 2520 script..
642 2483 677 2507 v.
713 2473 755 2508 5:
790 2471 868 2507 268
903 2472 969 2519 qui
1088 2468 1189 2506 uidit
1219 2464 1313 2507 BC.

162 2558 213 2562 —
276 2538 325 2575 91
359 2553 395 2575 v.
433 2540 537 2576 1067
569 2537 783 2576 scribatur:
821 2534 1046 2576 Paloestrio

681 2601 792 2651 Quid
825 2605 922 2643 est?

755 2669 1038 2722 Milpln'deppa

930 2737 985 2779 Ut
1015 2737 1129 2788 ludo,
1162 2751 1326 2792 nequeo
1359 2737 1502 2780 hercle
1534 2744 1633 2782 cett.

162 2829 215 2836 —
275 2830 327 2836 —
359 2824 441 2848 var.
474 2813 628 2862 ascripta
666 2811 769 2849 1067
803 2810 904 2858 Quid
935 2816 994 2849 est
1023 2814 1068 2848 ut
1098 2809 1202 2848 ludo.
1235 2809 1313 2848 PA.
