1963 3243
261 222 341 261 230
894 216 1110 252 Pseudolus.

260 348 503 394 octonarius,
551 347 630 383 227
670 350 720 383 tr.
760 347 1020 394 septenarius,
1077 347 1138 382 cui
1174 344 1402 394 adiungitur
1440 346 1518 383 228
1559 345 1745 383 iambicus

261 415 501 461 octonarius,
542 414 734 451 229—30
773 419 822 450 tr.
855 415 1077 450 octonarius
1124 426 1210 450 cum
1249 414 1480 461 septenario.
1554 413 1745 451 Miillerus

259 482 316 520 Pl.
350 482 538 519 Prosodie
569 495 605 531 p.
643 482 718 519 100
751 494 885 518 versus
920 465 1108 518 164-—63
1148 493 1220 529 pro
1253 481 1500 530 anapaesticis
1533 480 1653 518 habet
1682 494 1746 518 ex-

260 551 383 599 ceptis
418 549 628 596 168-71,
677 562 772 598 quos
810 548 995 584 iambicos
1035 561 1118 584 esse
1150 553 1332 598 apparet,
1379 561 1449 585 nec
1480 549 1596 585 aliter
1626 547 1745 597 Spen-

262 619 400 665 gelius,
433 616 763 654 Reformvorschl.
796 630 834 666 p.
869 617 948 654 396
980 630 1037 666 sq.

377 687 466 723 133.
506 681 613 722 exite
653 686 768 720 etiam
810 684 933 721 altero
972 684 1059 721 loco
1092 682 1138 720 A.
1207 683 1263 721 Cf.
1297 683 1386 721 Ter.
1418 683 1518 720 Eun.
1553 684 1632 721 668
1665 696 1745 732 sq.:

263 752 361 800 „Exi
392 752 510 797 foras,
550 753 711 789 sceleste
745 782 752 788 .
779 782 786 789 .
814 782 821 788 .
851 782 858 790 .
892 752 988 788 male
1026 750 1270 788 conciliate“.
1331 751 1471 788 Servos
1502 753 1663 800 ignavos
1695 753 1750 788 ait.

259 834 300 858 se
347 821 464 866 male,
521 821 545 856 i.
588 833 619 856 e.
668 833 752 856 cum
801 820 959 867 damno,
1013 823 1052 855 et
1094 815 1405 865 conc-iliaw'sse,
1458 821 1482 855 i.
1523 832 1553 855 e.
1598 821 1748 865 emisse,

260 903 295 925 v.
339 888 387 924 ad
437 887 546 936 Capt.
592 888 691 933 131,
739 892 777 924 et
820 884 984 933 habere,
1032 887 1077 924 cf.
1120 887 1237 924 Stich.
1278 888 1350 924 63:
1402 886 1567 931 „Sei-uos
1611 886 1747 923 habitu

259 956 364 993 haud
401 953 586 1005 probus“.
631 975 676 980 —
722 956 813 992 134.
852 952 1030 1004 faciant,
1077 955 1123 991 cf.
1165 954 1268 991 Pers.
1315 955 1363 992 56
1404 968 1460 1004 sq.
1505 954 1747 1004 „Numquam

260 1025 466 1073 quisquam
517 1036 691 1060 meorum
736 1026 927 1060 maiorum
972 1023 1065 1068 fuit,
1123 1021 1226 1068 Quin
1270 1022 1521 1070 parasitando
1569 1024 1751 1070 pauerint

259 1095 417 1128 uentres
458 1089 588 1128 suos“.
635 1111 690 1115 —
739 1092 828 1128 135.
876 1090 931 1128 ad
974 1087 1046 1128 Ῑιοο
1087 1087 1334 1138 eoeemplum3
1382 1091 1586 1135 scuticam,
1634 1103 1750 1138 quam

260 1173 378 1196 manu
407 1162 522 1208 gerit,
556 1155 608 1201 (V.
645 1157 753 1205 153),
787 1162 979 1205 ostentat3
1025 1160 1100 1194 nisi
1138 1158 1367 1195 verberibus
1405 1159 1535 1194 omnia
1573 1163 1749 1207 agentur,

259 1241 459 1265 servorum
499 1228 554 1264 ait
594 1228 740 1264 nullum
779 1240 891 1264 usum
931 1240 1026 1263 esse.
1098 1221 1255 1274 Quibus
1293 1227 1453 1274 ponitur
1492 1227 1605 1275 quasi
1643 1238 1749 1262 secu-

259 1299 391 1333 turum
416 1299 518 1332 esset
547 1296 629 1342 „uti
655 1308 730 1332 non
748 1292 952 1343 possum“;
986 1294 1238 1336 ἀνακολούθως
1261 1295 1300 1330 in
1323 1296 1521 1343 passivum
1546 1294 1748 1340 transitur,

259 1372 388 1401 usura
417 1360 626 1412 usurpari,
661 1364 771 1411 quasi
806 1361 1026 1408 „Quoruu1“
1061 1365 1233 1411 positum
1265 1368 1379 1400 esset.
1415 1382 1462 1386 —
1500 1362 1590 1399 136.
1627 1359 1744 1410 „ego“

260 1445 336 1469 oin.
370 1431 434 1476 R.;
476 1431 596 1476 Lew„
630 1432 723 1479 quia
755 1432 872 1467 etiam
902 1432 941 1468 in
972 1431 1005 1467 A
1036 1431 1198 1479 legitur,
1231 1432 1438 1480 proponit:
1490 1429 1648 1478 „Neque
1680 1441 1750 1478 ego

259 1512 461 1548 nunquam
502 1499 677 1536 homines
717 1500 837 1546 magis
877 1496 1044 1536 asinos“.
1107 1498 1163 1535 De
1205 1497 1350 1547 duplici
1382 1498 1592 1545 negatione
1624 1497 1670 1534 cf.
1703 1495 1751 1534 ad

258 1566 341 1603 Mil.
379 1567 506 1612 1403,
549 1566 614 1603 sed
648 1579 764 1615 quam
797 1566 874 1603 late
905 1570 1042 1615 pateat
1072 1566 1133 1604 hic
1170 1579 1283 1611 usus,
1322 1567 1470 1612 ignoro.
1503 1584 1557 1589 --
1587 1561 1746 1602 Asinos

259 1648 324 1672 eos
358 1635 465 1680 dicit,
509 1635 602 1683 quia
641 1641 678 1670 et
708 1636 838 1683 ignavi
870 1640 960 1670 sunt
999 1637 1037 1671 et
1074 1636 1239 1683 ignaviae
1271 1647 1385 1670 causa
1416 1633 1581 1670 assiduis
1614 1632 1746 1669 verbe·
1813 1653 1820 1656 -

258 1703 366 1739 ribus
400 1702 501 1739 affici
531 1702 677 1747 solent,
719 1703 764 1739 cf.
798 1701 906 1739 Asin.
939 1703 1043 1739 416:
1100 1702 1249 1749 „latera
1281 1706 1367 1744 tua,
1401 1714 1500 1749 quae
1532 1692 1755 1737 occalluere

259 1768 426 1821 plagis“.
451 1790 507 1794 ——
543 1771 631 1807 137.
669 1779 829 1815 noceas,
862 1775 1026 1819 propter
1053 1771 1234 1806 duritiem
1263 1769 1362 1806 calli.
1389 1788 1444 1792 —
1467 1767 1575 1805 em'm
1599 1780 1674 1804 non
1700 1766 1746 1804 ad

257 1840 434 1888 proxime
466 1838 736 1875 antecedentia
767 1838 945 1885 refertur,
976 1851 1063 1887 quae
1095 1839 1205 1887 quasi
1237 1850 1307 1886 per
1338 1837 1591 1886 parenthesin
1624 1837 1745 1872 inter·

258 1910 472 1956 ponuntur,
505 1906 571 1943 sed
604 1906 652 1942 ad
678 1921 713 1944 v.
743 1907 833 1952 135,
865 1920 912 1942 ne
945 1905 1143 1955 Langenio
1176 1905 1309 1942 credas
1333 1917 1370 1953 p.
1399 1905 1478 1941 268
1506 1905 1604 1940 hanc
1626 1904 1747 1953 parti·

258 1975 383 2011 culam
438 1974 540 2023 apud
588 1973 769 2011 Plautum
826 1971 1053 2024 ,‚pr0fecto“
1108 1972 1325 2021 significare
1379 1972 1647 2009 affirmantem.
1693 1989 1746 1995 —

258 2037 524 2091 flayritrz'bae,
566 2055 600 2078 v.
635 2042 682 2078 ad
715 2042 831 2079 Most.
867 2042 959 2079 348.
1000 2061 1055 2066 —
1096 2042 1299 2079 138—40.
1342 2039 1395 2086 A,
1428 2053 1463 2077 v.
1499 2040 1601 2077 st.
1635 2039 1745 2076 Anal.

259 2123 297 2160 p.
321 2111 411 2156 160,
444 2113 633 2159 quattuor
664 2123 798 2147 versus
829 2109 1021 2153 discribit,
1053 2122 1219 2158 quorum
1251 2108 1440 2146 secundus
1472 2122 1494 2143 a
1518 2121 1599 2144 voc.
1623 2106 1746 2151 „Har-

259 2175 382 2228 paga“
418 2179 569 2228 incipit,
609 2179 750 2214 tertius
790 2177 837 2214 ab
874 2175 1073 2223 „eorum“‚
1114 2181 1278 2226 quartus
1317 2191 1338 2213 a
1372 2172 1553 2223 „Domi“.
1594 2175 1624 2212 B
1656 2181 1746 2219 tres,

261 2259 424 2295 quorum
465 2246 563 2283 alter
602 2259 623 2282 a
665 2243 812 2292 ..Fugi“
849 2246 1004 2294 incipit,
1052 2246 1193 2282 tertius
1233 2259 1251 2280 π’.
1296 2242 1495 2292 ,‚Lupus“.
1536 2262 1587 2267 —
1629 2238 1745 2290 depe.

262 2313 362 2351 Non.
395 2327 432 2364 p.
467 2315 537 2351 20:
588 2313 776 2360 „Plautus
810 2313 1025 2350 Pseudolo:
1071 2326 1165 2362 rape
1197 2313 1303 2361 clepe
1335 2310 1521 2361 arpaga“.
1563 2330 1612 2335 —
1657 2310 1747 2347 139.

261 2378 474 2430 Havpa9a‚
507 2395 541 2418 V.
568 2381 616 2418 ad
642 2382 730 2418 Aul.
754 2382 842 2419 194.
905 2381 965 2417 Ad
996 2385 1123 2417 totum
1154 2381 1280 2417 locum
1313 2381 1358 2416 cf.
1386 2380 1492 2416 Trin.
1520 2380 1618 2416 289:
1656 2377 1746 2423 „Ce-

259 2454 346 2486 tera
377 2463 490 2499 rape,
528 2449 658 2494 trahe,
699 2450 811 2497 fuge.
852 2450 970 2486 late''.
1002 2468 1058 2473 --
1087 2445 1160 2486 hoc
1191 2458 1331 2485 eorum
1361 2444 1589 2497 Officium-st
1617 2447 1662 2483 A.
1694 2464 1748 2470 —-

267 2519 354 2554 140.
390 2513 576 2554 Ilffauelis
608 2513 728 2565 lupos
753 2518 806 2562 A3
841 2518 931 2553 item
965 2517 1023 2553 ed.
1049 2529 1121 2565 pr.,
1156 2516 1222 2552 sed
1255 2517 1477 2565 anteposito
1506 2512 1613 2558 ,‚ut“.
1668 2513 1749 2550 Hoc

262 2587 293 2620 si
331 2586 410 2629 „ita
437 2582 503 2621 ut“
541 2585 747 2633 intelligas,
783 2598 802 2620 a
835 2598 947 2620 sensu
980 2598 1054 2621 non
1083 2583 1277 2628 abhorret,
1310 2584 1376 2620 sed
1403 2583 1573 2620 waium
1607 2595 1690 2618 cuni
1716 2582 1748 2617 A

261 2657 367 2688 recte
399 2654 573 2690 omisisse
605 2652 732 2690 credo.
795 2652 855 2689 Sic
887 2652 1045 2689 trochaei
1071 2651 1306 2697 efficiuntur,
1338 2652 1402 2688 sed
1429 2652 1620 2700 pessimus
1644 2655 1747 2685 octo-

260 2721 405 2757 narius.
445 2741 498 2745 —
535 2721 623 2757 141.
658 2717 869 2768 adspicias
901 2720 1019 2763 Cam„
1052 2720 1096 2756 cf.
1132 2720 1219 2756 Ter.
1255 2718 1375 2755 Andr.
1410 2719 1501 2755 856.
