1963 3243
100 149 164 194 IV,
191 150 219 191 1,
244 148 370 187 38—2‚
393 149 415 182 4
673 146 780 181 Miles
806 146 1000 188 gloriosus.
1505 150 1553 187 81

672 272 986 314 Palaestrio

342 345 402 389 St.
436 350 551 395 tace3
585 345 779 397 aperitur
810 344 937 396 foris3
970 344 1156 385 concede
1189 344 1270 385 huc
1302 343 1558 384 clanculum.

102 419 220 462 Haec
249 418 370 460 celox
402 417 550 466 illiust,
584 429 694 469 quae
728 416 825 457 hinc
857 415 1089 468 egreditur,
1123 416 1402 466 internuntia,

599 529 1062 585 [Pyryopolim'ces

104 605 222 656 Quae
254 604 361 647 haec
393 603 542 646 celox?

675 680 982 724 Palaestrio

410 755 624 797 Ancillula
656 755 770 796 illius
804 760 870 796 est
901 767 1003 808 quae
1034 755 1132 796 hinc
1164 754 1384 806 egreditur
1416 753 1561 808 foras]

103 827 222 879 Quae
254 827 432 870 anulum
462 828 605 870 istunc
637 827 788 869 attulit
819 842 944 881 quem
978 827 1057 868 tibi
1091 827 1204 868 dedi.

608 927 1057 996 Pyrgopolinices

1047 1013 1214 1067 Edepol
1247 1014 1355 1056 haec
1387 1013 1563 1068 quidem

105 1071 328 1114 Bellulast.

676 1151 991 1193 Palaestrio

280 1223 520 1265 Pithecium
561 1223 668 1265 haec
701 1229 766 1265 est
799 1237 901 1277 prae
933 1223 1009 1265 illa
1041 1228 1084 1266 et
1115 1224 1465 1278 spinturnicium.
1499 1235 1566 1268 985

105 1295 242 1339 Uiden
280 1301 328 1338 tu
367 1296 485 1338 illam
527 1297 665 1338 oculis
706 1302 962 1338 uenaturam
996 1297 1138 1337 facere
1171 1301 1301 1349 atque
1335 1298 1565 1350 aucupium

1193 1368 1402 1411 auribus?

143 1597 516 1641 MILPHIDIPPA
548 1596 804 1640 ANCILLA.
866 1596 1034 1640 MILES
1068 1597 1224 1639 IDEM.
1288 1597 1519 1640 SERUOS.

651 1711 1023 1767 Milphidippa

108 1785 188 1828 Est
218 1791 316 1828 ante
348 1786 468 1828 aedis
501 1788 637 1828 circus
670 1786 744 1827 ubi
777 1791 879 1828 sunt
910 1786 999 1827 ludi
1032 1785 1223 1828 faciundi
1258 1785 1373 1827 mihi.

109 1857 413 1909 Dissimulabo‚
445 1858 524 1900 hos
557 1860 682 1913 quasi
716 1873 798 1899 uon
831 1858 1002 1900 uideam
1035 1873 1174 1912 neque
1207 1873 1300 1900 esse
1334 1858 1403 1899 hic
1434 1859 1567 1898 etiam

1199 1931 1300 1972 dum
1333 1931 1479 1971 sciam.

613 2011 1061 2065 Pyrgopolinices

110 2082 242 2134 Tace3
276 2082 670 2134 subauscultemus,
703 2085 826 2138 ecqui
859 2084 910 2125 de
944 2099 1008 2125 me
1041 2084 1119 2126 fiat
1151 2085 1325 2125 mentio.

653 2198 1014 2252 Milphidippa

111 2269 222 2311 Num
254 2271 351 2324 quis
382 2285 479 2312 nam
514 2270 584 2312 hic
615 2285 748 2324 prope
781 2271 922 2319 adest,
969 2272 1038 2323 qui
1078 2285 1168 2312 rem
1206 2271 1390 2313 alienam
1425 2270 1568 2322 potius

1011 2350 1132 2385 curet
1164 2357 1293 2396 quam
1325 2356 1469 2392 suam3
1502 2352 1570 2386 990

201 2490 266 2524 981
304 2494 360 2524 ast
463 2493 563 2526 tacet
599 2489 634 2524 Β
739 2491 952 2535 aperiuntur
1056 2490 1146 2525 foris
1180 2489 1209 2525 C
1241 2539 1245 2543 ι
1309 2489 1406 2523 hunc
1441 2487 1477 2522 Β

114 2545 307 2582 danculum
333 2547 361 2582 C
445 2548 510 2582 982
535 2548 632 2582 illius
656 2547 692 2582 Β
779 2548 839 2583 hic
921 2549 1134 2592 egredietur
1162 2546 1197 2581 B
1279 2547 1437 2580 982—83
1464 2557 1568 2590 egre-

114 2603 213 2639 ditur
232 2630 239 2637 .
264 2633 270 2640 .
294 2633 299 2639 .
321 2605 407 2640 hinc
433 2616 498 2641 om.
526 2604 554 2640 C
633 2607 698 2640 983
725 2604 792 2639 PY.
819 2609 852 2640 et
877 2605 948 2640 PA.
981 2610 1014 2640 et
1038 2616 1131 2650 quae
1156 2614 1222 2638 om.
1244 2602 1279 2637 Β
1362 2604 1420 2637 hic
1441 2603 1477 2638 Β

35 2687 40 2691 >
114 2661 202 2697 foris
234 2662 270 2697 B
362 2664 430 2698 984
461 2663 564 2698 dedit
658 2664 724 2697 985
761 2663 907 2697 Belluas
939 2662 976 2697 Β
1075 2661 1280 2706 phitecium
1372 2662 1439 2695 986
1471 2661 1569 2695 oculi

115 2729 202 2754 uuae
214 2724 384 2755 naturam
397 2719 443 2763 B,
468 2721 586 2755 oculis
601 2723 642 2754 ut
654 2724 822 2754 naturam
852 2719 883 2755 0
949 2721 1015 2754 987
1029 2719 1118 2753 Tam
1133 2721 1189 2752 est
1259 2716 1475 2752 ludificandi

115 2777 181 2811 989
205 2777 284 2813 hoec
309 2778 397 2823 quid
422 2777 458 2813 B
550 2779 617 2812 990
643 2781 817 2822 properat
843 2783 862 2812 ἓ
887 2775 923 2811 Β

1298 2844 1319 2878 6
