1963 3243
295 219 375 258 212
974 211 1097 246 Plauti
1557 220 1662 254 supp,
1693 210 1780 243 1-9

296 416 750 462 AGORASTOCLES.
818 415 1008 458 LYCUS.
1085 414 1295 456 HANNO.
1365 413 1779 456 ADELPHASIUM.

568 494 991 539 ANTERASTILIS.
1053 492 1509 536 ANTAMOENIDES.

534 667 537 669 ,
847 617 1234 672 Agorastocles

299 693 436 744 Quam
468 707 558 734 rem
591 693 695 745 agis,
726 691 877 733 miles?
910 690 985 743 qui
1015 689 1135 730 lubet
1165 694 1322 742 patruo
1354 703 1448 731 meo

300 766 441 818 Loqui
470 763 779 805 inclementer?
823 762 886 803 Ne
918 762 1081 811 mirere,
1116 761 1317 802 mulieres
1698 771 1785 805 1370

299 836 424 886 Quod
456 850 553 878 eum
584 839 847 889 sequuntur,
879 833 1006 874 modo
1040 834 1246 886 cognouit
1274 832 1384 875 filias

300 908 410 950 Suas
441 922 532 950 esse
562 908 694 949 hasce
725 906 885 948 ambas.

1884 626 1918 739 >iffa-
1887 542 1922 615 ’θ’ςὶ·
1893 524 1906 530 ²
1886 427 1925 514 ἢέν·
1893 410 1902 414 ·
1889 347 1920 394 >a
1883 136 1927 340 ,rw-42⁹2&

953 1007 1124 1061 Lycus
1884 991 1907 1065 ξ

938 1078 1030 1127 Em,
1062 1076 1176 1132 quod
1206 1077 1387 1118 uerbum
1419 1077 1538 1118 auris
1570 1089 1688 1117 meas
1894 1068 1911 1078 '⁶

302 1153 491 1207 Tetigit?
535 1152 658 1194 Nunc
688 1151 818 1207 perii!
865 1150 988 1192 Unde
1019 1149 1101 1190 hae
1133 1149 1355 1202 perierunt
1387 1148 1541 1190 domo‘?

852 1250 1236 1306 Agorastocles

304 1327 679 1381 Carthaginienses
712 1330 822 1367 sunt.

958 1419 1126 1473 Lycus

871 1492 927 1532 At
959 1503 1037 1539 ego
1070 1504 1163 1531 sum
1195 1488 1400 1542 perditus.

301 1568 410 1609 Illuc
442 1580 518 1619 ego
550 1565 683 1607 metui
715 1577 896 1618 semper,
929 1577 980 1604 ne
1013 1564 1290 1614 cognosceret
1703 1568 1789 1602 1375

303 1639 390 1680 Eas
421 1638 590 1692 aliquis,
624 1636 740 1690 quod
772 1649 885 1676 nunc
916 1634 1078 1675 factum
1110 1637 1185 1674 est.
1251 1631 1342 1674 Uae
1375 1631 1533 1672 misero
1565 1628 1690 1671 mihi!

303 1711 487 1760 Periere,
520 1709 683 1763 opinor,
716 1707 1018 1760 duodeuiginti
1051 1706 1205 1753 minae,

308 1781 389 1832 Qui
420 1782 552 1823 hasce
584 1781 678 1822 emi.

847 1872 1019 1925 Agora
1037 1877 1117 1912 sto
1132 1870 1242 1912 cles

737 1946 793 1987 Et
823 1950 914 1986 tute
947 1946 1038 1998 ipse
1070 1942 1253 1997 periisti,
1286 1941 1408 1994 Lyce.

954 2046 1138 2087 Hanno

311 2123 414 2174 Quis
444 2123 515 2164 hic
546 2121 641 2163 est?

858 2203 1246 2257 Agorastocles

693 2277 919 2320 Utrumuis
951 2282 1029 2326 est,
1061 2275 1130 2316 uel
1161 2274 1258 2315 leno
1292 2273 1362 2314 uel
1392 2272 1544 2326 Lycus.

315 2353 362 2394 In
395 2352 605 2395 seruitute
638 2350 708 2390 hic
741 2348 852 2389 filias
884 2348 1036 2389 habuit
1067 2353 1166 2387 tuas
1711 2350 1800 2384 1380

314 2424 367 2466 Et
402 2423 504 2464 mihi
536 2423 629 2464 auri
661 2421 730 2462 fur
763 2427 836 2460 est.

403 2570 515 2605 Tituli
537 2568 700 2613 spatium
723 2570 829 2602 vacat
929 2564 1012 2598 1369
1038 2563 1147 2606 agitis
1173 2561 1241 2597 BG
1336 2560 1466 2594 melius
1491 2559 1525 2592 A
1631 2558 1720 2592 1370
1742 2557 1797 2591 in·
1868 2588 1889 2598 ⁴,
1915 2551 1917 2554 ’

313 2628 517 2661 clementer
540 2626 740 2660 meminere
828 2622 914 2655 1372
939 2621 1046 2654 hasce
1072 2630 1151 2653 esse
1179 2617 1207 2653 C
1287 2618 1379 2652 Hem
1473 2617 1559 2650 1373
1582 2614 1673 2650 haec
1698 2613 1733 2647 A
1866 2607 1909 2645 'lp

315 2684 402 2717 1378
426 2682 581 2723 Quiesce
606 2680 642 2716 B
768 2683 807 2714 tu
831 2677 899 2712 ΒΟ
1022 2676 1152 2720 peristi
1282 2673 1374 2709 Post
1395 2673 1428 2708 h.
1453 2684 1483 2707 v.
1508 2671 1687 2715 repetitur
1710 2668 1802 2704 1374
1878 2678 1884 2683 ’

315 2740 400 2774 1379
425 2743 481 2773 est
506 2738 651 2773 nouelle
676 2735 888 2779 nouellycus
914 2733 949 2768 Β
973 2738 1007 2767 et
1033 2732 1069 2774 Ο,
1096 2732 1171 2766 nisi
1194 2731 1290 2775 quod
1314 2731 1406 2766 licus
1530 2728 1616 2762 1380
1641 2725 1744 2761 abuit
1765 2723 1802 2760 Β

402 2802 465 2830 tua
488 2795 536 2838 B,
565 2795 655 2828 mias
683 2792 784 2837 Cpr.
810 2803 855 2826 m.
956 2791 1037 2823 1131
1066 2787 1204 2822 aurifor
1229 2786 1264 2820 B
