1963 3243
331 168 412 209 282
900 168 1005 202 Miles
1030 168 1225 212 gloriosus.

331 296 464 343 credo,
496 295 637 346 quibus
668 300 806 345 postea
836 309 948 333 suum
979 296 1151 334 futurum
1185 311 1266 335 esse
1299 299 1424 336 locum
1457 311 1534 336 non
1566 299 1782 346 cogitabat.

330 384 385 389 -
427 364 643 402 concubina
680 375 778 412 quae
816 364 918 402 domi
956 366 1011 401 est
1050 364 1109 401 ed.
1152 378 1212 414 pr.
1245 385 1298 390 —
1331 367 1424 404 970.
1456 367 1570 415 sicut,
1603 379 1703 412 nam,
1736 368 1783 404 cf.

335 433 430 470 520.
465 451 513 456 —
548 433 641 469 971.
672 431 916 479 huc‘yemma
939 430 1052 469 Grut.
1085 451 1140 458 —
1171 434 1263 470 972.
1289 432 1373 471 Eho
1399 433 1444 471 R.
1465 454 1518 459 —
1546 448 1620 481 „an
1646 431 1782 472 uenit“

331 499 486 544 Goetz„
521 514 554 536 v.
587 503 718 536 tamen
750 499 798 536 ad
816 498 956 549 Amph.
991 500 1083 537 718.
1117 513 1237 549 supra
1269 501 1361 538 428.
1395 501 1515 540 Mero.
1551 502 1785 540 555..T1·in.

330 569 428 606 957.
466 587 520 592 —
551 568 632 605 eius
663 568 720 604 ed.
754 581 813 617 pr.
848 586 903 592 -
933 567 1026 604 973.
1059 568 1270 606 excludam.
1304 568 1463 607 Lamb.:
1501 567 1784 619 „extrudam“;

331 636 507 673 codicum
548 637 783 684 scripturam
817 636 901 672 iure
933 634 1111 671 defendit
1143 635 1316 685 Langen.
1348 650 1386 686 p.
1421 638 1501 674 250
1533 650 1591 686 sq.
1625 642 1664 674 et
1695 639 1784 676 aliis

331 705 461 741 allatis
501 707 540 740 et
577 704 684 740 Asin.
731 704 824 741 589.
856 722 911 727 —
942 704 1036 741 975.
1062 715 1135 751 per
1160 705 1340 751 qratiam,
1372 717 1457 741 cum
1490 707 1631 754 gratia,
1665 718 1785 755 oppo-

329 773 448 809 situm
484 765 728 820 ,‚ingratiis“‚
768 771 814 808 cf.
853 771 970 808 1120.
1008 772 1125 808 1194.
1158 791 1212 797 -—
1245 774 1338 810 977.
1371 774 1558 811 instruxti
1586 772 1704 820 Cam.,
1737 774 1785 811 cf.

334 841 426 879 745.
462 859 509 864 —
545 840 638 877 978.
670 839 828 885 auferre
865 841 901 876 et
938 839 1007 876 abs
1045 842 1078 877 te
1114 840 1218 878 abire
1254 839 1442 878 Ribbeck.
1475 861 1530 867 ——
1561 840 1688 879 lubeat
1723 842 1783 879 ed.

329 920 389 956 pr.
422 927 476 933 —
506 907 578 945 Sibi
608 908 763 944 dativus
796 907 948 944 ethicus
981 911 1039 943 est
1069 907 1118 943 ad
1155 906 1311 953 „abire“
1346 910 1505 946 relatus.
1538 929 1593 934 —
1625 911 1719 948 979.
1751 913 1788 948 et

330 976 420 1013 add.
452 976 518 1013 Br.
553 996 601 1001 —
641 978 764 1014 mutet
799 975 924 1020 fldem,
964 975 1010 1011 cf.
1044 974 1131 1012 Ter.
1165 976 1321 1014 Phorm.
1357 978 1449 1015 512.
1483 997 1537 1002 —
1569 979 1662 1016 980.
1695 978 1785 1016 deli-

329 1044 470 1090 catu’s,
511 1045 664 1091 iocaris,
705 1058 740 1081 v.
774 1043 823 1080 ad
854 1043 972 1081 Most.
1007 1044 1100 1081 929.
1132 1064 1188 1068 —
1218 1055 1316 1092 quae
1347 1047 1380 1082 te
1409 1049 1519 1091 amet,
1553 1046 1600 1083 cf.
1635 1047 1699 1083 66.
1731 1065 1786 1071 -—

329 1116 528 1161 tamquam
558 1112 700 1158 oculos,
741 1112 801 1149 his
833 1112 932 1148 enim
965 1112 1062 1149 nihil
1094 1114 1233 1158 carius,
1265 1126 1299 1149 v.
1334 1113 1381 1149 ad
1415 1112 1525 1150 Cure.
1564 1116 1624 1152 15.
1659 1113 1783 1152 Catul.

331 1182 367 1227 3,
401 1183 436 1218 5.
475 1182 536 1227 14,
574 1183 607 1218 1.
650 1181 716 1227 82,
762 1181 797 1217 1.
837 1180 886 1217 al.
919 1201 973 1206 —
1005 1181 1097 1218 981.
1136 1179 1182 1218 St
1218 1180 1322 1218 Cam.
1363 1201 1416 1205 --
1456 1183 1633 1230 aperitur
1671 1182 1784 1220 Both.

328 1269 383 1275 —-
415 1250 509 1287 982.
541 1249 651 1288 Haec
675 1250 778 1289 celox
803 1249 920 1287 affert
946 1249 1095 1286 Phocas
1127 1245 1275 1296 (Gram.
1309 1249 1395 1286 Lat.
1429 1249 1462 1286 V
1486 1263 1522 1299 p.
1556 1246 1668 1300 421).
1715 1250 1786 1288 Est

329 1322 459 1356 autem
492 1319 673 1355 navicula
713 1322 881 1368 propter
913 1319 1150 1354 celeritatem
1191 1321 1230 1353 et
1263 1317 1311 1354 ad
1342 1319 1622 1368 speculandum
1665 1323 1705 1356 et
1736 1319 1786 1356 ad

328 1387 486 1423 nuntios
526 1387 708 1424 ferendos
748 1390 855 1437 apta,
893 1390 938 1423 ut
978 1386 1072 1423 h.-l.
1103 1386 1365 1431 internuntiffl
1398 1399 1433 1422 v.
1467 1387 1513 1423 ad
1547 1388 1656 1424 Asin.
1690 1389 1783 1425 256.

328 1474 381 1480 --
420 1455 526 1492 illius
563 1458 620 1492 est
649 1455 688 1492 C.
726 1475 773 1480 —
806 1455 894 1493 hino
931 1455 1157 1492 Beroaldus.
1190 1473 1245 1478 —
1277 1455 1356 1492 983
1390 1467 1474 1491 cum
1507 1453 1712 1503 Seyffertio
1745 1459 1785 1492 et
1862 1451 1867 1456 '

329 1523 391 1561 ΒΓ.
433 1524 607 1572 spurium
649 1524 790 1561 habeo.
852 1524 896 1561 R.
939 1523 1190 1560 emendabat:
1251 1522 1352 1567 „PY.
1393 1522 1486 1568 Quae
1526 1521 1663 1560 celox?
1705 1523 1784 1561 PA.

328 1592 566 1629 Ancillulast.
602 1592 720 1638 illius,
762 1605 861 1642 quae
900 1592 1104 1641 egreditur
1142 1589 1287 1636 foras“,
1321 1605 1357 1628 v.
1390 1590 1531 1640 Opusc.
1564 1591 1603 1628 II
1634 1605 1670 1640 p.
1704 1593 1782 1630 685

326 1673 386 1709 sq.
419 1679 473 1685 —
505 1661 598 1698 984.
630 1660 717 1698 dedi
754 1661 812 1698 ed.
851 1674 909 1711 pr.
952 1680 1003 1686 —
1045 1662 1138 1699 985.
1179 1659 1407 1706 Pithecium,
1440 1662 1627 1705 πιθηκίον,
1660 1662 1784 1698 simia.

328 1729 466 1765 Lamb.
511 1728 626 1765 affert.
659 1729 774 1766 Ennii
804 1742 958 1766 versum
1001 1724 1100 1778 (Sat.
1133 1741 1166 1765 v.
1202 1724 1273 1776 45)
1311 1727 1454 1766 ..Simia
1486 1741 1600 1777 quarn
1633 1728 1796 1775 similis,·
1870 1748 1876 1754 .

328 1798 559 1846 turpissima
590 1797 727 1843 bestia,
761 1795 911 1835 nobis“.
945 1797 993 1834 cf.
1028 1797 1076 1833 ad
1109 1797 1227 1834 Most.
1263 1797 1355 1833 870.
1388 1815 1442 1820 -—
1473 1797 1782 1843 spinturniciwn.

330 1864 435 1902 Fest.
469 1879 508 1915 p.
543 1866 622 1903 330
655 1879 735 1915 sq.:
771 1865 1029 1916 „Spintyrnix
1059 1869 1117 1902 est.
1148 1866 1230 1902 avis
1261 1877 1382 1913 genus
1415 1865 1541 1914 turpis
1564 1863 1700 1913 figurae
1720 1895 1726 1901 .
1747 1894 1755 1901 .
1775 1894 1783 1902 .

330 1933 388 1970 Ea
421 1933 552 1971 Graece
592 1934 748 1981 dicitur,
789 1940 832 1971 ut
863 1936 918 1971 ait.
950 1933 1104 1978 Santra,
1139 1931 1379 1981 σπινθαρίς“.
1440 1932 1542 1969 Plin.
1574 1931 1622 1968 H.
1656 1931 1702 1969 N.
1733 1931 1781 1980 X,

330 2002 402 2039 36:
455 2003 727 2052 „lnauspicata
758 2007 816 2040 est
847 2008 885 2039 et
915 2003 1156 2039 incendiaria
1187 2002 1282 2042 avis,
1322 2006 1486 2051 propter
1528 2013 1642 2049 quam
1683 2012 1784 2050 saepe

330 2083 493 2107 numero
533 2071 742 2108 lustratam
782 2071 917 2107 urbem
949 2071 988 2107 in
1022 2070 1230 2107 annalibus
1261 2070 1482 2106 invenimus
1610 2067 1703 2114 Quae
1733 2069 1786 2105 sit

329 2140 411 2176 avis
457 2152 515 2186 ea,
562 2152 638 2176 non
685 2140 883 2188 reperitur
928 2151 997 2176 nec
1041 2139 1214 2175 traditur
1377 2137 1456 2173 Alii
1501 2138 1783 2186 spinturnicem

328 2220 411 2244 eam
452 2212 605 2246 vocant.
645 2206 711 2243 sed
751 2207 831 2244 haec
872 2208 957 2256 ipsa
998 2219 1083 2256 quae
1115 2210 1218 2243 esset
1249 2207 1353 2242 inter
1384 2217 1486 2249 aves,
1519 2206 1586 2254 qui
1615 2217 1656 2240 se
1687 2205 1785 2242 scire

328 2275 486 2321 diceret,
519 2288 594 2312 nou
628 2274 800 2312 inveni“.
840 2295 874 2300 -
920 2275 1012 2312 986.
1043 2273 1166 2312 oculis
1196 2276 1429 2312 uenamram
1451 2272 1600 2309 Nonius
1623 2286 1660 2322 p.
1691 2273 1783 2310 230.
1858 2283 1859 2287 ’

442 2342 534 2380 987.
576 2343 654 2380 Nee
699 2340 845 2390 „Tam“
888 2355 960 2380 nec
1001 2339 1147 2389 „Iam“,
1187 2348 1227 2378 ut
1268 2341 1385 2388 vulgo
1433 2341 1577 2384 editur,
1617 2340 1786 2390 intelligi

326 2415 470 2460 potest..
518 2411 604 2448 Br.:
657 2411 808 2458 „Hasce
840 2415 929 2448 ante
963 2411 1071 2447 aedis
1103 2408 1287 2447 circust“.
1335 2408 1473 2446 Ribb.:
1526 2408 1667 2453 „Patet
1697 2411 1785 2445 ante

326 2477 475 2517 aedis“.
538 2479 632 2526 Quae
674 2484 764 2517 ante
809 2482 865 2516 est
908 2481 1053 2527 scripta
1099 2482 1202 2523 sunt,
1249 2491 1297 2514 ex
1342 2489 1520 2526 personae
1568 2482 1660 2514 nota
1701 2479 1787 2513 orta

326 2548 521 2585 videntur.
571 2567 624 2572 —
671 2547 754 2585 ludi
795 2547 968 2593 faciendi
1012 2546 1117 2584 Cam.
1167 2565 1219 2570 —
1267 2546 1360 2583 988.
1406 2543 1670 2582 Dissimulabo
1714 2554 1786 2593 pro

331 2615 569 2663 „simulabo“
601 2619 790 2665 sequente
817 2615 1039 2663 negatione.
1072 2633 1125 2639 -—
1156 2624 1277 2661 neque
1305 2614 1417 2650 etiam
1443 2613 1547 2660 dum,
1573 2612 1621 2649 cf.
1647 2610 1785 2648 Pseud.

329 2685 422 2722 962.
484 2684 585 2721 Rud.
632 2685 750 2721 1368.
811 2683 968 2720 Trucul.
1003 2683 1094 2720 318.
1158 2681 1246 2718 Ter.
1289 2681 1428 2718 Heaut.
1464 2681 1556 2717 229.
1596 2699 1650 2705 —
1689 2679 1782 2716 990.

326 2752 435 2790 Num
481 2753 711 2799 quisnam,
758 2764 791 2788 V.
833 2750 881 2788 ad
921 2751 1060 2800 Amph.
1101 2750 1194 2787 317.
1246 2747 1383 2795 „nam“
1435 2748 1508 2784 del.
1554 2747 1615 2784 Br.
1649 2745 1784 2784 Goetz.
