1963 3243
195 216 274 255 356
845 212 1042 247 Poenulus.

193 351 256 378 me
300 340 404 378 Cam.
447 360 497 365 --
544 341 663 379 1267.
714 341 964 378 Artissimum
1005 340 1254 378 brachiorum
1294 342 1537 390 complexum
1586 356 1686 380 com-

193 412 308 459 parat
339 422 423 446 cum
454 419 603 456 neruo,
651 409 696 445 cf.
729 409 838 445 Asin.
875 409 967 444 544.
1010 426 1063 432 —-
1107 409 1225 445 1268.
1273 405 1401 457 eliqua
1432 406 1591 459 diywis,
1638 411 1686 448 cf.

193 476 336 514 Pseud.
359 478 477 514 1016.
510 496 566 501 —
600 477 718 513 1269.
751 475 876 526 Gepp.
909 476 1038 513 hiatus
1070 489 1188 513 censa
1225 476 1326 522 „Cur
1357 478 1451 514 estis
1482 475 1685 527 numero“,

194 544 262 581 sed
287 544 393 581 Fest.
419 559 457 594 p.
480 546 578 581 170:
616 544 712 590 „Qui
745 557 879 580 exeam
908 556 1073 595 xnumero
1104 545 1198 580 estis
1230 546 1373 582 mortui
1405 545 1477 582 hoc
1510 546 1687 596 exemplo

193 616 238 649 ut
274 613 512 661 pingeretis,
560 613 584 649 i.
619 625 650 649 e.
692 625 760 648 cur
799 613 876 649 cito
921 612 1066 648 mortui
1112 609 1254 658 estis“;
1301 614 1434 662 itaque
1480 608 1688 661 Quidnam

194 681 346 729 scripsi.
378 700 434 704 ——
474 676 549 716 hoc
579 676 763 727 exemplo
793 680 838 726 A,
871 681 896 717 i.
931 692 963 715 e.
999 679 1046 716 ad
1080 679 1150 716 hoc
1182 681 1413 729 exemplum,
1447 682 1590 718 omisso
1622 680 1688 717 ob·

193 749 305 785 iecto.
368 746 513 796 Gepp.:
556 747 653 794 „hoc
684 748 904 797 exemplum
935 750 979 784 ut
1010 745 1268 797 pingeretis!“
1304 761 1438 785 verum
1470 749 1687 798 exemplum

193 830 272 854 non
302 816 501 865 pingitur,
533 815 601 852 sed
631 817 790 865 petitur.
825 835 877 840 —
917 825 1088 852 numero
1120 819 1179 852 est
1210 816 1323 852 nimis
1356 822 1528 863 mature,
1571 831 1606 853 v.
1641 816 1688 853 ad

193 883 334 934 Amph.
373 885 462 920 177.
532 883 738 920 Structura
776 896 853 920 non
892 896 1053 932 prorsus
1086 886 1280 920 accurata.
1349 883 1514 932 Vellem,
1548 885 1687 934 inquit,

194 965 262 988 vos
300 951 474 989 nondum
511 955 687 989 mortuos
727 964 830 997 esse,
877 954 920 987 ut
960 955 1076 998 cett..
1124 951 1171 987 cf.
1205 950 1316 1000 Capt.
1353 952 1452 990 595:
1505 952 1689 998 „Crucior

193 1020 364 1069 lapidem
407 1033 483 1056 non
513 1019 656 1056 habere
689 1033 767 1065 me,
813 1022 854 1056 ut
894 1019 952 1056 illi
986 1020 1187 1066 mastigiae
1223 1019 1423 1056 cerebrum
1454 1018 1686 1057 excutiam“.

196 1087 328 1125 Madv.
363 1088 410 1124 ad
438 1087 517 1124 Cic.
543 1086 629 1123 Fin.
657 1087 722 1134 IV,
758 1088 820 1134 28,
849 1088 912 1124 37.
960 1087 1098 1124 Kinch.
1119 1087 1263 1133 Quaest.
1290 1087 1464 1124 Curtian.
1494 1100 1531 1136 p.
1561 1089 1612 1124 58
1631 1101 1688 1137 sq.

312 1156 419 1193 1272
451 1169 535 1204 sqq.
567 1154 757 1192 trochaici
790 1156 1016 1204 septenarii.
1053 1174 1104 1179 ——
1136 1164 1309 1204 maynas
1339 1152 1517 1204 qratias,
1565 1155 1689 1204 Gepp.

201 1237 403 1273 „magnam
436 1220 644 1272 gratiam“,
691 1223 759 1259 sed
799 1225 979 1272 antiquos
1018 1225 1135 1259 etiam
1176 1223 1272 1260 illud
1304 1222 1466 1269 dixisse,
1513 1224 1690 1272 quamvis

193 1297 311 1341 neget
335 1292 508 1341 Langen.
536 1291 655 1328 Beitr.
683 1305 721 1341 p.
754 1292 798 1327 ll
835 1304 932 1340 sqq.,
966 1292 1083 1327 etiam
1113 1305 1212 1328 nunc
1243 1292 1373 1337 credo,
1405 1306 1439 1328 v.
1467 1291 1516 1328 ad
1548 1291 1689 1340 Amph.

199 1362 297 1406 1793
345 1359 434 1398 add.
467 1360 555 1400 Ter.
588 1359 711 1396 Andr.
746 1361 847 1396 770:
900 1359 984 1405 „dis
1023 1360 1088 1408 pol
1127 1359 1250 1396 habeo
1281 1357 1470 1408 gratias“.
1531 1359 1689 1396 Phorm.

197 1430 296 1466 894:
348 1428 442 1475 „Dis
482 1440 641 1477 magnas
680 1429 820 1464 merito
861 1427 1009 1476 gratias
1047 1426 1172 1463 habeo
1212 1431 1330 1476 atque
1375 1425 1486 1476 ago“.
1562 1426 1688 1464 Plaut.

195 1497 302 1534 Pers.
338 1498 430 1533 754.
494 1495 577 1533 Liv.
610 1495 759 1541 XXIV,
801 1496 878 1543 37„
920 1496 955 1532 7.
1016 1494 1100 1532 Val.
1133 1494 1239 1531 Max.
1273 1494 1325 1541 V,
1367 1497 1408 1541 6,
1453 1499 1528 1532 ext.
1561 1496 1598 1532 2.
1641 1514 1689 1519 -

201 1565 320 1602 1273.
354 1560 514 1601 laetitia
546 1560 764 1611 adfecistis
795 1566 866 1600 cet.
899 1562 945 1599 A.
979 1583 1034 1587 —
1075 1564 1178 1600 1275
1213 1576 1260 1599 ex
1294 1564 1399 1600 1134
1431 1563 1623 1612 repetitus
1656 1567 1695 1599 et

197 1635 281 1671 sine
314 1632 432 1669 dnbio
463 1632 631 1680 spurius.
665 1651 719 1656 ———
754 1631 872 1668 1276.
905 1627 1103 1668 memoria
1135 1631 1180 1668 A.
1207 1650 1260 1655 -
1297 1632 1416 1668 1277.
1450 1628 1573 1668 dotis.
1621 1631 1694 1667 Re-

198 1702 448 1737 stitutionem
487 1699 679 1736 bonorum
719 1703 758 1736 et
797 1699 1058 1736 hereditatem
1098 1701 1133 1736 ei
1175 1701 1412 1748 promiserat
1456 1699 1560 1736 1080
1593 1712 1692 1748 sqq.‚

199 1769 305 1806 dotis
337 1769 436 1805 nihil
466 1768 713 1816 promiserat,
747 1781 868 1816 quare
900 1781 977 1804 non
1008 1768 1152 1804 iniuria
1180 1766 1368 1816 Geppert.
1394 1766 1504 1803 Stud.
1532 1766 1549 1802 I
1575 1780 1614 1816 p.
1644 1769 1692 1804 75

198 1851 258 1874 vv,
296 1837 516 1873 1276—77
550 1837 704 1884 spurios
736 1838 882 1872 censet.

317 1906 434 1942 1278.
466 1903 775 1941 Antamoenides
807 1904 887 1940 exit
918 1916 964 1939 ex
989 1903 1141 1940 lenonis
1170 1902 1319 1940 aedibus
1342 1903 1474 1940 furore
1501 1905 1694 1940 incensus.

198 1971 412 2010 Ludificari
444 1974 545 2009 enim
583 1985 623 2008 se
664 1976 795 2009 censet
826 1985 847 2008 a
878 1971 1037 2017 lenone,
1086 1974 1153 2019 qui
1186 1985 1225 2008 se
1270 1972 1319 2008 ad
1359 1970 1565 2021 prandium
1598 1972 1696 2007 invi·

199 2044 322 2078 tasset
364 2045 420 2086 et,
462 2044 507 2076 ut
547 2041 731 2077 convivas
770 2043 984 2089 quaereret,
1034 2039 1180 2076 abisset
1221 2035 1359 2088 (614),
1409 2038 1477 2075 sed
1525 2038 1694 2075 nondum

200 2109 380 2146 redisset.
441 2108 512 2144 Ille
555 2108 711 2157 quidem
752 2108 847 2144 furti
888 2107 1084 2143 manifesti
1115 2120 1205 2144 reus
1237 2106 1284 2144 ad
1317 2108 1459 2143 amicos
1491 2107 1694 2143 consulen-

202 2177 270 2215 dos
304 2177 457 2214 abierat
488 2172 621 2225 (793).
683 2172 852 2214 ,lisinam
883 2176 917 2212 ei
948 2175 1059 2212 miles
1093 2175 1257 2211 dederat
1288 2170 1415 2224 (467).
1454 2179 1496 2210 ut
1527 2176 1696 2221 gratiam

200 2247 281 2282 eius
323 2245 569 2290 conciliaret3
616 2245 694 2280 iam
734 2245 917 2280 amissam
956 2243 1092 2279 ulcisci
1133 2243 1228 2280 vult.
1270 2263 1324 2266 —
1366 2243 1484 2279 1279.
1531 2251 1698 2279 scurrae

199 2313 304 2350 Cam.
324 2326 410 2359 em.,
443 2312 488 2349 cf.
510 2313 602 2349 611.
624 2330 678 2336 —
707 2312 825 2349 1281.
863 2311 1010 2358 „Foras
1038 2312 1121 2360 ipse
1148 2311 1269 2347 abiit·‘
1292 2310 1416 2359 Gepp.
1443 2329 1496 2334 --
1521 2306 1699 2347 atriensi

201 2381 302 2429 edd„
336 2381 383 2417 cf.
406 2381 454 2417 ad
471 2380 581 2417 Asin.
603 2380 696 2416 262.
729 2399 783 2403 -
819 2381 938 2418 1283.
977 2375 1059 2417 Pro
1091 2375 1248 2416 maiore
1277 2378 1323 2415 A.
1356 2397 1410 2402 ——
1447 2378 1551 2415 1284
1586 2377 1698 2414 affert

200 2448 388 2486 Priscian.
421 2447 478 2484 III
509 2461 547 2496 p.
583 2448 675 2485 615.
756 2443 829 2485 Sic
861 2445 1020 2493 dedero,
1057 2448 1110 2483 sic
1144 2447 1341 2483 inimicum
1373 2446 1548 2492 ulciscar,
1581 2458 1615 2482 v.
1649 2444 1698 2481 ad

201 2518 310 2553 Asin.
331 2517 424 2553 436.
442 2535 498 2540 —
523 2516 640 2552 1284.
664 2512 846 2564 telmeso,
865 2516 911 2552 cf.
932 2516 1022 2552 101.
1070 2524 1162 2552 aere
1178 2511 1365 2560 militari,
1387 2527 1420 2550 v.
1435 2513 1482 2550 ad
1500 2513 1587 2550 Aul.
1604 2513 1696 2549 518.

202 2585 317 2621 Miles
349 2597 468 2633 quum
500 2583 742 2633 stipendium
775 2584 822 2620 ab
855 2596 912 2629 eo,
948 2585 1009 2620 cui
1041 2582 1274 2619 attributum
1307 2587 1386 2622 cst,
1426 2594 1504 2618 non
1542 2581 1696 2629 recipit,

202 2654 344 2701 pignus
377 2654 494 2701 capit.
556 2651 618 2688 Sic
649 2663 740 2699 ego,
776 2652 920 2700 inquit,
964 2664 1034 2699 pro
1065 2650 1234 2699 prandio
1268 2649 1361 2686 mihi
1392 2649 1605 2699 promisso,
1639 2648 1699 2684 vel

203 2720 338 2756 saltem
371 2733 442 2769 pro
475 2720 622 2756 maiore
655 2720 738 2756 eius
768 2723 881 2768 parte
913 2720 1055 2768 pignus
1087 2719 1183 2767 cepi.
1218 2737 1271 2741 —
1307 2718 1425 2754 1285.
1459 2725 1575 2765 quem
1607 2715 1699 2752 olim

204 2800 298 2833 em.;
332 2788 477 2824 ironice
502 2788 691 2836 loquitur.
719 2807 774 2811 —
804 2788 921 2824 1287.
955 2783 1073 2824 *illam
1107 2786 1230 2823 totam
1262 2781 1411 2832 faciam
1441 2787 1544 2829 cett„
1578 2783 1623 2821 cf.
1651 2782 1700 2819 ad
