1963 3243
323 173 376 211 56
988 165 1109 200 Plauti
1491 163 1559 206 ΠΙ,
1587 166 1617 206 1,
1641 163 1776 196 70—85

325 292 500 347 Opusne
532 292 650 334 leni‘?
681 293 889 333 leniorem
922 291 1036 332 dices
1068 304 1198 345 quam
1229 295 1392 331 mutum
1426 294 1492 330 est
1523 301 1652 338 mare,
1712 298 1780 331 665

324 363 759 418 Liquidiusculusque
793 377 866 405 ero
899 376 1027 417 quam
1059 366 1215 404 uentus
1248 365 1315 403 est
1345 360 1561 402 fauonius.

325 435 406 477 Uel
437 435 758 476 hilarissumum
797 435 1025 476 conuiuam
1065 433 1166 474 hinc
1197 431 1388 473 indidem
1420 445 1667 484 expromam
1699 410 1780 472 tibi

326 506 405 549 Uel
435 507 688 560 primarium
720 506 959 559 parasitum
992 508 1123 558 atque
1155 509 1456 557 opsonatorem
1489 507 1722 557 optumum.

326 578 433 620 Tum
449 578 503 619 ad
522 577 768 620 saltandum
785 591 870 618 non
889 576 1094 618 cinaedus
1112 576 1304 617 malacus
1329 579 1509 629 aequest
1533 578 1665 628 atque
1690 587 1779 627 ego.

899 689 1214 730 Palaestrio

328 762 440 812 Quid
472 763 527 804 ad
558 763 658 804 illas
689 763 798 804 artis
831 761 1029 815 optassis‚
1064 761 1100 802 si
1131 760 1250 814 optio
1282 759 1456 800 eueniat
1485 759 1594 801 tibi?
1718 770 1785 803 670

897 872 1208 915 Pleusicles

328 948 440 990 Huic
471 962 548 1002 pro
579 947 747 989 meritis
779 951 828 987 ut
858 945 1010 987 referri
1043 945 1208 998 pariter
1239 945 1376 998 possit
1405 944 1547 998 gratia

329 1020 526 1075 Tibique,
574 1019 734 1073 quibus
779 1031 891 1059 nunc
937 1031 1002 1058 me
1049 1031 1142 1058 esse
1190 1017 1386 1070 experior
1431 1031 1623 1059 summae
1670 1018 1786 1060 solli-

1387 1088 1582 1130 citudini.

330 1166 386 1206 At
418 1164 497 1206 tibi
529 1168 654 1206 tanto
687 1162 878 1215 sumptui
911 1175 1006 1202 esse
1038 1160 1142 1202 mihi
1174 1160 1460 1202 molestumst.

819 1274 1293 1328 Periplecomenus

1464 1346 1610 1388 Morus
1643 1361 1702 1388 es.

329 1421 440 1464 Nam
471 1422 515 1462 in
547 1419 661 1462 mala
691 1432 822 1461 uxore
854 1424 985 1472 atque
1017 1419 1191 1461 inimico
1231 1420 1266 1461 si
1305 1417 1409 1472 quid
1450 1432 1607 1469 sumas,
1647 1432 1789 1473 sump-

1396 1495 1467 1532 tus
1499 1494 1585 1542 est3

330 1566 379 1608 In
405 1566 519 1608 bono
546 1565 717 1619 hospite
735 1568 868 1618 atque
887 1564 1027 1605 amico
1046 1567 1254 1616 quaestus
1273 1568 1340 1604 est
1356 1563 1472 1616 quod
1491 1563 1694 1613 sumitur3
1724 1573 1791 1607 675

332 1637 389 1679 Et
420 1637 537 1692 quod
569 1638 612 1678 in
645 1637 805 1678 diuinis
837 1635 967 1677 rebus
1000 1640 1266 1688 sumptumst
1297 1635 1482 1688 sapienti
1515 1635 1691 1676 lucrost.

333 1710 471 1752 Deum
511 1710 675 1750 uirtute
717 1713 802 1759 est,
850 1713 893 1749 te
931 1707 1058 1765 unde*
1083 1707 1273 1761 hospitio
1317 1707 1528 1761 accipiam
1568 1706 1684 1760 apud
1724 1721 1791 1748 me

1393 1779 1587 1821 comiter.

334 1854 404 1905 Es,
436 1854 547 1905 bibe,
582 1854 724 1895 animo
757 1853 998 1907 obsequere
1037 1865 1203 1893 mecum
1245 1857 1376 1904 atque
1408 1865 1540 1894 onera
1570 1856 1614 1893 te
1644 1851 1791 1893 hilari-

1417 1923 1589 1976 tudine3

334 1999 516 2040 Liberae
551 2003 651 2040 sunt
681 1997 823 2047 aedes,
854 1996 963 2038 liber
995 2002 1139 2038 autem
1172 2001 1341 2048 egomet
1371 1995 1472 2038 uolo
1503 1997 1665 2038 uiuere.

335 2070 445 2112 Nam
479 2071 596 2120 mihi,
631 2071 758 2112 deum
791 2070 953 2110 uirtute
986 2068 1140 2118 dicam,
1174 2074 1351 2122 propter
1378 2068 1555 2110 diuitias
1582 2082 1699 2110 meas
1729 2079 1796 2113 680

426 2208 492 2242 665
518 2208 610 2242 dicis
728 2209 868 2250 quantu
894 2211 912 2240 ἓ
939 2215 1060 2239 amare
1086 2204 1122 2239 B
1237 2205 1303 2239 666
1328 2204 1520 2249 Liquidius
1546 2203 1686 2248 cuiusq’

336 2264 480 2299 facinus
504 2263 551 2307 Β,
577 2264 722 2299 faonius
749 2263 777 2298 G
867 2263 933 2296 667
959 2261 1047 2296 Uael
1074 2261 1103 2296 0
1193 2261 1439 2296 hilarissimus
1466 2261 1496 2301 C
1584 2261 1795 2296 conuiuium

429 2321 556 2356 indida
671 2323 738 2356 668
763 2322 924 2355 obsonat
950 2325 1015 2353 ora
1043 2318 1071 2353 G
1182 2319 1249 2352 669
1282 2319 1519 2353 salutandum
1633 2319 1797 2353 maiacus

338 2383 508 2423 egestant
540 2390 610 2423 que
635 2378 681 2422 B,
715 2378 879 2412 maiacus
912 2379 1106 2419 equestant
1139 2386 1207 2419 que
1243 2374 1273 2410 G
1383 2376 1449 2409 670
1474 2375 1542 2419 Qui
1575 2376 1724 2410 attollas
1750 2374 1797 2419 B,

338 2435 433 2480 Quid
460 2437 598 2471 attillas
626 2436 654 2471 C
762 2434 892 2479 optissi
997 2433 1060 2466 671
1089 2432 1207 2466 Huius
1311 2431 1447 2466 referet
1475 2432 1503 2468 C
1609 2434 1677 2467 672
1702 2437 1802 2467 esset

338 2494 532 2538 experiosu
556 2505 613 2528 me
717 2493 784 2527 673
809 2493 959 2534 sumptu
985 2488 1020 2523 Β
1123 2489 1301 2523 molestus
1329 2489 1357 2524 G
1451 2496 1472 2525 e
1587 2491 1654 2524 674
1679 2493 1800 2524 sumat

441 2552 508 2585 675
540 2556 673 2595 quetus
705 2549 750 2593 Β,
787 2551 943 2593 quaetus
977 2546 1006 2580 Ο
1118 2547 1184 2580 676
1210 2557 1332 2580 sumas
1358 2552 1506 2591 sumptu
1618 2548 1685 2581 677
1709 2551 1800 2581 tase-

339 2608 464 2643 nunde
571 2608 750 2652 accipiam
776 2604 823 2650 B,
861 2604 1052 2647 accipiaem
1080 2602 1108 2638 Ο
1210 2605 1403 2638 commitas
1437 2603 1481 2646 Β,
1509 2609 1564 2639 est
1589 2605 1746 2638 comitas
1775 2603 1804 2638 Ο

339 2666 406 2700 678
438 2665 508 2699 Est
545 2666 643 2700 bono
675 2664 718 2707 Β,
757 2663 825 2697 Est
858 2661 943 2696 bibe
970 2659 999 2694 C'
1112 2664 1268 2695 onerata
1304 2661 1525 2696 hilarissime
1552 2660 1596 2703 Β,
1635 2665 1799 2696 oneratae

340 2723 507 2757 hilaritus
532 2734 590 2756 me
618 2722 646 2757 Ο
757 2721 823 2755 679
857 2717 958 2753 aedis
992 2717 1088 2751 liber
1120 2728 1199 2751 sum
1318 2729 1385 2762 ego
1419 2730 1475 2752 me
1506 2719 1634 2753 tuuolo
1661 2717 1696 2757 0,
1730 2728 1799 2761 ego

341 2783 464 2814 metuo
490 2779 576 2813 uolo
603 2778 638 2812 Β
731 2778 846 2812 libere
938 2776 1005 2811 680
1029 2777 1169 2812 uirtute
1197 2776 1226 2811 Ο
