1963 3243
287 205 337 242 24
344 205 368 242 8
920 200 1132 236 Pseudolus.

286 343 412 368 sermo
456 326 554 377 est“,
600 329 645 368 R.
689 330 838 377 „solum
882 330 1051 367 sermoni
1096 326 1194 377 est“,
1240 329 1280 366 id
1320 329 1424 379 quod
1468 326 1636 376 „unum“
1682 343 1764 368 esse

286 398 433 436 debuit.
466 417 521 422 —
556 398 649 435 421.
681 393 894 436 subolebat
923 398 967 434 A.
1003 417 1051 422 -—
1091 398 1172 434 422
1212 398 1373 435 accessit
1406 410 1452 434 ex
1483 397 1528 434 A.
1569 417 1624 422 —
1668 398 1763 436 423.

290 461 433 504 Occisa
480 466 543 504 est
584 462 681 504 haec
724 475 813 513 res,
869 480 903 503 v.
944 464 992 502 ad
1030 464 1140 515 Capt.
1183 466 1275 503 534.
1322 484 1377 490 —
1420 462 1577 511 haeret,
1627 480 1663 503 v.
1718 465 1766 502 ad

284 532 426 584 Amph.
469 534 560 571 807.
610 552 662 558 —
706 533 800 571 424.
851 528 937 581 Quo
974 529 1021 570 in
1051 534 1104 580 A,
1145 546 1179 570 v.
1221 533 1324 570 Lcw.
1358 533 1470 571 Anal.
1501 546 1538 582 p.
1577 534 1666 571 167.
1714 553 1768 558 —
1824 542 1832 550 ‘

284 598 413 640 uolui.
475 601 614 638 Hiatus
645 614 760 638 causa
794 598 1046 648 „uolueram“
1082 601 1126 638 R.
1166 620 1223 625 —
1259 601 1352 638 425.
1393 597 1561 649 oppido,
1592 613 1764 650 prorsus,

286 684 321 708 v.
368 669 416 706 ad
461 669 603 719 Amph.
651 670 743 706 295.
788 688 844 693 —
892 668 986 707 427.
1041 668 1198 706 Vicinus
1243 668 1505 706 adulescentis
1549 669 1767 718 patrocinio

286 740 466 786 suscepto
504 737 552 774 iis
589 736 806 782 maledicit,
853 737 920 785 qui
964 738 1059 773 talia
1104 737 1266 773 crimina
1308 737 1476 774 libenter
1520 737 1684 773 audiunt
1729 741 1768 774 et

287 805 579 851 circumferunt,
620 805 645 841 i.
678 817 710 842 e.
740 804 924 854 qestant,
971 817 1006 842 v.
1039 804 1169 841 Senec.
1203 803 1274 854 Ep.
1312 805 1401 850 123,
1435 805 1476 848 8:
1527 803 1766 850 „Pessimum

286 886 408 922 genus
438 872 639 910 hominum
669 871 888 919 videbatur,
921 873 988 921 qui
1017 872 1138 909 verba
1167 875 1366 921 gestarent
1395 870 1510 919 cet.“,
1544 872 1588 909 cf.
1616 885 1650 908 v.
1671 872 1764 910 429.

285 960 341 966 —
380 941 476 979 428.
514 939 552 978 si
582 936 713 988 liceat,
746 954 797 978 sc.
829 953 892 977 res
923 940 1124 985 ordinare,
1171 940 1217 976 cf.
1251 940 1299 977 ad
1331 939 1412 976 Mil.
1448 940 1538 976 222.
1582 959 1631 965 —
1668 949 1767 988 pen-

287 1006 419 1055 deant,
451 1008 684 1046 verberandi
714 1021 847 1054 causa,
887 1021 922 1044 v.
956 1008 1005 1044 ad
1034 1008 1142 1045 Asin.
1177 1008 1268 1045 299.
1301 1026 1356 1032 —
1394 1007 1600 1045 430—32.
1642 1005 1769 1046 istaec

376 1073 506 1114 istaec
536 1077 659 1121 dicta,
706 1076 752 1113 cf.
785 1076 834 1114 ad
863 1075 948 1113 Mil.
982 1076 1075 1112 624.
1116 1095 1168 1100 —
1207 1071 1317 1113 Fors
1352 1073 1446 1125 fuat
1481 1085 1535 1113 an
1563 1072 1691 1114 istaec
1720 1077 1765 1114 A.

285 1165 342 1170 —
372 1145 466 1183 433.
497 1140 538 1182 si
568 1141 658 1182 sint
686 1153 733 1182 ea
761 1154 863 1182 uera
892 1144 937 1181 A.
963 1163 1018 1168 —
1040 1143 1088 1181 at
1114 1153 1223 1181 nunc
1251 1153 1342 1181 mos
1373 1143 1432 1182 est
1460 1153 1661 1191 maxume,
1691 1145 1716 1181 i.
1735 1158 1766 1183 e.

286 1214 504 1263 praesertim
520 1213 567 1250 iis
585 1212 771 1259 moribus,
797 1213 862 1261 qui
878 1226 979 1250 nunc
996 1215 1097 1250 sunt.
1145 1211 1258 1258 Quod
1275 1213 1314 1249 in
1331 1208 1365 1249 A
1385 1211 1556 1261 additur,
1575 1225 1621 1249 ex
1636 1225 1671 1250 v.
1686 1213 1763 1251 451

286 1282 457 1330 irrepsit.
481 1300 537 1305 —-
567 1280 659 1317 436.
701 1274 842 1328 Uetus,
875 1281 921 1317 cf.
943 1281 1035 1318 364.
1097 1281 1204 1318 Asin.
1234 1281 1325 1318 202.
1353 1300 1408 1305 —-
1438 1280 1531 1318 437.
1573 1276 1658 1327 Uel,
1689 1282 1715 1318 i.
1733 1294 1766 1319 e.

287 1353 366 1396 aut,
399 1349 445 1387 cf.
477 1348 594 1386 Poen.
628 1350 692 1386 22.
726 1349 790 1386 24.
852 1347 1025 1398 Langen.
1053 1348 1173 1386 Beitr.
1205 1361 1242 1398 p.
1271 1349 1322 1385 '74
1353 1361 1410 1397 sq.
1443 1349 1542 1385 male
1576 1349 1768 1399 „exempli

286 1414 437 1467 gratia“
472 1419 641 1454 enarrat.
675 1436 729 1441 —
757 1414 928 1466 faceres,
960 1431 996 1454 v.
1021 1416 1070 1453 ad
1096 1415 1208 1466 Capt.
1239 1417 1330 1454 532.
1357 1436 1412 1441 —
1441 1417 1522 1454 440
1555 1430 1612 1466 sq.
1648 1416 1765 1465 „Tam

287 1498 427 1535 magna
464 1481 631 1536 (potiusz
672 1482 808 1529 multa)
846 1488 936 1521 sunt
973 1484 1126 1532 flagitia
1154 1488 1244 1531 tua,
1290 1488 1334 1522 ut
1370 1484 1531 1522 cuilibet
1570 1498 1590 1522 e
1620 1485 1767 1535 populo

286 1557 486 1603 tamquam
524 1554 564 1590 in
604 1553 761 1602 publica
799 1553 1054 1590 visceratione
1083 1565 1173 1603 pars
1205 1553 1334 1602 aliqua
1362 1553 1453 1590 inde
1493 1553 1577 1590 dari
1618 1549 1765 1602 possit“

287 1622 467 1660 Pistoris.
542 1621 691 1659 Divisio
729 1622 882 1668 argenti
919 1621 1068 1658 viritim
1107 1625 1430 1659 commemoratur
1470 1621 1557 1658 Aul.
1594 1622 1683 1660 108.
1715 1641 1769 1646 -
1812 1646 1819 1649 -

287 1691 382 1727 442.
413 1699 523 1728 mmc
551 1686 706 1727 mirare
734 1689 780 1727 R.
820 1709 875 1714 —
902 1687 1117 1737 patrissat,
1157 1689 1204 1727 cf.
1236 1688 1352 1726 Most.
1387 1690 1478 1727 626.
1511 1708 1566 1714 —
1604 1689 1696 1727 443.
1721 1683 1768 1726 ’Ὠ

289 1760 366 1805 Ζεῦ,
406 1759 450 1796 cf.
485 1758 533 1795 ad
564 1757 702 1795 Bacch.
740 1759 858 1795 1161.
920 1758 1058 1795 Hiatus
1089 1758 1129 1794 in
1160 1770 1315 1795 caesura.
1355 1776 1410 1782 —
1448 1758 1542 1794 444.
1575 1757 1700 1806 pater
1728 1759 1768 1794 in

285 1827 320 1864 A
350 1827 446 1874 legit
476 1825 649 1864 Studem.
683 1826 784 1862 Ann.
816 1825 912 1874 phil.
945 1825 1069 1863 XCIII
1097 1840 1136 1877 p.
1171 1827 1234 1864 63.
1273 1845 1330 1850 —
1366 1826 1460 1863 445.
1507 1821 1610 1874 Qui-s·
1643 1826 1687 1863 A.
1721 1844 1768 1851 —

288 1894 349 1933 est
377 1890 443 1932 laic
473 1893 532 1932 Fl.
564 1914 618 1920 -
650 1894 742 1932 446.
775 1890 983 1942 scelerum,
1017 1893 1064 1932 cf.
1090 1894 1175 1932 Mil.
1201 1895 1293 1932 496.
1319 1913 1373 1918 -—
1403 1895 1496 1931 447.
1529 1890 1596 1932 illi
1625 1893 1770 1931 Guliel-

288 1976 385 2001 mus.
410 1982 466 1987 —
497 1963 590 2001 448.
623 1959 915 2010 insipientiast
935 1962 980 2000 A.
1006 1981 1062 1987 —
1091 1963 1185 2000 449.
1219 1959 1313 2001 Iras
1336 1963 1458 2011 Bugg.
1485 1961 1623 1999 Philol.
1641 1960 1771 1998 XXXI

288 2045 326 2082 p.
367 2032 461 2069 256.
522 2030 626 2068 Cam.
670 2030 757 2077 „Sic
794 2029 916 2068 iram“
961 2032 1183 2079 scripserat.
1225 2050 1273 2056 —
1319 2031 1411 2068 451.
1455 2026 1599 2068 Stntne
1635 2029 1679 2066 A.
1718 2047 1772 2054 —

289 2101 382 2138 452.
417 2100 463 2138 cf.
489 2098 600 2149 Capt.
620 2100 718 2137 202:
755 2099 822 2146 „In
853 2111 896 2136 re
927 2099 1028 2136 mala
1059 2100 1186 2136 animo
1218 2099 1250 2135 si
1280 2100 1383 2137 bono
1413 2101 1536 2144 utare,
1570 2093 1770 2135 adiuuat“.

291 2164 443 2206 Bonus
474 2168 624 2205 animus
656 2180 789 2216 aequus
820 2170 888 2213 est,
921 2166 1113 2218 placidus.
1181 2167 1225 2204 R.
1259 2166 1360 2205 hunc
1390 2179 1544 2203 versum
1575 2170 1661 2214 post
1692 2165 1771 2204 454

290 2238 437 2287 posuit.
475 2255 532 2261 -·
569 2237 662 2274 453.
709 2233 764 2274 ad
795 2236 832 2274 te
862 2235 922 2272 ed.
954 2249 1036 2286 pr.;
1087 2235 1161 2282 „ad
1193 2232 1277 2272 me“
1312 2234 1489 2273 Donatus
1521 2234 1560 2271 in
1591 2233 1712 2271 Andr.
1743 2231 1772 2279 I,

295 2307 331 2353 5,
366 2307 428 2343 16.
1823 2289 1830 2293 ”

406 2374 485 2411 455
519 2386 591 2422 sq.,
623 2372 669 2410 of.
704 2372 822 2410 Poen.
858 2373 937 2410 327
972 2385 1030 2422 sq.
1062 2390 1117 2397 -
1146 2369 1307 2409 uicinos
1338 2368 1535 2419 impertio,
1578 2370 1624 2408 cf.
1658 2368 1772 2420 Epid.

298 2443 388 2480 129.
457 2441 514 2479 De
552 2441 697 2491 plurali
738 2452 901 2477 numero
942 2439 989 2477 cf.
1033 2439 1082 2476 ad.
1120 2439 1260 2489 Amph.
1296 2440 1386 2477 349.
1429 2458 1481 2463 —-
1520 2439 1613 2476 458.
1655 2446 1775 2488 quam

295 2504 512 2548 basilicum
549 2508 786 2555 Ritterhus„
837 2509 883 2545 cf.
923 2507 973 2545 ad
1012 2506 1123 2557 Capt.
1165 2508 1257 2546 805.
1331 2506 1436 2544 Pers.
1479 2507 1541 2544 32.
1583 2525 1637 2530 —
1682 2507 1774 2544 459.

297 2573 532 2623 adstitisse,
581 2577 756 2625 adstare,
796 2590 831 2614 v.
875 2576 923 2613 ad
960 2575 1062 2613 Men.
1106 2576 1199 2613 851.
1241 2594 1294 2599 —
1336 2575 1415 2613 460
1457 2588 1537 2624 sq.,
1578 2575 1623 2611 cf.
1665 2573 1775 2623 capt.

298 2646 376 2683 659
417 2659 474 2700 sq.
512 2641 734 2685 innoxz'um
774 2644 887 2682 Both.
938 2663 983 2668 —
1027 2644 1121 2681 462.
1174 2639 1283 2681 Sunt
1327 2651 1429 2691 quae
1468 2638 1681 2688 uolumus,
1729 2641 1775 2678 cf.

301 2714 391 2751 170.
432 2733 484 2738 —
524 2714 617 2751 463.
658 2722 735 2761 per
771 2708 981 2759 nebulam,
1012 2711 1058 2748 cf.
1092 2710 1202 2760 Capt.
1243 2711 1360 2748 1019.
1399 2715 1454 2735 '—
1492 2709 1585 2748 465.
1633 2705 1776 2748 Socra-

300 2781 395 2829 tem,
436 2782 502 2831 qui
533 2781 600 2828 iis,
641 2780 869 2830 quibuscum
899 2779 1154 2830 loquebatur,
1187 2779 1284 2816 nihil
1315 2791 1390 2816 non
1421 2777 1680 2828 persuadebat
1713 2775 1774 2814 vel
