1963 3243
327 203 380 243 92
990 202 1110 242 Plauti
1504 209 1566 253 IV,
1591 211 1624 252 2,
1646 211 1781 245 89-97
1815 225 1817 227 ·
1870 188 1873 190 ⁸

871 331 912 373 M
926 332 937 372 i
950 331 963 372 l
976 346 1001 385 p
1011 331 1039 372 h
1051 331 1064 372 i
1077 332 1126 373 di
1138 347 1164 386 p
1175 347 1202 386 p
1215 347 1241 374 a

329 401 456 451 Perii,
483 406 590 455 quot
615 401 685 443 hic
708 403 801 456 ipse
827 415 962 445 annos
979 404 1112 454 uiuet,
1138 405 1292 457 quoius
1316 404 1393 446 filii
1409 410 1496 447 tam
1515 405 1588 448 diu
1605 406 1778 449 uiuotit!

828 515 1279 570 Pyrgopolinices

328 585 561 628 Postriduo
592 591 721 628 natus
754 601 847 629 sum
879 601 970 641 ego,
1011 588 1176 640 mulier,
1219 603 1347 644 quam
1379 590 1577 645 Iuppiter
1608 605 1659 634 ex
1688 591 1781 647 Ope

705 663 707 665 ’
1413 666 1578 705 natust.

897 753 929 795 P
940 754 990 796 al
1000 768 1026 796 a
1037 769 1059 796 e
1071 769 1090 797 s
1103 756 1212 797 trio

301 840 305 844 ⁷
330 825 374 867 Si
398 825 469 866 hic
494 826 631 879 pridie
656 830 786 867 natus
809 825 922 868 foret
945 840 1073 880 quam
1097 827 1170 869 ille
1195 833 1273 878 est,
1305 827 1375 869 hic
1398 827 1582 871 haberet
1604 843 1780 883 regnum

1408 901 1454 941 in
1483 901 1616 944 caelo.

868 993 933 1034 Mi
944 993 958 1035 1
969 1008 994 1047 p
1004 992 1033 1034 h
1043 994 1057 1034 i
1068 993 1094 1034 d
1106 994 1157 1047 ip
1167 1008 1194 1047 p
1206 1007 1232 1035 a

329 1065 419 1107 Iam
451 1066 535 1107 iam
569 1070 636 1107 sat,
667 1065 821 1106 amabo
854 1070 940 1116 est3
979 1066 1106 1107 sinite
1139 1065 1303 1117 abeam,
1337 1067 1373 1108 si
1405 1080 1593 1121 possum,
1624 1069 1727 1119 uiua
1757 1082 1784 1111 a

1410 1138 1548 1180 uobis.

898 1217 930 1258 P
942 1216 992 1258 al
1003 1230 1059 1259 ae
1071 1231 1091 1259 s
1102 1221 1122 1259 t
1131 1218 1174 1258 ri
1187 1231 1210 1258 o

331 1289 440 1339 Quin
475 1303 578 1342 ergo
610 1288 718 1339 abis,
751 1288 922 1343 quando
954 1289 1281 1342 responsumst?

870 1402 1233 1456 Milphidippa

900 1474 977 1516 Ibo
1009 1479 1141 1528 atque
1171 1475 1291 1516 illam
1321 1476 1406 1518 huc
1437 1476 1661 1525 adducam,
1696 1489 1784 1523 1080

328 1546 514 1601 Propter
544 1560 668 1600 quam
700 1560 833 1612 opera
863 1551 931 1590 est
957 1547 1075 1588 mihi.
1136 1546 1247 1588 Num
1280 1549 1385 1602 quid
1417 1549 1511 1591 uis?

830 1660 1280 1715 Pyrgopolinices

949 1733 1011 1775 Ne
1043 1734 1180 1786 magis
1213 1734 1293 1775 sim
1325 1735 1473 1788 pulcer
1505 1749 1633 1789 quam
1666 1749 1782 1788 sum3

329 1803 398 1846 Ita
429 1819 494 1846 me
527 1818 622 1846 mea
651 1805 790 1847 forma
820 1805 954 1847 habet
985 1805 1232 1847 sollicitum.

901 1919 932 1960 P
944 1920 993 1962 al
1003 1933 1029 1962 a
1039 1933 1061 1961 e
1073 1933 1092 1961 s
1103 1924 1122 1961 t
1132 1920 1212 1961 rio

873 1992 985 2042 Quid
1015 1992 1085 2034 hic
1115 2005 1227 2034 nunc
1260 1996 1352 2034 stas
1361 1993 1381 2034 ἱ)
1414 1994 1517 2047 quin
1547 1994 1641 2037 abis
1650 1995 1670 2036 ἱ)

872 2106 1236 2161 Milphidippa

1650 2164 1783 2208 Abeo.
1809 2159 1811 2161 ’
1879 2164 1882 2169 ’

902 2243 1061 2285 Palae
1073 2257 1092 2285 s
1105 2244 1213 2285 trio

334 2313 472 2366 Atque
491 2314 610 2362 adeo,
628 2315 757 2356 audin
777 2322 823 2356 tu
836 2316 856 2356 ἵ)
875 2315 1005 2357 dicito
1024 2315 1147 2357 docte
1165 2321 1209 2357 et
1226 2316 1414 2366 cordate,
1431 2321 1479 2358 ut
1495 2329 1569 2358 cor
1585 2317 1622 2358 ei
1641 2316 1782 2358 saliat.

333 2383 648 2427 Philocomasio
680 2387 764 2436 dic,
805 2389 840 2429 si
871 2393 938 2430 est
967 2389 1085 2438 istic,
1125 2388 1298 2430 domum
1329 2395 1378 2430 ut
1417 2393 1632 2440 transeat3
1670 2388 1785 2430 hunc
1831 2418 1838 2425 ·

1413 2460 1484 2501 hic
1515 2474 1620 2502 esse.

426 2594 512 2627 1076
538 2593 585 2637 qd
611 2593 646 2627 Β
739 2595 797 2629 cui
822 2594 858 2629 Β
951 2601 1038 2630 sunt
1061 2595 1097 2630 B
1168 2597 1255 2630 1077
1280 2600 1386 2630 natos
1412 2595 1448 2630 Β
1541 2600 1739 2640 exoptuma
1764 2608 1784 2632 e

332 2649 367 2683 Β
473 2652 558 2684 1078
582 2655 693 2685 natus
719 2661 785 2686 om.
815 2651 844 2686 0
948 2654 1034 2687 1079
1067 2653 1158 2688 abea
1190 2653 1259 2687 nisi
1284 2663 1432 2698 possum
1459 2653 1595 2687 adiuua
1619 2653 1725 2688 uobis
1747 2651 1785 2688 Β

427 2708 513 2741 1080
550 2707 650 2743 abeis
682 2707 718 2742 Β
822 2713 860 2743 at
891 2707 927 2743 Β
1034 2710 1116 2743 1081
1156 2721 1266 2754 quam
1305 2720 1370 2744 om.
1477 2709 1630 2754 pulchra
1673 2721 1783 2755 quam

332 2770 398 2797 aua
421 2763 456 2797 B
562 2767 648 2800 1082
674 2765 812 2800 habent
910 2777 1007 2800 nunc
1033 2766 1093 2800 hic
1117 2766 1152 2801 Β
1256 2766 1342 2800 1083
1368 2770 1408 2801 ut
1434 2767 1543 2802 docte
1569 2771 1605 2801 et
1629 2766 1783 2802 cordate

333 2831 438 2854 curas
464 2821 555 2856 aluit
578 2822 612 2856 B
707 2823 792 2857 1084
816 2823 846 2856 si
871 2832 936 2857 om.
960 2823 995 2857 B
1085 2823 1145 2858 hic
1173 2818 1190 2831 ⁶
1238 2823 1308 2858 huc
1331 2822 1367 2857 B
