1963 3243
249 230 296 269 16
926 225 1045 260 Plauti
1481 226 1507 270 Ι,
1534 228 1565 270 2,
1595 215 1726 261 17-'32

243 350 444 393 Officium
474 357 667 393 nostrum
700 357 748 392 ut
778 365 856 392 uos
889 351 1001 392 malo
1035 352 1199 404 cogatis
1232 352 1539 393 conmonerier.

241 423 424 477 [Nempe
448 425 511 465 ita
535 423 713 464 animati
740 423 843 464 estis
871 436 960 471 uos,
991 423 1153 464 uincite
1177 423 1258 464 hoc
1283 423 1446 464 duritia
1471 437 1570 476 ergo
1595 428 1727 478 atque

1257 492 1356 547 me]
1665 507 1728 540 150

244 567 335 609 Hoc
366 567 424 608 sis
456 566 566 616 uide,
599 571 645 606 ut
677 565 783 607 alias
815 579 884 606 res
916 572 1060 618 agunt.
1132 566 1225 607 Hoc
1257 566 1384 618 agite,
1424 565 1506 606 hoc
1537 567 1726 608 animum

1257 637 1489 687 admrtite,

244 709 340 750 Huc
385 708 585 751 adhibete
632 709 748 750 auris
795 723 906 762 quae
953 723 1030 762 ego
1076 709 1249 762 loquar,
1304 709 1528 762 plagigera
1571 723 1730 762 genera

1261 780 1494 821 hominum.

244 852 490 906 Numquam
522 851 673 905 edepol
707 857 904 893 uostrum
938 852 1086 893 durius
1119 856 1287 905 tergum
1321 852 1406 893 erit
1436 866 1567 906 quam
1599 853 1730 905 tergi-

1261 938 1362 965 num
1387 923 1468 965 hoc
1494 938 1635 965 meum
1652 929 1729 965 est.

245 994 357 1045 Quid
387 995 527 1036 nuno?
574 995 774 1036 doletne‘?
822 994 900 1036 Em
931 996 991 1036 sic
1023 995 1172 1046 datur,
1218 996 1254 1037 si
1286 996 1383 1049 quis
1425 1009 1542 1036 erum
1582 1009 1730 1037 seruos

1263 1068 1440 1121 spernit.
1669 1079 1733 1111 154

249 1139 454 1180 Adsistite
480 1151 625 1179 omnes
652 1142 802 1178 contra
829 1152 894 1178 me
922 1142 965 1178 et
990 1152 1100 1192 quae
1125 1138 1280 1193 loquor
1297 1139 1513 1180 aduortite
1531 1139 1731 1180 animum.

247 1210 310 1252 Tu
343 1211 415 1263 qui
446 1224 598 1250 urnam
631 1209 785 1260 habes,
828 1223 985 1262 aquam
1015 1210 1181 1263 ingere3
1219 1209 1312 1250 face
1345 1209 1516 1263 plenum
1548 1209 1730 1252 ahenum

1263 1282 1318 1322 sit
1350 1295 1463 1323 coco.

246 1354 306 1395 Te
339 1367 433 1394 cum
466 1354 603 1394 securi
636 1352 846 1393 caudicali
879 1352 1082 1406 praeficio
1114 1353 1375 1408 prouinciae.

860 1466 1122 1508 Lorarivs

250 1539 305 1580 At
335 1538 441 1580 haec
471 1542 702 1579 retunsast.

904 1623 1080 1666 Ballio

766 1695 864 1737 Sine
895 1697 994 1747 siet3
1025 1695 1176 1737 itidem
1209 1710 1285 1737 uos
1319 1696 1421 1738 estis
1453 1696 1615 1750 plagis3

249 1767 363 1809 Num
395 1768 469 1821 qui
500 1768 639 1809 minus
672 1781 722 1808 ea
752 1768 895 1819 gratia
925 1772 1070 1808 tamen
1103 1768 1290 1809 omnium
1322 1782 1454 1821 opera
1485 1767 1615 1810 utor?

250 1839 346 1881 Tibi
372 1839 453 1881 hoc
477 1840 695 1893 praecipio
721 1846 768 1880 ut
791 1840 960 1881 niteant
984 1839 1132 1890 aedes3
1165 1839 1297 1880 habes
1321 1839 1436 1892 quod
1454 1839 1607 1891 facias3
1639 1853 1736 1894 pro-

1269 1925 1384 1964 pera.
1417 1911 1488 1952 abi
1519 1911 1644 1952 intro.
1674 1922 1738 1955 160

251 1983 315 2024 Tu
347 1987 438 2024 esto
463 1982 808 2024 lectisterniator.
856 1982 920 2024 Tu
947 1986 1170 2036 argentum
1196 1982 1342 2031 eluito,
1375 1982 1488 2024 idem
1513 1983 1735 2024 exstruito.

253 2055 382 2106 Haec,
415 2067 544 2108 quom
577 2069 652 2109 eqo
685 2069 710 2096 a
741 2055 833 2096 foro
858 2062 1066 2103 reuortar‚
1100 2053 1228 2094 facite
1256 2059 1303 2095 ut
1330 2053 1543 2096 offendam
1570 2060 1737 2108 parata,

253 2127 392 2169 Uorsa
423 2141 577 2181 sparsa
607 2132 724 2168 tersa
757 2131 903 2168 strata‘
929 2126 1050 2167 lauta
1081 2130 1331 2178 structaque
1364 2127 1505 2167 omnia
1536 2131 1583 2167 ut
1615 2126 1712 2174 sint,

253 2199 361 2240 Nam
400 2199 503 2240 mihi
542 2198 669 2240 hodie
708 2198 864 2240 natalis
904 2197 994 2239 dies
1027 2203 1112 2248 est3
1161 2197 1284 2239 decet
1329 2211 1425 2239 eum
1464 2197 1613 2239 omnis.
1639 2210 1738 2239 con-

1270 2268 1501 2310 celebrare.

346 2396 407 2428 151
436 2393 515 2429 Hoc
541 2394 665 2429 uideas
692 2394 781 2428 alias
802 2393 850 2436 A,
876 2392 955 2426 Hoc
981 2391 1066 2426 uide
1093 2393 1142 2425 sis
1167 2397 1209 2426 ut
1233 2403 1319 2426 auas
1345 2391 1390 2433 B,
1415 2392 1485 2427 hoc
1510 2391 1667 2427 uidisset
1692 2392 1738 2426 sis

254 2455 291 2484 at
317 2451 405 2485 alias
434 2450 461 2486 0
596 2452 658 2485 152
679 2455 765 2494 post
788 2450 853 2484 153
875 2451 980 2493 ponit
1004 2449 1036 2482 A
1170 2450 1230 2483 153
1257 2460 1327 2493 qua
1352 2448 1386 2483 B
1517 2448 1587 2483 hoc
1615 2459 1680 2483 om.
1707 2449 1740 2482 A

256 2508 320 2541 154
345 2507 413 2550 Qui
437 2507 507 2542 BG
587 2509 649 2542 155
673 2519 731 2541 me
757 2518 847 2551 eque
875 2505 909 2549 O,
936 2517 1102 2550 me.quo
1129 2505 1164 2540 B
1248 2507 1308 2540 156
1335 2506 1435 2549 igere
1460 2505 1494 2539 A
1575 2505 1668 2540 scito
1694 2504 1739 2548 B,

255 2565 330 2598 cito
351 2564 379 2599 C
463 2566 525 2599 158
544 2563 616 2598 LO.
640 2574 704 2599 om.
788 2563 858 2596 BA.
885 2573 949 2597 om.
979 2562 1008 2597 C
1091 2573 1158 2597 uos
1185 2573 1328 2606 quoque
1355 2562 1443 2596 estis
1470 2561 1586 2606 plagis
1613 2572 1740 2596 omnes

259 2622 321 2655 160
347 2621 405 2655 abi
431 2632 497 2655 om.
527 2620 555 2656 C
670 2622 733 2654 162
758 2630 801 2654 eo
918 2622 1091 2654 reuortor
1207 2618 1353 2653 offenda
1379 2618 1407 2653 Ο
1517 2619 1579 2652 163
1605 2617 1740 2653 Uorsas

255 2682 401 2721 praster
426 2680 594 2721 gastrata
619 2676 686 2712 BG
793 2676 967 2720 lautaque
993 2680 1172 2720 coctaque
1198 2675 1321 2709 omnia
1427 2678 1514 2709 sunt
1541 2673 1570 2709 0
1679 2675 1742 2709 164

257 2734 373 2768 omnis
400 2745 468 2767 nos
538 2728 760 2768 coheebrare
785 2731 821 2767 Β
