1963 3243
259 228 311 265 24
935 221 1058 257 Plauti
1492 220 1521 264 1,
1545 221 1576 265 3,
1602 215 1743 256 2142ss

855 346 887 388 P
897 360 916 388 s
927 359 950 388 e
958 361 987 388 u
999 346 1024 388 d
1036 360 1059 387 o
1069 346 1083 387 l
1093 361 1121 388 u
1131 360 1150 388 s

882 417 979 459 Non
1007 417 1110 460 licet
1140 416 1339 470 conloqui
1368 415 1440 458 te?

908 495 942 537 B
952 495 1081 538 allio

259 572 315 613 At
345 569 450 612 mihi
480 583 566 611 non
596 568 729 610 lubet.

855 637 887 680 C
899 637 947 680 al
957 639 971 680 i
983 638 1009 679 d
1021 651 1045 680 o
1055 651 1077 679 r
1085 652 1114 679 u
1125 652 1144 680 s

799 709 873 752 Sin
903 713 1022 750 tuam
1055 713 1123 750 est
1153 709 1375 762 quippiam
1405 709 1449 750 in
1478 722 1569 750 rem
1578 709 1598 750 ⁶?

911 787 1092 829 Ballio

259 862 447 913 Licetne,
482 861 672 911 obsecro,
704 860 842 902 bitere
873 872 928 901 an
957 873 1043 901 non
1073 859 1202 900 licet?
1235 893 1244 896 -

864 937 929 981 Oa
939 937 979 980 zi
989 939 1017 980 d
1026 951 1047 980 o
1056 952 1116 980 ru
1125 951 1146 979 s

1263 1008 1370 1060 Uah,
1677 1021 1748 1055 255

260 1084 424 1126 Manta.

914 1152 948 1193 B
959 1151 1091 1194 allio

488 1226 661 1268 Omitte.

861 1293 893 1336 C
904 1294 976 1336 ali
987 1294 1012 1336 d
1025 1308 1049 1336 o
1060 1308 1081 1335 r
1090 1309 1118 1336 u
1129 1308 1148 1336 s

736 1365 889 1417 Ballio,
923 1365 1036 1407 audi.

913 1452 1095 1494 Ballio

237 1564 242 1569 .
266 1527 429 1570 Surdus
462 1540 556 1569 sum
586 1525 778 1580 profecto
807 1524 940 1565 inani.
999 1522 1105 1576 Logi
1135 1524 1282 1566 istaec.

863 1613 1151 1656 Calidorus

265 1690 388 1741 Dedi,
421 1689 521 1730 dum
552 1688 647 1730 fuit.

919 1758 953 1800 B
964 1757 1096 1800 allio

707 1830 803 1873 Non
835 1835 936 1885 peto
968 1830 1082 1883 quod
1114 1829 1283 1870 dedisti.

866 1920 1153 1963 Calidorus

269 1994 403 2046 Dabo,
435 1993 609 2048 quando
639 1994 732 2035 erit.

920 2063 1098 2105 Ballio

810 2136 980 2186 Ducim,
1014 2135 1185 2188 quando
1217 2133 1413 2176 habebis.

868 2224 1155 2267 Calidorus

271 2299 405 2350 Eheu,
438 2312 565 2353 quam
598 2312 676 2352 ego
707 2298 830 2340 malis
860 2297 1030 2352 perdidi
1061 2296 1200 2338 modis
1686 2305 1755 2339 260

272 2371 394 2422 Quod
426 2371 507 2412 tibi
540 2370 676 2412 detuli
708 2374 750 2411 et
780 2368 897 2424 quod
929 2368 1040 2410 dedi.

924 2446 1100 2488 Ballio

1096 2517 1269 2559 Mortua.

274 2592 418 2634 Uerba
447 2606 494 2634 re
525 2606 636 2634 nunc
668 2591 798 2643 facis,
833 2589 991 2633 stultus
1023 2604 1078 2641 es,
1109 2603 1199 2631 rem
1231 2592 1370 2630 actam
1404 2588 1508 2642 agis.
1578 2608 1583 2613 ·

363 2728 430 2761 254
455 2731 512 2761 est
536 2728 601 2762 om.
629 2725 658 2761 G
776 2726 841 2760 255
866 2725 993 2759 uiuere
1121 2723 1190 2758 CA.
1217 2731 1283 2757 om.
1415 2723 1481 2757 256
1507 2721 1545 2756 P.
1575 2722 1704 2756 omitte
1730 2720 1760 2756 G

274 2785 339 2817 257
365 2783 464 2818 inani
490 2783 647 2827 logistae.
740 2783 807 2816 259
833 2781 948 2816 dicito
973 2780 1009 2815 B
1102 2781 1168 2815 260
1193 2779 1246 2814 He
1271 2779 1344 2814 heu
1455 2779 1521 2812 262
1545 2778 1662 2823 magis
