1963 3243
797 229 838 263 V.
867 230 1053 265 123—133.
1578 234 1659 273 229

169 360 337 397 maxima
367 358 471 397 mala
508 359 702 403 minatur,
750 360 823 396 nisi
863 357 911 395 ab
950 357 1190 396 amatoribus
1228 360 1308 396 suis
1346 361 1519 408 ingentia
1558 360 1662 398 dona

169 431 450 476 extorqueant3
482 425 542 464 hae
573 439 666 464 vero
694 428 731 463 in
759 426 1005 475 proscenium
1025 439 1102 464 non
1119 431 1281 473 exeunt3
1314 427 1417 464 intra
1445 427 1548 464 aedes
1573 441 1659 465 ver-

168 498 298 533 santes
331 494 558 544 alloquitur.
620 493 825 532 Calidorus
858 498 897 530 et
920 493 1138 531 Pseudolus
1169 494 1328 543 paulum
1360 496 1499 532 remoti
1531 497 1661 532 omnia

168 562 344 600 audiunt.
406 561 600 609 Titulum,
640 566 685 599 ut
715 563 839 606 soleo,
881 576 927 599 ex
960 561 990 598 B
1023 564 1209 611 expressi.
1278 562 1352 600 Sed
1387 562 1492 612 quod
1525 563 1576 599 ibi
1609 563 1662 599 le-

168 633 276 680 gitur
307 628 501 668 LORARI
533 629 605 676 IV,
653 629 697 667 R.
733 629 1011 667 animadvertit
1051 643 1085 667 v.
1123 631 1200 667 156
1242 644 1325 680 sqq.
1359 644 1436 667 non
1475 634 1664 679 quattuor

168 698 235 736 sed
267 699 438 748 quinque
469 710 604 735 servos
629 711 839 747 apparere;
872 698 974 734 unde
1000 697 1261 736 LORARIUS
1284 698 1404 736 fuisse
1429 699 1660 747 suspicatur,

169 779 288 816 quum
319 779 421 803 unus
452 770 604 803 tantum
631 766 815 814 loquatur
838 779 874 803 v.
905 767 993 811 158,
1026 770 1222 803 mutarum
1254 770 1383 803 autem
1408 778 1663 815 personarum

166 835 313 871 mentio
369 835 407 870 in
464 846 667 871 scenarum
713 835 968 883 inscriptione
1012 833 1098 871 fieri
1144 847 1220 871 non
1266 834 1411 880 soleat3
1471 833 1566 870 mihi
1619 839 1664 870 ut

166 900 402 939 Dziatzkoni
443 903 575 952 potius
609 901 823 939 LORARII
855 901 886 938 V
919 902 1037 939 fuisse
1070 902 1240 939 videtur.
1329 897 1502 940 Lorarii
1533 905 1662 938 autem

169 971 270 1007 servi
311 969 517 1017 dicuntur,
559 984 595 1007 v.
628 970 677 1007 ad
709 970 828 1007 Merc.
865 971 956 1015 269,
988 983 1035 1006 ne
1067 971 1153 1019 quis
1184 969 1354 1019 Bergkio
1395 969 1529 1007 credat
1561 969 1661 1007 Mus.

169 1038 292 1076 Rhen.
324 1037 398 1075 XX
428 1052 467 1088 p.
505 1039 582 1076 290
615 1038 834 1076 Ballionem
867 1039 996 1087 ipsum
1029 1037 1065 1075 h.
1093 1038 1117 1074 l.
1151 1039 1351 1083 lorarium,
1383 1039 1664 1087 μαστιγοφόρον,

169 1106 361 1156 appellari
392 1108 643 1143 existimanti.

282 1174 482 1212 Canticum
526 1173 596 1211 hoc
642 1169 711 1221 (C,
745 1187 780 1210 v.
813 1173 968 1223 Proleg.
1001 1189 1038 1224 p.
1076 1170 1171 1221 172)
1203 1185 1381 1222 magnam
1414 1179 1566 1223 partem
1600 1187 1662 1222 sy-

169 1244 344 1280 stematis
369 1243 562 1280 continuis
588 1243 845 1292 compositum
873 1246 942 1288 est,
975 1247 1018 1278 ut
1042 1242 1142 1279 vidit
1160 1241 1370 1279 Hermann.
1387 1241 1512 1278 Elem.
1540 1241 1663 1279 doctr.

168 1314 280 1348 metr.
305 1324 344 1360 p.
378 1311 455 1348 184
481 1324 538 1360 sq.
604 1311 796 1348 133—37
835 1310 1026 1347 trochaici
1059 1311 1251 1347 octonarii
1284 1315 1392 1356 sunt3
1433 1309 1665 1360 Spengelius

168 1377 559 1427 Reformvorschlage
608 1391 678 1415 zur
723 1378 871 1415 Metrik
908 1392 944 1428 p.
990 1379 1066 1415 167
1112 1382 1256 1428 praeter
1298 1379 1468 1428 primum
1516 1382 1665 1415 ceteros

171 1448 426 1496 anapaesticos
457 1446 586 1492 habet,
620 1446 737 1496 quod,
770 1448 801 1482 si
826 1450 1085 1494 sequerentur
1109 1447 1310 1495 anapaesti,
1344 1446 1566 1494 probarem,
1598 1445 1665 1483 sed

173 1515 406 1564 adiungitur
451 1511 550 1563 (138
583 1511 660 1564 sq.)
708 1514 967 1551 trochaeorum
1016 1516 1201 1552 continua
1243 1516 1375 1552 series.
1472 1514 1662 1552 140——43

171 1585 362 1621 octonarii
394 1583 596 1629 trochaici,
635 1584 709 1620 144
743 1583 989 1631 septenarius
1021 1595 1106 1619 curn
1131 1582 1322 1627 iambicis,
1356 1583 1422 1630 qui
1447 1586 1666 1630 sequuntur

168 1652 417 1697 coniunctus,
455 1653 643 1689 145—51
672 1651 827 1687 iambici
856 1651 1059 1698 octonarii,
1096 1651 1171 1688 152
1198 1651 1313 1687 iamb.
1332 1651 1578 1698 septenarius
1597 1647 1663 1697 (?)‚

173 1720 247 1758 153
288 1719 403 1757 iamb.
422 1720 658 1764 octonarius,
705 1720 893 1756 154—55
927 1717 1044 1757 iamb.
1064 1719 1287 1768 septenarii,
1326 1719 1515 1756 156—57
1548 1717 1665 1755 iamb.

169 1789 381 1834 octonarii,
432 1788 622 1826 158-59
662 1787 777 1824 iamb.
820 1788 1053 1836 septenarii,
1106 1787 1296 1824 160—67
1343 1787 1533 1823 octonarii
1582 1790 1665 1822 tro-

169 1856 309 1902 chaici,
370 1857 558 1893 168—70
614 1855 770 1892 iambici
823 1855 1034 1900 octonarii,
1102 1856 1175 1892 171
1233 1854 1349 1891 iamb.
1405 1855 1664 1903 septenarius.

173 1925 360 1962 172—83
403 1929 573 1972 systema
612 1923 851 1960 trochaicum
884 1924 1095 1960 octonariis
1136 1922 1366 1971 discriptum
1398 1927 1542 1971 praeter
1571 1922 1664 1958 ulti-

168 2005 294 2038 mum,
343 1992 533 2030 184—86
577 1995 747 2040 systema
795 1990 1002 2028 iambicum
1041 1994 1220 2028 constans
1260 1989 1412 2027 duobus
1452 1990 1667 2027 octonariis

170 2066 208 2097 et
256 2060 423 2097 dimetro
472 2060 722 2103 catalectico,
782 2060 972 2096 187—92
1019 2063 1189 2108 systema
1235 2058 1440 2095 iambicum
1489 2062 1668 2095 constans

170 2130 341 2178 quinque
380 2129 590 2165 octonariis
633 2133 670 2164 et
710 2129 882 2172 senario,
934 2127 1009 2164 193
1049 2126 1174 2164 troch.
1216 2127 1460 2172 octonarius,
1512 2126 1587 2162 194
1628 2129 1668 2161 et

171 2197 220 2234 95
253 2196 412 2234 dimetri
444 2195 568 2232 troch.
603 2195 840 2233 catalectici.
892 2195 968 2232 196
1009 2195 1134 2232 troch.
1161 2195 1423 2243 septenarius,
1475 2193 1665 2230 197—98

168 2265 292 2302 troch.
325 2264 534 2303 octonarii.
586 2264 805 2301 199——200
839 2264 1049 2313 septenarii
1088 2269 1160 2306 tr.,
1209 2263 1312 2309 201,
1352 2263 1383 2299 si
1423 2262 1552 2311 prima
1593 2274 1668 2297 vox

170 2345 256 2370 cum
296 2331 544 2369 antecedenti
585 2333 856 2378 continuatur,
905 2330 1030 2367 troch.
1064 2331 1284 2368 octonarius
1316 2334 1394 2375 est,
1445 2329 1665 2367 202—203

169 2400 359 2438 trochaici
400 2399 557 2436 dimetri
597 2399 829 2444 catalectici,
866 2399 943 2435 204
986 2404 1034 2435 tr.
1068 2399 1303 2443 octonarius,
1340 2398 1418 2434 205
1451 2392 1502 2434 tr.
1535 2403 1666 2446 septe-

170 2469 322 2513 narius,
373 2468 537 2504 206—7
576 2471 658 2504 tres
698 2466 853 2503 iambici
894 2466 1073 2512 dimetri,
1126 2466 1318 2503 209—10
1358 2465 1546 2501 trochaici
1579 2477 1667 2514 scp-

169 2536 323 2581 tenarii,
358 2536 435 2572 211
464 2539 513 2572 tr.
544 2535 781 2579 octonarius,
817 2534 1009 2572 212-14
1036 2533 1225 2571 trochaici
1251 2532 1410 2569 dimetri
1435 2532 1667 2578 catalectici,

171 2604 248 2641 215
280 2608 331 2640 tr.
364 2603 627 2653 septenariuS,
667 2602 745 2638 216
777 2606 826 2639 tr.
860 2603 1096 2645 octonarius,
1131 2601 1325 2638 217—18
1357 2599 1482 2636 troch.
1510 2599 1668 2636 dimetri

171 2671 399 2715 catalectici,
435 2668 533 2718 [219
553 2675 602 2707 tr.
628 2670 863 2714 octonarius,
901 2669 979 2706 220
998 2668 1115 2705 iamb.
1142 2669 1400 2718 septenarius,
1436 2668 1513 2704 221
1542 2667 1667 2705 troch.

171 2740 439 2788 septenarius,
498 2739 575 2775 222
619 2742 667 2774 tr.
709 2738 951 2782 octonarius,
1009 2736 1086 2773 223
1133 2735 1256 2773 troch.
1296 2736 1462 2772 dimeter
1502 2735 1668 2772 catalec-

170 2808 296 2854 ticus,
351 2807 430 2844 224
472 2811 522 2843 tr.
555 2806 817 2854 septenarius,
876 2805 952 2841 225
992 2808 1041 2841 tr.
1083 2803 1249 2841 dimeter
1287 2799 1419 2850 catal]
1504 2803 1582 2840 226
1621 2807 1669 2839 tr.
