1963 3243
112 247 176 290 IV,
207 251 233 292 1,
260 250 393 284 24—32
753 250 965 286 Pseudolus.
1551 259 1600 297 75

771 375 937 418 Simia

794 448 927 489 Immo
962 448 1076 490 mihi.

113 516 198 560 Sed
230 518 341 563 uide,
374 523 551 560 ornatus
585 517 652 560 hic
683 533 748 560 me
781 521 894 560 satin
927 521 1164 562 condecet‘.>

702 613 1006 656 Pseudolus

106 683 294 738 Optume
326 683 456 727 babet
516 684 571 743 At
602 684 700 726 uide
733 699 783 726 ne
815 686 990 728 titubes.

768 797 950 852 [Simia

1059 872 1176 914 Esto.

699 971 999 1016 Pseudolus

105 1042 293 1085 Tantum
322 1043 399 1085 tibi
426 1043 527 1086 boni
552 1044 593 1086 di
620 1045 870 1087 inmortales
896 1045 1033 1098 duint,
1066 1050 1275 1099 quantum
1293 1051 1339 1089 tu
1358 1047 1438 1089 tibi
1457 1054 1597 1102 optes;

105 1113 215 1156 Nam
255 1116 290 1157 si
328 1121 542 1170 exoptem,
593 1121 800 1170 quantum
840 1117 1028 1171 dignu's,
1075 1122 1246 1160 tantum
1287 1119 1410 1169 (lent,
1458 1121 1597 1162 minus

1122 1189 1255 1232 nihilo
1288 1191 1354 1233 sit.
1532 1204 1594 1237 941

105 1257 256 1312 Neque
299 1273 376 1313 ego
415 1259 496 1301 hoc
536 1259 707 1302 homine
747 1274 1009 1316 quemquam
1048 1261 1139 1303 uidi
1180 1264 1313 1316 magis
1356 1263 1514 1305 malum
1555 1269 1598 1306 et

950 1333 1204 1376 maleficum.

770 1435 934 1478 Simia

1264 1493 1358 1536 Tun
1389 1494 1430 1536 id
1463 1495 1595 1536 mihi‘?

700 1579 1004 1622 Pseudolus

100 1648 256 1692 Taceo.
319 1649 402 1692 Sed
436 1664 514 1705 ego
545 1665 674 1705 quam
706 1651 785 1693 tibi
818 1651 931 1694 (lona
961 1651 1075 1694 dabo
1109 1657 1152 1695 et
1181 1652 1361 1703 faciam,
1405 1654 1440 1695 si
1483 1654 1594 1696 hauc

947 1723 1090 1766 sobrie
1121 1738 1212 1766 rem
1243 1724 1542 1780 adcurassisiq

766 1824 930 1868 Simia

103 1894 228 1938 Potin
252 1900 301 1938 ut
324 1896 501 1938 taceas?
532 1909 762 1939 memorem
787 1898 1064 1940 inmemorem
1088 1897 1192 1941 facit
1216 1900 1289 1953 qui
1316 1905 1461 1942 monet
1479 1900 1594 1953 quod

945 1983 1131 2012 memore
1162 1972 1367 2014 meminit.
1527 1984 1592 2017 945

100 2037 249 2081 Teneo
282 2040 446 2092 omnia3
492 2041 536 2082 in
567 2046 742 2095 pectore
774 2041 948 2084 condita
980 2047 1100 2094 sunt3
1146 2043 1345 2085 meditati
1376 2049 1476 2086 sunt
1507 2045 1593 2086 doli

945 2113 1082 2156 docte.

703 2215 1000 2259 Pseudolus

100 2283 271 2327 Probus
304 2290 366 2327 est
397 2285 466 2328 hic
498 2286 637 2350 homo.

759 2390 923 2432 Simia

702 2461 850 2516 Neque
882 2462 951 2503 hic
983 2469 1050 2504 est
1081 2476 1220 2516 neque
1252 2477 1342 2515 ego.

193 2601 259 2636 939
284 2602 374 2636 satis
457 2602 634 2637 condedit
661 2602 689 2637 C
773 2604 840 2637 940
866 2605 913 2638 At
938 2604 1023 2639 uide
1049 2616 1093 2638 ne
1119 2605 1254 2640 titubes
1280 2616 1324 2641 ex
1346 2606 1415 2641 947
1439 2606 1590 2642 adscita.

98 2657 170 2691 940
192 2656 257 2692 PS.
285 2668 351 2693 om.
423 2657 474 2692 dii
499 2659 674 2694 mortales
699 2659 734 2693 B
811 2660 917 2694 diunt
999 2663 1064 2695 942
1090 2667 1147 2696 est
1228 2663 1294 2696 943
1320 2667 1396 2696 tum
1424 2662 1453 2698 C'
1523 2665 1589 2698 944

99 2713 271 2757 quantibi
295 2713 331 2748 B
425 2726 639 2751 accurasses
665 2715 700 2750 B
793 2717 859 2752 945
884 2718 1136 2753 immemoram
1161 2717 1198 2752 B
1289 2730 1431 2753 memor
1523 2722 1589 2754 947

103 2768 248 2805 Probus
272 2770 332 2806 hic
358 2774 415 2806 est
545 2772 673 2807 Ver-sui
697 2772 865 2808 additur:
897 2773 962 2809 PS.
989 2775 1038 2809 At
1062 2775 1145 2809 uide
1170 2785 1216 2809 ne
1241 2775 1388 2810 titubes.
1417 2775 1449 2811 S.
1477 2776 1588 2812 Potin

103 2829 145 2860 ut
168 2830 294 2862 taceas
321 2827 398 2865 (ubi
420 2827 477 2862 Ad
503 2828 535 2862 A
630 2828 699 2863 ude
725 2828 770 2872 B,
798 2829 884 2865 tude
911 2830 939 2865 C'
1030 2831 1109 2875 poti
1137 2842 1225 2881 num
1250 2831 1326 2873 BC)
