<?xml version="1.0" encoding="UTF-8"?>
<!DOCTYPE html PUBLIC "-//W3C//DTD XHTML 1.0 Transitional//EN"
    "http://www.w3.org/TR/xhtml1/DTD/xhtml1-transitional.dtd">
<html xmlns="http://www.w3.org/1999/xhtml" xml:lang="en" lang="en">
 <head>
  <title>
</title>
<meta http-equiv="Content-Type" content="text/html;charset=utf-8" />
  <meta name='ocr-system' content='tesseract 3.04.00' />
  <meta name='ocr-capabilities' content='ocr_page ocr_carea ocr_par ocr_line ocrx_word'/>
</head>
<body>
  <div class='ocr_page' id='page_1' title='image "./comoediaerecensu04plauuoft_0484.png"; bbox 0 0 1963 3243; ppageno 0'>
   <div class='ocr_carea' id='block_1_1' title="bbox 282 215 1764 264">
    <p class='ocr_par' dir='ltr' id='par_1_1' title="bbox 282 215 1764 264">
     <span class='ocr_line' id='line_1_1' title="bbox 282 215 1764 264; baseline -0.003 0"><span class='ocrx_word' id='word_1_1' title='bbox 282 226 300 264; x_wconf 95' lang='lat'>1</span> <span class='ocrx_word' id='word_1_2' title='bbox 311 225 362 264; x_wconf 88' lang='grc'>14</span> <span class='ocrx_word' id='word_1_3' title='bbox 958 223 1080 258; x_wconf 82' lang='lat' dir='ltr'>Plauti</span> <span class='ocrx_word' id='word_1_4' title='bbox 1482 224 1580 260; x_wconf 89' lang='lat' dir='ltr'>Prol.</span> <span class='ocrx_word' id='word_1_5' title='bbox 1604 215 1764 259; x_wconf 75' lang='lat'>78—105</span> 
     </span>
    </p>
   </div>
   <div class='ocr_carea' id='block_1_2' title="bbox 275 346 1766 2334">
    <p class='ocr_par' dir='ltr' id='par_1_2' title="bbox 278 346 1390 392">
     <span class='ocr_line' id='line_1_2' title="bbox 278 346 1390 392; baseline 0.004 -4"><span class='ocrx_word' id='word_1_6' title='bbox 278 347 321 388; x_wconf 87' lang='lat' dir='ltr'>Is</span> <span class='ocrx_word' id='word_1_7' title='bbox 351 346 441 389; x_wconf 90' lang='lat' dir='ltr'>illic</span> <span class='ocrx_word' id='word_1_8' title='bbox 471 347 724 390; x_wconf 85' lang='lat' dir='ltr'>adulescens</span> <span class='ocrx_word' id='word_1_9' title='bbox 756 348 930 390; x_wconf 88' lang='lat' dir='ltr'>habitat</span> <span class='ocrx_word' id='word_1_10' title='bbox 958 349 1002 390; x_wconf 89' lang='lat' dir='ltr'>in</span> <span class='ocrx_word' id='word_1_11' title='bbox 1031 349 1168 391; x_wconf 86' lang='lat' dir='ltr'>illisce</span> <span class='ocrx_word' id='word_1_12' title='bbox 1198 349 1390 392; x_wconf 86' lang='lat' dir='ltr'>aedibus.</span> 
     </span>
    </p>

    <p class='ocr_par' dir='ltr' id='par_1_3' title="bbox 278 419 1189 474">
     <span class='ocr_line' id='line_1_3' title="bbox 278 419 1189 474; baseline 0.003 -15"><span class='ocrx_word' id='word_1_13' title='bbox 278 419 493 461; x_wconf 87' lang='lat' dir='ltr'>Reuortor</span> <span class='ocrx_word' id='word_1_14' title='bbox 522 434 671 461; x_wconf 88' lang='lat' dir='ltr'>rursus</span> <span class='ocrx_word' id='word_1_15' title='bbox 702 420 842 462; x_wconf 91' lang='lat' dir='ltr'>denuo</span> <span class='ocrx_word' id='word_1_16' title='bbox 875 419 1189 474; x_wconf 81' lang='lat' dir='ltr'>Carthaginem.</span> 
     </span>
    </p>

    <p class='ocr_par' dir='ltr' id='par_1_4' title="bbox 278 488 1762 616">
     <span class='ocr_line' id='line_1_4' title="bbox 279 488 1762 544; baseline 0.005 -13"><span class='ocrx_word' id='word_1_17' title='bbox 279 488 322 531; x_wconf 89' lang='lat' dir='ltr'>Si</span> <span class='ocrx_word' id='word_1_18' title='bbox 353 490 457 544; x_wconf 90' lang='lat' dir='ltr'>quid</span> <span class='ocrx_word' id='word_1_19' title='bbox 489 490 696 532; x_wconf 88' lang='lat' dir='ltr'>mandare</span> <span class='ocrx_word' id='word_1_20' title='bbox 726 491 859 533; x_wconf 90' lang='lat' dir='ltr'>uoltis</span> <span class='ocrx_word' id='word_1_21' title='bbox 891 496 967 533; x_wconf 90' lang='lat' dir='ltr'>aut</span> <span class='ocrx_word' id='word_1_22' title='bbox 998 493 1202 543; x_wconf 88' lang='lat' dir='ltr'>curarier,</span> <span class='ocrx_word' id='word_1_23' title='bbox 1715 505 1762 539; x_wconf 83' lang='grc'>80</span> 
     </span>
     <span class='ocr_line' id='line_1_5' title="bbox 278 561 1288 616; baseline 0.004 -15"><span class='ocrx_word' id='word_1_24' title='bbox 278 561 512 614; x_wconf 78' lang='lat' dir='ltr'><strong>Argentum</strong></span> <span class='ocrx_word' id='word_1_25' title='bbox 541 562 623 604; x_wconf 90' lang='lat' dir='ltr'>nisi</span> <span class='ocrx_word' id='word_1_26' title='bbox 655 563 728 616; x_wconf 91' lang='lat' dir='ltr'>qui</span> <span class='ocrx_word' id='word_1_27' title='bbox 760 562 941 614; x_wconf 79' lang='lat' dir='ltr'>dederit,</span> <span class='ocrx_word' id='word_1_28' title='bbox 973 577 1110 616; x_wconf 88' lang='lat' dir='ltr'>nugas</span> <span class='ocrx_word' id='word_1_29' title='bbox 1142 565 1288 616; x_wconf 86' lang='lat' dir='ltr'>egerit,</span> 
     </span>
    </p>

    <p class='ocr_par' dir='ltr' id='par_1_5' title="bbox 277 631 1318 688">
     <span class='ocr_line' id='line_1_6' title="bbox 277 631 1318 688; baseline 0.003 -15"><span class='ocrx_word' id='word_1_30' title='bbox 277 631 438 673; x_wconf 89' lang='lat' dir='ltr'>Uerum</span> <span class='ocrx_word' id='word_1_31' title='bbox 469 633 543 686; x_wconf 93' lang='lat' dir='ltr'>qui</span> <span class='ocrx_word' id='word_1_32' title='bbox 575 633 754 685; x_wconf 79' lang='lat' dir='ltr'>dederit,</span> <span class='ocrx_word' id='word_1_33' title='bbox 786 634 922 686; x_wconf 85' lang='lat' dir='ltr'>magis</span> <span class='ocrx_word' id='word_1_34' title='bbox 952 635 1139 676; x_wconf 89' lang='lat' dir='ltr'>maiores</span> <span class='ocrx_word' id='word_1_35' title='bbox 1171 635 1318 688; x_wconf 87' lang='lat' dir='ltr'>egerit.</span> 
     </span>
    </p>

    <p class='ocr_par' dir='ltr' id='par_1_6' title="bbox 281 702 1240 758">
     <span class='ocr_line' id='line_1_7' title="bbox 281 702 1240 758; baseline 0.003 -14"><span class='ocrx_word' id='word_1_36' title='bbox 281 702 364 744; x_wconf 87' lang='lat' dir='ltr'>Sed</span> <span class='ocrx_word' id='word_1_37' title='bbox 394 703 457 744; x_wconf 89' lang='lat' dir='ltr'>illi</span> <span class='ocrx_word' id='word_1_38' title='bbox 487 708 645 757; x_wconf 87' lang='lat' dir='ltr'>patruo</span> <span class='ocrx_word' id='word_1_39' title='bbox 677 704 819 755; x_wconf 83' lang='lat' dir='ltr'>huius,</span> <span class='ocrx_word' id='word_1_40' title='bbox 851 706 924 758; x_wconf 92' lang='lat' dir='ltr'>qui</span> <span class='ocrx_word' id='word_1_41' title='bbox 955 706 1067 747; x_wconf 89' lang='lat' dir='ltr'>uiuit</span> <span class='ocrx_word' id='word_1_42' title='bbox 1098 720 1240 755; x_wconf 43' lang='lat' dir='ltr'>senem</span> 
     </span>
    </p>

    <p class='ocr_par' dir='ltr' id='par_1_7' title="bbox 279 773 1073 827">
     <span class='ocr_line' id='line_1_8' title="bbox 279 773 1073 827; baseline 0.003 -11"><span class='ocrx_word' id='word_1_43' title='bbox 279 773 624 827; x_wconf 86' lang='lat' dir='ltr'>Carthaginiensi</span> <span class='ocrx_word' id='word_1_44' title='bbox 655 776 764 818; x_wconf 88' lang='lat' dir='ltr'>duae</span> <span class='ocrx_word' id='word_1_45' title='bbox 795 776 913 818; x_wconf 88' lang='lat' dir='ltr'>fuere</span> <span class='ocrx_word' id='word_1_46' title='bbox 944 776 1073 827; x_wconf 87' lang='lat' dir='ltr'>filiae,</span> 
     </span>
    </p>

    <p class='ocr_par' dir='ltr' id='par_1_8' title="bbox 278 845 1764 973">
     <span class='ocr_line' id='line_1_9' title="bbox 278 845 1764 902; baseline 0.003 -16"><span class='ocrx_word' id='word_1_47' title='bbox 278 845 428 888; x_wconf 91' lang='lat' dir='ltr'>Altera</span> <span class='ocrx_word' id='word_1_48' title='bbox 460 847 763 902; x_wconf 90' lang='lat' dir='ltr'>quinquennis,</span> <span class='ocrx_word' id='word_1_49' title='bbox 795 848 936 889; x_wconf 88' lang='lat' dir='ltr'>altera</span> <span class='ocrx_word' id='word_1_50' title='bbox 967 848 1253 902; x_wconf 87' lang='lat' dir='ltr'>quadrimula.</span> <span class='ocrx_word' id='word_1_51' title='bbox 1459 897 1463 899; x_wconf 30' lang='grc'><em>,</em></span> <span class='ocrx_word' id='word_1_52' title='bbox 1717 861 1764 895; x_wconf 81' lang='lat'>85</span> 
     </span>
     <span class='ocr_line' id='line_1_10' title="bbox 279 916 1244 973; baseline 0.002 -15"><span class='ocrx_word' id='word_1_53' title='bbox 279 916 385 958; x_wconf 87' lang='lat' dir='ltr'>Cum</span> <span class='ocrx_word' id='word_1_54' title='bbox 415 919 581 961; x_wconf 89' lang='lat' dir='ltr'>nutrice</span> <span class='ocrx_word' id='word_1_55' title='bbox 612 933 700 960; x_wconf 90' lang='lat' dir='ltr'>una</span> <span class='ocrx_word' id='word_1_56' title='bbox 730 920 895 973; x_wconf 89' lang='lat' dir='ltr'>periere</span> <span class='ocrx_word' id='word_1_57' title='bbox 927 933 952 960; x_wconf 87' lang='lat' dir='ltr'>a</span> <span class='ocrx_word' id='word_1_58' title='bbox 982 919 1244 972; x_wconf 86' lang='lat' dir='ltr'>Magaribus.</span> 
     </span>
    </p>

    <p class='ocr_par' dir='ltr' id='par_1_9' title="bbox 277 988 1333 1045">
     <span class='ocr_line' id='line_1_11' title="bbox 277 988 1333 1045; baseline 0.004 -16"><span class='ocrx_word' id='word_1_59' title='bbox 277 988 364 1030; x_wconf 88' lang='lat' dir='ltr'>Eas</span> <span class='ocrx_word' id='word_1_60' title='bbox 397 990 469 1043; x_wconf 90' lang='lat' dir='ltr'>qui</span> <span class='ocrx_word' id='word_1_61' title='bbox 500 989 724 1045; x_wconf 86' lang='lat' dir='ltr'>subripuit,</span> <span class='ocrx_word' id='word_1_62' title='bbox 756 991 800 1032; x_wconf 90' lang='lat' dir='ltr'>in</span> <span class='ocrx_word' id='word_1_63' title='bbox 830 992 1109 1032; x_wconf 84' lang='lat' dir='ltr'>Anactorium</span> <span class='ocrx_word' id='word_1_64' title='bbox 1141 991 1333 1043; x_wconf 84' lang='lat' dir='ltr'>deuehit3</span> 
     </span>
    </p>

    <p class='ocr_par' dir='ltr' id='par_1_10' title="bbox 277 1059 1346 1116">
     <span class='ocr_line' id='line_1_12' title="bbox 277 1059 1346 1116; baseline 0.003 -16"><span class='ocrx_word' id='word_1_65' title='bbox 277 1059 436 1102; x_wconf 91' lang='lat' dir='ltr'>Uendit</span> <span class='ocrx_word' id='word_1_66' title='bbox 467 1074 542 1103; x_wconf 89' lang='lat' dir='ltr'>eas</span> <span class='ocrx_word' id='word_1_67' title='bbox 574 1063 726 1113; x_wconf 92' lang='lat' dir='ltr'>omnis,</span> <span class='ocrx_word' id='word_1_68' title='bbox 757 1066 800 1103; x_wconf 92' lang='lat' dir='ltr'>et</span> <span class='ocrx_word' id='word_1_69' title='bbox 829 1063 1042 1104; x_wconf 90' lang='lat' dir='ltr'>nutricem</span> <span class='ocrx_word' id='word_1_70' title='bbox 1074 1067 1116 1104; x_wconf 87' lang='lat' dir='ltr'>et</span> <span class='ocrx_word' id='word_1_71' title='bbox 1145 1063 1346 1116; x_wconf 88' lang='lat' dir='ltr'>uirgines,</span> 
     </span>
    </p>

    <p class='ocr_par' dir='ltr' id='par_1_11' title="bbox 276 1131 1382 1187">
     <span class='ocr_line' id='line_1_13' title="bbox 276 1131 1382 1187; baseline 0.004 -15"><span class='ocrx_word' id='word_1_72' title='bbox 276 1131 502 1173; x_wconf 87' lang='lat' dir='ltr'>Praesenti</span> <span class='ocrx_word' id='word_1_73' title='bbox 532 1138 713 1187; x_wconf 88' lang='lat' dir='ltr'>argento</span> <span class='ocrx_word' id='word_1_74' title='bbox 745 1133 918 1186; x_wconf 90' lang='lat' dir='ltr'>homini,</span> <span class='ocrx_word' id='word_1_75' title='bbox 951 1135 987 1175; x_wconf 90' lang='lat' dir='ltr'>si</span> <span class='ocrx_word' id='word_1_76' title='bbox 1018 1134 1115 1175; x_wconf 92' lang='lat' dir='ltr'>leno</span> <span class='ocrx_word' id='word_1_77' title='bbox 1147 1139 1213 1175; x_wconf 88' lang='lat' dir='ltr'>est</span> <span class='ocrx_word' id='word_1_78' title='bbox 1242 1134 1382 1186; x_wconf 89' lang='lat' dir='ltr'>homo,</span> 
     </span>
    </p>

    <p class='ocr_par' dir='ltr' id='par_1_12' title="bbox 275 1202 1763 1328">
     <span class='ocr_line' id='line_1_14' title="bbox 277 1202 1763 1256; baseline 0.003 -12"><span class='ocrx_word' id='word_1_79' title='bbox 277 1202 496 1253; x_wconf 84' lang='lat' dir='ltr'>Quantum</span> <span class='ocrx_word' id='word_1_80' title='bbox 526 1205 749 1246; x_wconf 89' lang='lat' dir='ltr'>hominum</span> <span class='ocrx_word' id='word_1_81' title='bbox 779 1210 897 1247; x_wconf 87' lang='lat' dir='ltr'>terra</span> <span class='ocrx_word' id='word_1_82' title='bbox 928 1206 1125 1256; x_wconf 90' lang='lat' dir='ltr'>sustinet,</span> <span class='ocrx_word' id='word_1_83' title='bbox 1157 1219 1414 1248; x_wconf 87' lang='lat' dir='ltr'>sacerrumo.</span> <span class='ocrx_word' id='word_1_84' title='bbox 1716 1220 1763 1254; x_wconf 88' lang='lat'>90</span> 
     </span>
     <span class='ocr_line' id='line_1_15' title="bbox 275 1273 1319 1328; baseline 0.003 -12"><span class='ocrx_word' id='word_1_85' title='bbox 275 1273 459 1316; x_wconf 84' lang='lat' dir='ltr'>Uosmet</span> <span class='ocrx_word' id='word_1_86' title='bbox 488 1289 601 1317; x_wconf 90' lang='lat' dir='ltr'>nunc</span> <span class='ocrx_word' id='word_1_87' title='bbox 630 1275 762 1318; x_wconf 86' lang='lat' dir='ltr'>facite</span> <span class='ocrx_word' id='word_1_88' title='bbox 794 1277 1085 1318; x_wconf 88' lang='lat' dir='ltr'>coniecturam</span> <span class='ocrx_word' id='word_1_89' title='bbox 1116 1281 1319 1328; x_wconf 89' lang='lat' dir='ltr'>ceterum,</span> 
     </span>
    </p>

    <p class='ocr_par' dir='ltr' id='par_1_13' title="bbox 278 1345 1369 1402">
     <span class='ocr_line' id='line_1_16' title="bbox 278 1345 1369 1402; baseline 0.004 -16"><span class='ocrx_word' id='word_1_90' title='bbox 278 1345 392 1396; x_wconf 86' lang='lat' dir='ltr'>Quid</span> <span class='ocrx_word' id='word_1_91' title='bbox 422 1346 466 1387; x_wconf 90' lang='lat' dir='ltr'>id</span> <span class='ocrx_word' id='word_1_92' title='bbox 499 1347 554 1389; x_wconf 91' lang='lat' dir='ltr'>sit</span> <span class='ocrx_word' id='word_1_93' title='bbox 583 1347 778 1398; x_wconf 81' lang='lat' dir='ltr'>hominis,</span> <span class='ocrx_word' id='word_1_94' title='bbox 813 1350 915 1402; x_wconf 91' lang='lat' dir='ltr'>quoi</span> <span class='ocrx_word' id='word_1_95' title='bbox 947 1348 1059 1402; x_wconf 83' lang='lat' dir='ltr'>Lyco</span> <span class='ocrx_word' id='word_1_96' title='bbox 1090 1363 1245 1390; x_wconf 90' lang='lat' dir='ltr'>nomen</span> <span class='ocrx_word' id='word_1_97' title='bbox 1276 1349 1369 1391; x_wconf 84' lang='lat' dir='ltr'>siet.</span> 
     </span>
    </p>

    <p class='ocr_par' dir='ltr' id='par_1_14' title="bbox 276 1417 1255 1474">
     <span class='ocr_line' id='line_1_17' title="bbox 276 1417 1255 1474; baseline 0.004 -16"><span class='ocrx_word' id='word_1_98' title='bbox 276 1417 318 1459; x_wconf 93' lang='lat' dir='ltr'>Is</span> <span class='ocrx_word' id='word_1_99' title='bbox 352 1432 402 1459; x_wconf 85' lang='lat' dir='ltr'>ex</span> <span class='ocrx_word' id='word_1_100' title='bbox 432 1419 677 1471; x_wconf 89' lang='lat' dir='ltr'>Anactorio,</span> <span class='ocrx_word' id='word_1_101' title='bbox 709 1420 785 1461; x_wconf 93' lang='lat' dir='ltr'>ubi</span> <span class='ocrx_word' id='word_1_102' title='bbox 815 1421 934 1474; x_wconf 89' lang='lat' dir='ltr'>prius</span> <span class='ocrx_word' id='word_1_103' title='bbox 965 1420 1255 1472; x_wconf 88' lang='lat' dir='ltr'>habitauerat,</span> 
     </span>
    </p>

    <p class='ocr_par' dir='ltr' id='par_1_15' title="bbox 275 1489 1306 1546">
     <span class='ocr_line' id='line_1_18' title="bbox 275 1489 1306 1546; baseline 0.004 -16"><span class='ocrx_word' id='word_1_104' title='bbox 275 1489 371 1531; x_wconf 90' lang='lat' dir='ltr'>Huc</span> <span class='ocrx_word' id='word_1_105' title='bbox 402 1492 687 1545; x_wconf 87' lang='lat' dir='ltr'>conmigrauit</span> <span class='ocrx_word' id='word_1_106' title='bbox 716 1492 761 1533; x_wconf 90' lang='lat' dir='ltr'>in</span> <span class='ocrx_word' id='word_1_107' title='bbox 792 1490 1053 1546; x_wconf 82' lang='lat' dir='ltr'>Calydonem</span> <span class='ocrx_word' id='word_1_108' title='bbox 1084 1492 1205 1534; x_wconf 80' lang='lat' dir='ltr'>haud</span> <span class='ocrx_word' id='word_1_109' title='bbox 1234 1492 1306 1534; x_wconf 90' lang='lat' dir='ltr'>diu</span> 
     </span>
    </p>

    <p class='ocr_par' dir='ltr' id='par_1_16' title="bbox 276 1561 1764 1690">
     <span class='ocr_line' id='line_1_19' title="bbox 276 1561 1764 1616; baseline 0.005 -14"><span class='ocrx_word' id='word_1_110' title='bbox 276 1561 350 1603; x_wconf 80' lang='lat' dir='ltr'>Sui</span> <span class='ocrx_word' id='word_1_111' title='bbox 382 1563 553 1616; x_wconf 85' lang='lat' dir='ltr'>quaesti</span> <span class='ocrx_word' id='word_1_112' title='bbox 585 1577 737 1615; x_wconf 82' lang='lat' dir='ltr'>causa3</span> <span class='ocrx_word' id='word_1_113' title='bbox 769 1564 806 1605; x_wconf 89' lang='lat' dir='ltr'>is</span> <span class='ocrx_word' id='word_1_114' title='bbox 837 1565 880 1605; x_wconf 94' lang='lat' dir='ltr'>in</span> <span class='ocrx_word' id='word_1_115' title='bbox 911 1564 996 1605; x_wconf 85' lang='lat' dir='ltr'>illis</span> <span class='ocrx_word' id='word_1_116' title='bbox 1027 1563 1200 1605; x_wconf 87' lang='lat' dir='ltr'>habitat</span> <span class='ocrx_word' id='word_1_117' title='bbox 1230 1563 1422 1606; x_wconf 88' lang='lat' dir='ltr'>aedibus.</span> <span class='ocrx_word' id='word_1_118' title='bbox 1718 1576 1764 1610; x_wconf 82' lang='grc'>95</span> 
     </span>
     <span class='ocr_line' id='line_1_20' title="bbox 276 1633 1418 1690; baseline 0.003 -16"><span class='ocrx_word' id='word_1_119' title='bbox 276 1633 436 1675; x_wconf 91' lang='lat' dir='ltr'>Earum</span> <span class='ocrx_word' id='word_1_120' title='bbox 468 1633 537 1676; x_wconf 90' lang='lat' dir='ltr'>hic</span> <span class='ocrx_word' id='word_1_121' title='bbox 569 1635 827 1677; x_wconf 88' lang='lat' dir='ltr'>adulescens</span> <span class='ocrx_word' id='word_1_122' title='bbox 858 1636 1041 1677; x_wconf 90' lang='lat' dir='ltr'>alteram</span> <span class='ocrx_word' id='word_1_123' title='bbox 1073 1634 1272 1677; x_wconf 88' lang='lat' dir='ltr'>ecflictim</span> <span class='ocrx_word' id='word_1_124' title='bbox 1303 1636 1418 1690; x_wconf 87' lang='lat' dir='ltr'>perit</span> 
     </span>
    </p>

    <p class='ocr_par' dir='ltr' id='par_1_17' title="bbox 275 1703 1611 1905">
     <span class='ocr_line' id='line_1_21' title="bbox 277 1703 1611 1761; baseline 0.002 -15"><span class='ocrx_word' id='word_1_125' title='bbox 277 1703 407 1746; x_wconf 89' lang='lat' dir='ltr'>Suam</span> <span class='ocrx_word' id='word_1_126' title='bbox 439 1705 521 1747; x_wconf 89' lang='lat' dir='ltr'>sibi</span> <span class='ocrx_word' id='word_1_127' title='bbox 553 1712 782 1759; x_wconf 88' lang='lat' dir='ltr'>cognatam</span> <span class='ocrx_word' id='word_1_128' title='bbox 811 1707 1046 1761; x_wconf 89' lang='lat' dir='ltr'>inprudens</span> <span class='ocrx_word' id='word_1_129' title='bbox 1077 1721 1216 1761; x_wconf 91' lang='lat' dir='ltr'>neque</span> <span class='ocrx_word' id='word_1_130' title='bbox 1249 1707 1342 1758; x_wconf 90' lang='lat' dir='ltr'>scit,</span> <span class='ocrx_word' id='word_1_131' title='bbox 1375 1720 1485 1761; x_wconf 90' lang='lat' dir='ltr'>quae</span> <span class='ocrx_word' id='word_1_132' title='bbox 1516 1707 1611 1749; x_wconf 87' lang='lat' dir='ltr'>siet.</span> 
     </span>
     <span class='ocr_line' id='line_1_22' title="bbox 275 1776 1582 1832; baseline 0.003 -15"><span class='ocrx_word' id='word_1_133' title='bbox 275 1776 426 1830; x_wconf 88' lang='lat' dir='ltr'>Neque</span> <span class='ocrx_word' id='word_1_134' title='bbox 459 1791 552 1819; x_wconf 91' lang='lat' dir='ltr'>eam</span> <span class='ocrx_word' id='word_1_135' title='bbox 583 1793 786 1832; x_wconf 90' lang='lat' dir='ltr'>umquam</span> <span class='ocrx_word' id='word_1_136' title='bbox 817 1780 983 1832; x_wconf 82' lang='lat' dir='ltr'>tetigit3</span> <span class='ocrx_word' id='word_1_137' title='bbox 1016 1780 1077 1819; x_wconf 86' lang='lat' dir='ltr'>ita</span> <span class='ocrx_word' id='word_1_138' title='bbox 1109 1793 1206 1820; x_wconf 90' lang='lat' dir='ltr'>eum</span> <span class='ocrx_word' id='word_1_139' title='bbox 1236 1779 1335 1821; x_wconf 92' lang='lat' dir='ltr'>leno</span> <span class='ocrx_word' id='word_1_140' title='bbox 1369 1783 1582 1831; x_wconf 81' lang='lat' dir='ltr'>macerat3</span> 
     </span>
     <span class='ocr_line' id='line_1_23' title="bbox 277 1846 1490 1905; baseline 0.002 -16"><span class='ocrx_word' id='word_1_141' title='bbox 277 1846 444 1902; x_wconf 88' lang='lat' dir='ltr'>[Neque</span> <span class='ocrx_word' id='word_1_142' title='bbox 477 1851 708 1903; x_wconf 89' lang='lat' dir='ltr'>quicquam</span> <span class='ocrx_word' id='word_1_143' title='bbox 739 1865 836 1892; x_wconf 91' lang='lat' dir='ltr'>cum</span> <span class='ocrx_word' id='word_1_144' title='bbox 868 1865 919 1892; x_wconf 91' lang='lat' dir='ltr'>ea</span> <span class='ocrx_word' id='word_1_145' title='bbox 950 1850 1054 1892; x_wconf 85' lang='lat' dir='ltr'>fecit</span> <span class='ocrx_word' id='word_1_146' title='bbox 1085 1851 1320 1892; x_wconf 86' lang='lat' dir='ltr'>etiamnum</span> <span class='ocrx_word' id='word_1_147' title='bbox 1351 1851 1490 1905; x_wconf 86' lang='lat' dir='ltr'>stupri</span> 
     </span>
    </p>

    <p class='ocr_par' dir='ltr' id='par_1_18' title="bbox 275 1919 1766 2051">
     <span class='ocr_line' id='line_1_24' title="bbox 275 1919 1766 1977; baseline 0.004 -17"><span class='ocrx_word' id='word_1_148' title='bbox 275 1919 424 1974; x_wconf 87' lang='lat' dir='ltr'>Neque</span> <span class='ocrx_word' id='word_1_149' title='bbox 456 1922 577 1963; x_wconf 81' lang='lat' dir='ltr'>duxit</span> <span class='ocrx_word' id='word_1_150' title='bbox 608 1936 814 1975; x_wconf 91' lang='lat' dir='ltr'>umquam</span> <span class='ocrx_word' id='word_1_151' title='bbox 845 1936 983 1977; x_wconf 91' lang='lat' dir='ltr'>neque</span> <span class='ocrx_word' id='word_1_152' title='bbox 1013 1922 1086 1964; x_wconf 89' lang='lat' dir='ltr'>ille</span> <span class='ocrx_word' id='word_1_153' title='bbox 1118 1922 1257 1964; x_wconf 91' lang='lat' dir='ltr'>uoluit</span> <span class='ocrx_word' id='word_1_154' title='bbox 1287 1923 1459 1964; x_wconf 85' lang='lat' dir='ltr'>mittere</span> <span class='ocrx_word' id='word_1_155' title='bbox 1474 1920 1501 1975; x_wconf 82' lang='lat'>3]</span> <span class='ocrx_word' id='word_1_156' title='bbox 1699 1933 1766 1966; x_wconf 88' lang='grc'>100</span> 
     </span>
     <span class='ocr_line' id='line_1_25' title="bbox 278 1991 1467 2051; baseline 0.001 -18"><span class='ocrx_word' id='word_1_157' title='bbox 278 1991 388 2041; x_wconf 87' lang='lat' dir='ltr'>Quia</span> <span class='ocrx_word' id='word_1_158' title='bbox 420 2006 565 2035; x_wconf 89' lang='lat' dir='ltr'>amare</span> <span class='ocrx_word' id='word_1_159' title='bbox 597 1994 745 2044; x_wconf 88' lang='lat' dir='ltr'>cernit,</span> <span class='ocrx_word' id='word_1_160' title='bbox 778 1998 955 2047; x_wconf 88' lang='lat' dir='ltr'>tangere</span> <span class='ocrx_word' id='word_1_161' title='bbox 987 1993 1201 2051; x_wconf 42' lang='lat' dir='ltr'>hom-inem</span> <span class='ocrx_word' id='word_1_162' title='bbox 1233 1994 1326 2035; x_wconf 90' lang='lat' dir='ltr'>uolt</span> <span class='ocrx_word' id='word_1_163' title='bbox 1356 1993 1467 2036; x_wconf 90' lang='lat' dir='ltr'>bolo.</span> 
     </span>
    </p>

    <p class='ocr_par' dir='ltr' id='par_1_19' title="bbox 275 2063 1197 2107">
     <span class='ocr_line' id='line_1_26' title="bbox 275 2063 1197 2107; baseline 0.001 -3"><span class='ocrx_word' id='word_1_164' title='bbox 275 2063 400 2105; x_wconf 88' lang='lat' dir='ltr'>Illam</span> <span class='ocrx_word' id='word_1_165' title='bbox 432 2065 641 2107; x_wconf 88' lang='lat' dir='ltr'>minorem</span> <span class='ocrx_word' id='word_1_166' title='bbox 672 2066 714 2106; x_wconf 89' lang='lat' dir='ltr'>in</span> <span class='ocrx_word' id='word_1_167' title='bbox 747 2066 1081 2107; x_wconf 89' lang='lat' dir='ltr'>concubinatum</span> <span class='ocrx_word' id='word_1_168' title='bbox 1115 2064 1197 2107; x_wconf 89' lang='lat' dir='ltr'>sibi</span> 
     </span>
    </p>

    <p class='ocr_par' dir='ltr' id='par_1_20' title="bbox 276 2135 1388 2191">
     <span class='ocr_line' id='line_1_27' title="bbox 276 2135 1388 2191; baseline 0 -14"><span class='ocrx_word' id='word_1_169' title='bbox 276 2135 378 2177; x_wconf 84' lang='lat' dir='ltr'>Uolt</span> <span class='ocrx_word' id='word_1_170' title='bbox 409 2150 547 2178; x_wconf 91' lang='lat' dir='ltr'>emere</span> <span class='ocrx_word' id='word_1_171' title='bbox 580 2137 701 2178; x_wconf 89' lang='lat' dir='ltr'>miles</span> <span class='ocrx_word' id='word_1_172' title='bbox 734 2137 920 2191; x_wconf 84' lang='lat' dir='ltr'>quidam,</span> <span class='ocrx_word' id='word_1_173' title='bbox 955 2138 1028 2190; x_wconf 90' lang='lat' dir='ltr'>qui</span> <span class='ocrx_word' id='word_1_174' title='bbox 1058 2137 1178 2178; x_wconf 89' lang='lat' dir='ltr'>illam</span> <span class='ocrx_word' id='word_1_175' title='bbox 1210 2137 1388 2190; x_wconf 88' lang='lat' dir='ltr'>deperit.</span> 
     </span>
    </p>

    <p class='ocr_par' dir='ltr' id='par_1_21' title="bbox 277 2207 1515 2262">
     <span class='ocr_line' id='line_1_28' title="bbox 277 2207 1515 2262; baseline 0.001 -14"><span class='ocrx_word' id='word_1_176' title='bbox 277 2207 359 2249; x_wconf 85' lang='lat' dir='ltr'>Sed</span> <span class='ocrx_word' id='word_1_177' title='bbox 391 2211 516 2261; x_wconf 89' lang='lat' dir='ltr'>pater</span> <span class='ocrx_word' id='word_1_178' title='bbox 546 2208 713 2249; x_wconf 77' lang='lat' dir='ltr'>illarum</span> <span class='ocrx_word' id='word_1_179' title='bbox 746 2208 914 2250; x_wconf 91' lang='lat' dir='ltr'>Poenus</span> <span class='ocrx_word' id='word_1_180' title='bbox 946 2213 1177 2262; x_wconf 90' lang='lat' dir='ltr'>postquam</span> <span class='ocrx_word' id='word_1_181' title='bbox 1209 2222 1280 2250; x_wconf 90' lang='lat' dir='ltr'>eas</span> <span class='ocrx_word' id='word_1_182' title='bbox 1312 2207 1515 2262; x_wconf 86' lang='lat' dir='ltr'>perdidit,</span> 
     </span>
    </p>

    <p class='ocr_par' dir='ltr' id='par_1_22' title="bbox 275 2279 1763 2334">
     <span class='ocr_line' id='line_1_29' title="bbox 275 2279 1763 2334; baseline 0.001 -13"><span class='ocrx_word' id='word_1_183' title='bbox 275 2279 384 2320; x_wconf 89' lang='lat' dir='ltr'>Mari</span> <span class='ocrx_word' id='word_1_184' title='bbox 415 2284 611 2333; x_wconf 74' lang='lat' dir='ltr'>terraque</span> <span class='ocrx_word' id='word_1_185' title='bbox 641 2294 774 2332; x_wconf 88' lang='lat' dir='ltr'>usque</span> <span class='ocrx_word' id='word_1_186' title='bbox 805 2294 979 2334; x_wconf 91' lang='lat' dir='ltr'>quaque</span> <span class='ocrx_word' id='word_1_187' title='bbox 1011 2280 1243 2332; x_wconf 87' lang='lat' dir='ltr'>quaeritat.</span> <span class='ocrx_word' id='word_1_188' title='bbox 1697 2289 1763 2323; x_wconf 88' lang='lat'>105</span> 
     </span>
    </p>
   </div>
   <div class='ocr_carea' id='block_1_3' title="bbox 283 2356 419 2361">
    <p class='ocr_par' dir='ltr' id='par_1_23' title="bbox 283 2356 419 2361">
     <span class='ocr_line' id='line_1_30' title="bbox 283 2356 419 2361; baseline 0 0"><span class='ocrx_word' id='word_1_189' title='bbox 283 2356 419 2361; x_wconf 95' lang='lat' dir='ltr'> </span> 
     </span>
    </p>
   </div>
   <div class='ocr_carea' id='block_1_4' title="bbox 275 2387 1765 2714">
    <p class='ocr_par' dir='ltr' id='par_1_24' title="bbox 275 2387 1765 2714">
     <span class='ocr_line' id='line_1_31' title="bbox 365 2387 1761 2432; baseline 0.001 -11"><span class='ocrx_word' id='word_1_190' title='bbox 365 2389 410 2422; x_wconf 85' lang='lat'>78</span> <span class='ocrx_word' id='word_1_191' title='bbox 433 2388 506 2422; x_wconf 87' lang='lat' dir='ltr'>illis</span> <span class='ocrx_word' id='word_1_192' title='bbox 533 2399 596 2423; x_wconf 88' lang='lat' dir='ltr'>cae</span> <span class='ocrx_word' id='word_1_193' title='bbox 622 2399 686 2423; x_wconf 84' lang='lat' dir='ltr'>cae</span> <span class='ocrx_word' id='word_1_194' title='bbox 712 2388 840 2423; x_wconf 86' lang='lat' dir='ltr'>diebus</span> <span class='ocrx_word' id='word_1_195' title='bbox 865 2387 902 2422; x_wconf 95' lang='grc' dir='ltr'><em>Β</em></span> <span class='ocrx_word' id='word_1_196' title='bbox 1007 2389 1050 2422; x_wconf 85' lang='grc'>80</span> <span class='ocrx_word' id='word_1_197' title='bbox 1077 2388 1106 2422; x_wconf 84' lang='lat' dir='ltr'>si</span> <span class='ocrx_word' id='word_1_198' title='bbox 1132 2388 1212 2432; x_wconf 85' lang='lat' dir='ltr'>quit</span> <span class='ocrx_word' id='word_1_199' title='bbox 1237 2387 1433 2422; x_wconf 82' lang='lat' dir='ltr'>amandare</span> <span class='ocrx_word' id='word_1_200' title='bbox 1537 2389 1581 2422; x_wconf 82' lang='lat'>82</span> <span class='ocrx_word' id='word_1_201' title='bbox 1603 2387 1761 2422; x_wconf 75' lang='lat' dir='ltr'>maiores</span> 
     </span>
     <span class='ocr_line' id='line_1_32' title="bbox 275 2443 1762 2489; baseline 0 -11"><span class='ocrx_word' id='word_1_202' title='bbox 275 2456 391 2489; x_wconf 86' lang='lat' dir='ltr'>nugas</span> <span class='ocrx_word' id='word_1_203' title='bbox 417 2445 536 2488; x_wconf 87' lang='lat' dir='ltr'>egerit</span> <span class='ocrx_word' id='word_1_204' title='bbox 634 2446 678 2479; x_wconf 85' lang='grc'>84</span> <span class='ocrx_word' id='word_1_205' title='bbox 703 2445 796 2480; x_wconf 84' lang='lat' dir='ltr'>duae</span> <span class='ocrx_word' id='word_1_206' title='bbox 820 2444 924 2479; x_wconf 89' lang='lat' dir='ltr'>filere</span> <span class='ocrx_word' id='word_1_207' title='bbox 948 2443 1043 2479; x_wconf 87' lang='lat' dir='ltr'>filiae</span> <span class='ocrx_word' id='word_1_208' title='bbox 1062 2443 1099 2478; x_wconf 98' lang='grc' dir='ltr'><em>Β</em></span> <span class='ocrx_word' id='word_1_209' title='bbox 1203 2445 1247 2479; x_wconf 88' lang='grc'>86</span> <span class='ocrx_word' id='word_1_210' title='bbox 1272 2443 1389 2487; x_wconf 81' lang='lat' dir='ltr'>Quom</span> <span class='ocrx_word' id='word_1_211' title='bbox 1407 2444 1443 2478; x_wconf 93' lang='grc' dir='ltr'><em>Β</em></span> <span class='ocrx_word' id='word_1_212' title='bbox 1545 2445 1589 2479; x_wconf 80' lang='grc'>87</span> <span class='ocrx_word' id='word_1_213' title='bbox 1613 2444 1762 2479; x_wconf 74' lang='lat' dir='ltr'>inanao·</span> 
     </span>
     <span class='ocr_line' id='line_1_33' title="bbox 275 2499 1762 2544; baseline 0 -9"><span class='ocrx_word' id='word_1_214' title='bbox 275 2500 460 2536; x_wconf 85' lang='lat' dir='ltr'>toriumB</span> <span class='ocrx_word' id='word_1_215' title='bbox 541 2502 584 2535; x_wconf 89' lang='grc'>88</span> <span class='ocrx_word' id='word_1_216' title='bbox 608 2500 927 2538; x_wconf 78' lang='lat' dir='ltr'>Uendite,asomis</span> <span class='ocrx_word' id='word_1_217' title='bbox 954 2505 990 2535; x_wconf 85' lang='lat' dir='ltr'>et</span> <span class='ocrx_word' id='word_1_218' title='bbox 1009 2500 1054 2544; x_wconf 90' lang='grc' dir='ltr'>Β,</span> <span class='ocrx_word' id='word_1_219' title='bbox 1082 2501 1233 2536; x_wconf 84' lang='lat' dir='ltr'>uendite</span> <span class='ocrx_word' id='word_1_220' title='bbox 1251 2501 1285 2535; x_wconf 82' lang='lat' dir='ltr'>A</span> <span class='ocrx_word' id='word_1_221' title='bbox 1311 2501 1450 2536; x_wconf 77' lang='lat' dir='ltr'>somnis</span> <span class='ocrx_word' id='word_1_222' title='bbox 1475 2512 1495 2535; x_wconf 93' lang='lat' dir='ltr'>e</span> <span class='ocrx_word' id='word_1_223' title='bbox 1519 2499 1548 2536; x_wconf 82' lang='grc' dir='ltr'><em>Ο</em></span> <span class='ocrx_word' id='word_1_224' title='bbox 1609 2502 1654 2536; x_wconf 89' lang='grc'>89</span> <span class='ocrx_word' id='word_1_225' title='bbox 1679 2500 1762 2535; x_wconf 87' lang='lat' dir='ltr'>Pre-</span> 
     </span>
     <span class='ocr_line' id='line_1_34' title="bbox 277 2556 1764 2602; baseline 0 -10"><span class='ocrx_word' id='word_1_226' title='bbox 277 2569 380 2592; x_wconf 81' lang='lat' dir='ltr'>saens</span> <span class='ocrx_word' id='word_1_227' title='bbox 399 2557 445 2601; x_wconf 89' lang='grc' dir='ltr'>Β,</span> <span class='ocrx_word' id='word_1_228' title='bbox 471 2569 633 2602; x_wconf 81' lang='lat' dir='ltr'>praesens</span> <span class='ocrx_word' id='word_1_229' title='bbox 661 2557 689 2592; x_wconf 83' lang='grc' dir='ltr'><em>Ο</em></span> <span class='ocrx_word' id='word_1_230' title='bbox 771 2558 814 2592; x_wconf 83' lang='grc'>92</span> <span class='ocrx_word' id='word_1_231' title='bbox 838 2557 1007 2597; x_wconf 85' lang='lat' dir='ltr'>homines</span> <span class='ocrx_word' id='word_1_232' title='bbox 1032 2557 1068 2591; x_wconf 94' lang='lat' dir='ltr'><em>B</em></span> <span class='ocrx_word' id='word_1_233' title='bbox 1156 2557 1226 2592; x_wconf 91' lang='lat' dir='ltr'>lico</span> <span class='ocrx_word' id='word_1_234' title='bbox 1254 2557 1282 2592; x_wconf 89' lang='lat' dir='ltr'><strong><em>C</em></strong></span> <span class='ocrx_word' id='word_1_235' title='bbox 1372 2559 1414 2592; x_wconf 86' lang='lat'>93</span> <span class='ocrx_word' id='word_1_236' title='bbox 1440 2557 1701 2593; x_wconf 77' lang='lat' dir='ltr'>habitabuerat</span> <span class='ocrx_word' id='word_1_237' title='bbox 1725 2556 1764 2592; x_wconf 91' lang='grc' dir='ltr'><em>Β</em></span> 
     </span>
     <span class='ocr_line' id='line_1_35' title="bbox 275 2613 1760 2659; baseline 0 -11"><span class='ocrx_word' id='word_1_238' title='bbox 275 2615 319 2648; x_wconf 88' lang='grc'>94</span> <span class='ocrx_word' id='word_1_239' title='bbox 345 2615 523 2659; x_wconf 78' lang='lat' dir='ltr'>calydone</span> <span class='ocrx_word' id='word_1_240' title='bbox 547 2614 620 2648; x_wconf 87' lang='lat' dir='ltr'>hau</span> <span class='ocrx_word' id='word_1_241' title='bbox 688 2615 730 2648; x_wconf 90' lang='lat'>96</span> <span class='ocrx_word' id='word_1_242' title='bbox 754 2613 942 2649; x_wconf 80' lang='lat' dir='ltr'>Efflietum</span> <span class='ocrx_word' id='word_1_243' title='bbox 958 2613 986 2648; x_wconf 81' lang='lat' dir='ltr'><strong><em>C</em></strong></span> <span class='ocrx_word' id='word_1_244' title='bbox 1047 2615 1091 2648; x_wconf 86' lang='lat'>97</span> <span class='ocrx_word' id='word_1_245' title='bbox 1115 2615 1327 2658; x_wconf 75' lang='lat' dir='ltr'>nequesitq5</span> <span class='ocrx_word' id='word_1_246' title='bbox 1354 2616 1449 2649; x_wconf 83' lang='lat' dir='ltr'>aesit</span> <span class='ocrx_word' id='word_1_247' title='bbox 1461 2613 1507 2658; x_wconf 90' lang='lat' dir='ltr'>B,</span> <span class='ocrx_word' id='word_1_248' title='bbox 1533 2625 1652 2658; x_wconf 88' lang='lat' dir='ltr'>neque</span> <span class='ocrx_word' id='word_1_249' title='bbox 1677 2625 1760 2659; x_wconf 79' lang='lat' dir='ltr'>quoe</span> 
     </span>
     <span class='ocr_line' id='line_1_36' title="bbox 277 2669 1765 2714; baseline 0.001 -10"><span class='ocrx_word' id='word_1_250' title='bbox 277 2671 326 2705; x_wconf 81' lang='lat' dir='ltr'>sit</span> <span class='ocrx_word' id='word_1_251' title='bbox 351 2670 379 2706; x_wconf 83' lang='lat' dir='ltr'><em>G</em></span> <span class='ocrx_word' id='word_1_252' title='bbox 491 2672 533 2705; x_wconf 90' lang='lat'>99</span> <span class='ocrx_word' id='word_1_253' title='bbox 559 2682 670 2714; x_wconf 85' lang='lat' dir='ltr'>quom</span> <span class='ocrx_word' id='word_1_254' title='bbox 806 2671 915 2704; x_wconf 86' lang='lat' dir='ltr'>etiam</span> <span class='ocrx_word' id='word_1_255' title='bbox 940 2682 1014 2704; x_wconf 91' lang='lat' dir='ltr'>nun</span> <span class='ocrx_word' id='word_1_256' title='bbox 1040 2669 1088 2713; x_wconf 90' lang='lat' dir='ltr'>B,</span> <span class='ocrx_word' id='word_1_257' title='bbox 1115 2671 1226 2705; x_wconf 83' lang='lat' dir='ltr'>etiam</span> <span class='ocrx_word' id='word_1_258' title='bbox 1251 2682 1324 2705; x_wconf 89' lang='lat' dir='ltr'>non</span> <span class='ocrx_word' id='word_1_259' title='bbox 1354 2670 1382 2705; x_wconf 83' lang='lat'><em>0</em></span> <span class='ocrx_word' id='word_1_260' title='bbox 1507 2672 1571 2705; x_wconf 94' lang='grc'>100</span> <span class='ocrx_word' id='word_1_261' title='bbox 1596 2670 1710 2706; x_wconf 84' lang='lat' dir='ltr'>Uolut</span> <span class='ocrx_word' id='word_1_262' title='bbox 1735 2669 1765 2705; x_wconf 86' lang='lat' dir='ltr'><strong><em>G</em></strong></span> 
     </span>
    </p>
   </div>
   <div class='ocr_carea' id='block_1_5' title="bbox 474 2357 576 2361">
    <p class='ocr_par' dir='ltr' id='par_1_25' title="bbox 474 2357 576 2361">
     <span class='ocr_line' id='line_1_37' title="bbox 474 2357 576 2361; baseline 0 0"><span class='ocrx_word' id='word_1_263' title='bbox 474 2357 576 2361; x_wconf 95' lang='lat' dir='ltr'> </span> 
     </span>
    </p>
   </div>
   <div class='ocr_carea' id='block_1_6' title="bbox 276 2726 1762 2828">
    <p class='ocr_par' dir='ltr' id='par_1_26' title="bbox 276 2726 1762 2828">
     <span class='ocr_line' id='line_1_38' title="bbox 279 2726 1762 2771; baseline 0 -10"><span class='ocrx_word' id='word_1_264' title='bbox 279 2729 339 2761; x_wconf 92' lang='grc'>101</span> <span class='ocrx_word' id='word_1_265' title='bbox 366 2727 530 2762; x_wconf 89' lang='lat' dir='ltr'>uolibolo</span> <span class='ocrx_word' id='word_1_266' title='bbox 612 2728 697 2761; x_wconf 41' lang='lat'>*102</span> <span class='ocrx_word' id='word_1_267' title='bbox 721 2727 1045 2761; x_wconf 80' lang='lat' dir='ltr'>inconcubinatam</span> <span class='ocrx_word' id='word_1_268' title='bbox 1074 2726 1103 2761; x_wconf 82' lang='grc' dir='ltr'><em>Ο</em></span> <span class='ocrx_word' id='word_1_269' title='bbox 1199 2728 1261 2760; x_wconf 86' lang='grc'>103</span> <span class='ocrx_word' id='word_1_270' title='bbox 1286 2727 1430 2771; x_wconf 83' lang='lat' dir='ltr'>peperit</span> <span class='ocrx_word' id='word_1_271' title='bbox 1532 2728 1596 2761; x_wconf 85' lang='lat'>104</span> <span class='ocrx_word' id='word_1_272' title='bbox 1618 2726 1673 2761; x_wconf 91' lang='lat' dir='ltr'>illi</span> <span class='ocrx_word' id='word_1_273' title='bbox 1697 2727 1762 2761; x_wconf 91' lang='lat' dir='ltr'>im·</span> 
     </span>
     <span class='ocr_line' id='line_1_39' title="bbox 276 2783 1399 2828; baseline 0 -10"><span class='ocrx_word' id='word_1_274' title='bbox 276 2795 418 2828; x_wconf 87' lang='lat' dir='ltr'>poenus</span> <span class='ocrx_word' id='word_1_275' title='bbox 444 2795 620 2828; x_wconf 82' lang='lat' dir='ltr'>pesquam</span> <span class='ocrx_word' id='word_1_276' title='bbox 644 2794 743 2818; x_wconf 88' lang='lat' dir='ltr'>meas</span> <span class='ocrx_word' id='word_1_277' title='bbox 768 2783 939 2827; x_wconf 85' lang='lat' dir='ltr'>perdedit</span> <span class='ocrx_word' id='word_1_278' title='bbox 1034 2785 1097 2817; x_wconf 86' lang='lat'>105</span> <span class='ocrx_word' id='word_1_279' title='bbox 1126 2783 1261 2817; x_wconf 71' lang='lat' dir='ltr'>Merite</span> <span class='ocrx_word' id='word_1_280' title='bbox 1286 2794 1399 2828; x_wconf 87' lang='lat' dir='ltr'>usque</span> 
     </span>
    </p>
   </div>
   <div class='ocr_carea' id='block_1_7' title="bbox 1908 0 1963 3243">
    <p class='ocr_par' dir='ltr' id='par_1_27' title="bbox 1908 0 1963 3243">
     <span class='ocr_line' id='line_1_40' title="bbox 1908 0 1963 3243; baseline 0 0"><span class='ocrx_word' id='word_1_281' title='bbox 1908 0 1963 3243; x_wconf 95' lang='lat' dir='ltr'> </span> 
     </span>
    </p>
   </div>
  </div>
 </body>
</html>
