1963 3243
115 222 174 265 IV,
199 225 231 262 ὁ,
262 220 389 262 12-V,
422 222 448 259 l.
478 221 517 253 12
743 219 925 253 Mercator
1487 224 1562 261 199

773 348 901 399 Syra

112 421 352 463 Adueniens
388 426 526 459 mater
559 431 657 458 rure
693 431 786 458 eum
821 417 1001 458 offendit
1033 417 1162 457 domi.
1495 431 1560 461 ηιξ,

695 530 969 583 Eutychus

111 606 183 649 Pol
217 605 329 646 haud
363 604 593 646 censebam
626 604 806 644 istarum
840 618 932 644 esse
965 616 1194 656 operarum
1229 609 1410 656 patrem.

109 678 248 722 Etiam
281 690 393 718 nunc
425 676 578 718 mulier
609 677 772 717 intust‘?

770 790 899 844 Syra

779 862 933 904 Etiam.

691 977 724 1018 E
738 993 763 1019 u
775 984 823 1030 ty
836 977 934 1019 chu
946 992 964 1019 s

1051 1051 1240 1102 Sequere
1273 1062 1351 1089 me.

473 1497 759 1541 CHARINUS
791 1496 1172 1541 ADULESCENS.

102 1661 245 1703 Limen
279 1674 560 1714 superumque
591 1659 862 1714 inferumque
896 1660 1031 1710 salue,
1066 1658 1193 1701 simul
1225 1664 1371 1701 autem
1404 1658 1523 1708 uale3

98 1731 221 1774 Hunc
251 1732 378 1774 hodie
417 1739 690 1787 postremum
725 1732 884 1774 extollo
918 1747 1013 1774 mea
1045 1732 1174 1774 domo
1208 1732 1355 1785 patria
1387 1730 1550 1784 pedem.

98 1804 220 1855 Usus,
251 1805 430 1856 fructus,
462 1806 618 1855 uictus,
649 1805 793 1847 cultus
825 1806 911 1847 iam
944 1805 1048 1846 mihi
1080 1804 1245 1846 harunc
1277 1803 1450 1845 aedium
1486 1814 1554 1847 820

97 1877 416 1932 Interemptust‚
447 1876 735 1927 interfectust,
769 1877 1023 1929 alienatust3
1058 1877 1209 1919 occidi.

35 1945 37 1950 ⁴
98 1949 149 1991 Di
181 1956 358 2004 penates
391 1963 531 1991 meum
574 1955 816 2003 parentum,
850 1950 1032 1992 familiai
1063 1950 1148 1991 Lar
1180 1955 1315 2003 pater,

98 2021 229 2063 Uobis
261 2022 428 2073 mando,
462 2036 602 2063 meum
635 2028 866 2076 parentum
898 2037 990 2063 rem
1024 2022 1131 2064 bene
1164 2030 1212 2063 ut
1242 2022 1462 2072 tute1nini3

103 2093 190 2147 Ego
223 2094 323 2135 mihi
354 2094 464 2136 alios
497 2094 601 2136 deos
633 2100 813 2149 penates
846 2109 1096 2149 persequar,
1131 2095 1261 2136 alium
1296 2094 1464 2137 Larem.

98 2165 234 2207 Aliam
266 2166 428 2216 urbem,
463 2167 594 2208 aliam
627 2168 876 2218 ciuitatem3
909 2167 963 2209 ab
996 2168 1153 2208 Atticis
1187 2167 1415 2208 abhorreo.
1485 2180 1551 2210 &25

96 2237 201 2279 Nam
232 2239 304 2280 ubi
336 2253 476 2280 mores
509 2240 749 2281 deteriores
782 2240 1111 2281 increbrescunt
1141 2240 1185 2280 in
1218 2239 1324 2288 dies,

97 2308 189 2361 Ubi,
222 2312 293 2365 qui
326 2313 463 2362 amici,
497 2313 570 2366 qui
601 2312 798 2354 infideles
832 2313 932 2361 sint,
965 2326 1159 2366 nequeas
1192 2325 1462 2366 pernoscere,

99 2380 262 2436 Ubique
295 2383 334 2424 id
369 2385 592 2438 eripiatur,
625 2386 769 2426 animo
801 2391 876 2426 tuo
909 2385 1026 2438 quod
1060 2385 1233 2438 placeat
1264 2398 1477 2430 maxume,

95 2451 158 2494 lbi
188 2455 362 2508 quidem
395 2458 430 2498 si
462 2471 643 2509 regnum
677 2457 815 2504 detur,
849 2472 933 2498 non
967 2458 1161 2511 cupitast
1192 2458 1362 2498 ciuitas.

181 2625 246 2658 817
269 2626 400 2660 mulier
424 2638 521 2661 nunc
547 2627 582 2661 B
675 2629 773 2663 intus
800 2633 856 2662 est.
950 2629 1161 2671 Sequuntur
1184 2629 1370 2663 794—-805

480 2685 528 2718 In
553 2685 659 2719 titulo
684 2684 1004 2720 ADOLESCENS
1030 2696 1096 2719 om.
1124 2685 1158 2718 B

181 2738 247 2773 818
271 2750 441 2782 superam
467 2740 503 2776 B
620 2743 713 2776 uabe
747 2742 784 2781 C,
819 2743 920 2776 salue
952 2742 988 2776 Β
1104 2744 1170 2777 822
1202 2742 1363 2777 familiae
1481 2747 1546 2779 824

96 2794 236 2835 penatis
329 2798 393 2831 827
426 2798 570 2843 Ubique
603 2799 710 2834 amici
806 2801 904 2835 sient
1005 2802 1073 2834 828
1104 2800 1173 2835 Ubi
1208 2800 1296 2844 quid
1324 2800 1360 2844 C,
1387 2801 1457 2836 Ubi
1483 2804 1544 2849 qui

95 2846 130 2884 Β
218 2858 376 2889 minume
403 2855 433 2893 C
520 2858 587 2894 829
613 2865 668 2892 est
691 2857 880 2902 cupita-C,
907 2864 963 2892 est.
989 2858 1122 2905 cupida
1146 2857 1182 2893 B
