1963 3243
154 246 181 287 I,
208 248 238 287 3,
263 244 397 280 82—92
786 243 999 278 Pseudolus.
1585 249 1634 284 20

151 371 248 413 Mea
277 369 373 412 fide.
406 370 440 411 si
472 370 545 411 isti
576 368 782 411 formidas
816 369 1003 411 credere.
1066 368 1154 421 Ego
1187 369 1229 409 in
1262 367 1341 409 hoc
1374 368 1516 410 triduo

150 443 235 484 Aut
266 446 382 483 terra
414 446 488 483 aut
519 441 625 482 mari
658 443 732 482 aut
761 440 960 482 alicunde
991 440 1192 483 euoluani
1224 439 1268 481 id
1295 446 1519 494 argentum
1544 441 1634 481 tibi.

803 534 977 577 Ballio

151 607 246 650 Tibi
278 621 356 661 ego
388 607 590 649 credam?

742 679 1047 721 Pseudolus

579 749 664 792 Cur
694 751 809 792 non?

803 837 980 879 Ballio

799 908 910 959 Quia
942 910 1025 964 pol,
1060 923 1144 963 qua
1176 923 1308 963 opera
1340 908 1517 951 credam
1548 909 1640 954 tibi,

155 983 249 1026 Una
280 997 414 1037 opera
446 983 629 1036 adligem
660 981 888 1036 fugitiuam
921 995 1069 1023 canem
1102 982 1269 1034 agninis
1301 980 1501 1023 lactibus.
1576 993 1642 1026 320

752 1076 1041 1118 Calidorus

152 1149 268 1192 Sicin
298 1149 401 1191 mihi
433 1149 524 1191 abs'
543 1154 584 1191 te
617 1149 724 1192 bene
754 1150 936 1191 merenti
971 1149 1078 1190 male
1112 1147 1298 1190 refertur
1328 1147 1499 1201 gratia?

814 1243 989 1285 Ballio

154 1314 264 1366 Quid
296 1329 408 1358 nunc
440 1316 538 1358 uis‘?

754 1386 1042 1429 Calidorus

610 1459 668 1502 Ut
698 1461 924 1514 opperiare
957 1473 1033 1501 sex
1064 1458 1155 1500 dies
1187 1457 1358 1511 aliquos
1392 1458 1529 1509 modo,

155 1531 217 1572 Ne
248 1531 367 1572 illam
399 1531 562 1573 uendas
594 1545 677 1573 neu
709 1546 774 1573 me
808 1531 967 1586 perdas
999 1531 1215 1572 hominem
1249 1535 1478 1572 amantem.

813 1625 990 1667 Ballio

1248 1697 1398 1738 Animo
1432 1696 1543 1738 bono
1576 1710 1641 1745 es3

154 1768 234 1811 Uel
268 1783 343 1811 sex
374 1771 534 1812 mensis
566 1769 809 1824 opperibor.

755 1864 1043 1906 Calidorus

870 1935 1002 1988 Euge,
1036 1934 1162 1976 homo
1194 1935 1488 1988 lepidissunie.

816 2031 990 2072 Ballio

156 2102 290 2144 Immo
322 2104 396 2144 uin
429 2104 558 2145 etiam
590 2108 632 2144 te
663 2102 820 2144 faciam
852 2116 903 2143 ex
935 2102 1048 2144 laeto
1080 2102 1315 2144 laetantem
1348 2102 1513 2155 magis?
1581 2113 1645 2146 325

160 2252 194 2303 Q
231 2253 310 2295 ’d'
397 2254 415 2282 r>
758 2195 1052 2238 Calidorus

199 2268 241 2295 ui
301 2267 408 2295 1am.

813 2325 989 2367 Ballio

435 2396 544 2446 Quia
577 2398 689 2439 enim
720 2411 805 2439 non
837 2397 1033 2438 uenalem
1066 2397 1152 2438 iam
1183 2396 1321 2439 habeo
1354 2395 1644 2438 Phoenicium.

761 2489 1052 2533 Calidorus

159 2561 256 2604 Non
287 2562 451 2605 habes?

274 2699 340 2733 318
365 2705 426 2732 aut
452 2709 516 2733 om.
610 2699 676 2732 319
703 2709 832 2741 operas
925 2699 992 2732 320
1018 2698 1176 2732 tactibus
1203 2699 1237 2731 A
1337 2698 1402 2731 322
1429 2697 1500 2730 BA.
1530 2707 1594 2731 om.
1625 2696 1652 2731 C'

275 2755 353 2790 dies
379 2755 508 2790 saltem
534 2755 647 2789 modo
675 2753 742 2789 BC
865 2755 930 2789 323
956 2766 1000 2789 ne
1026 2754 1157 2799 perdas
1184 2766 1240 2788 me
1267 2754 1294 2788 C
1402 2754 1498 2787 bono
1526 2754 1648 2787 animo

163 2823 199 2845 es
227 2811 256 2847 C
343 2814 409 2846 325
435 2812 508 2845 uim
534 2810 570 2846 B
662 2813 728 2846 326
754 2811 824 2845 iam
851 2822 915 2846 om.
943 2810 978 2854 C,
1007 2823 1086 2844 ..m
1111 2810 1145 2844 B
