1963 3243
0 566 8 574 .
16 500 28 514 ‚
0 262 30 452 „3333
0 231 10 243 .,

16 415 38 430 .-
16 350 37 371 ψ
0 0 112 272 {xv-,q

76 59 84 73 .

147 234 251 269 supp.
274 223 387 258 9—19
795 222 993 258 Poenulus.
1556 229 1637 269 213

803 348 986 390 Hanno

739 419 908 461 Bellum
939 419 1155 461 hominem
1187 434 1314 474 quem
1346 422 1542 464 noueris!

700 521 1085 574 Agorastocles

149 592 277 642 Leno,
308 606 510 647 rapacem
543 598 586 634 te
618 606 712 634 esse
745 607 915 648 semper
947 593 1124 644 credidi,

147 663 470 706 Uerumvetiam
502 664 708 715 furacem,
741 666 814 718 qui
846 670 1008 707 norunt
1039 666 1187 719 magis.

805 766 838 808 L
863 780 974 808 vcus

146 837 371 880 Accedam.
432 838 516 880 Per
547 852 626 892 ego
658 844 700 880 te
733 844 807 880 tua
838 782 978 891 genua
1009 839 1201 887 obsecro,

145 909 202 952 Et
231 909 357 959 hunc,
391 915 625 962 cognatum
658 924 787 964 quem
818 916 940 952 tuum
973 925 1065 953 esse
1098 911 1322 966 intellego:
1550 925 1637 958 1385

145 981 328 1033 Quando
359 981 462 1024 boni
495 983 614 1026 estis.
646 989 694 1023 ut
726 982 862 1024 bonos
895 982 1037 1025 facere
1070 983 1267 1034 addecet,

145 1053 293 1096 Facite
324 1060 373 1095 ut
403 1067 482 1095 nos
512 1060 664 1096 uostro
698 1054 969 1096 subueniatis
1002 1055 1201 1109 supplici.

144 1125 236 1168 Iam
266 1125 437 1180 pridem
469 1125 670 1179 equidem
702 1127 808 1168 istas
840 1127 945 1168 sciui
977 1141 1072 1168 esse
1104 1127 1266 1169 liberas

146 1197 200 1239 Et
230 1197 553 1252 exspectabam,
585 1199 619 1239 si
653 1199 726 1252 qui
759 1213 830 1240 eas
864 1198 1087 1240 adsereret
1117 1213 1261 1250 manu,

144 1269 253 1311 Nam
284 1283 406 1312 meae
438 1283 637 1323 prorsum
667 1284 754 1311 non
788 1275 901 1320 sunt,
934 1277 1025 1312 tum
1058 1275 1201 1313 autem
1233 1285 1385 1313 aurum
1410 1276 1531 1314 tuum
1551 1284 1638 1318 1390

144 1341 353 1391 Reddam,
386 1341 501 1395 quod
534 1341 648 1395 apud
682 1356 748 1383 me
782 1347 861 1388 est,
895 1347 938 1383 et
969 1343 1036 1384 ius
1068 1342 1296 1384 iurandum
1330 1343 1458 1395 dabo,

144 1413 211 1455 Me
243 1413 458 1456 malitiose
491 1413 597 1455 nihil
628 1413 798 1464 fecisse,
831 1414 1151 1467 Agorastocles.

697 1516 1087 1569 Agorastocles

142 1586 253 1638 Quid
285 1588 388 1630 mihi
421 1602 498 1642 par
527 1587 671 1630 facere
705 1590 774 1637 sit,
808 1602 969 1630 mecum
1002 1593 1173 1642 egomet
1205 1589 1437 1631 consulam.

142 1659 304 1703 Omitte
335 1674 490 1714 genua.

808 1732 973 1786 Lycus

558 1804 698 1851 Mitto,
732 1806 771 1846 si
804 1806 866 1846 ita
897 1805 1114 1846 sententia
1146 1803 1243 1858 est]

679 1899 1106 1941 Antamoenides

143 1970 260 2013 Heus
290 1978 350 2020 tu,
383 1971 499 2013 leno.

802 2043 969 2097 Lycus
1476 2083 1482 2086 .

551 2114 662 2164 Quid
695 2115 894 2157 lenonem
926 2116 994 2156 uis
1026 2115 1141 2156 inter
1172 2115 1421 2167 negotium?
1549 2126 1635 2161 1395

677 2202 1104 2244 Antamoenides

144 2272 201 2315 Ut
230 2274 390 2315 minam
424 2273 528 2315 mihi
560 2275 730 2328 argenti
765 2274 942 2323 reddas,
981 2275 1235 2328 priusquam
1270 2275 1313 2316 in
1351 2287 1530 2316 neruom
1563 2274 1637 2316 ab·

1168 2341 1339 2388 ducere.

800 2417 970 2472 Lycus

145 2488 196 2530 Di
230 2489 411 2531 meliora
442 2488 596 2530 faxint!

236 2639 319 2673 1381
348 2639 559 2683 quemueris
583 2637 620 2673 Β
741 2640 827 2673 1384
850 2644 886 2673 te
913 2642 978 2673 tua
1002 2644 1040 2674 te
1159 2640 1246 2674 1386
1271 2639 1370 2674 bono
1394 2638 1431 2674 Β
1550 2641 1637 2675 1387

143 2693 273 2730 Facite
298 2700 336 2730 et
360 2700 486 2730 uestro
602 2696 687 2730 1388
711 2706 769 2729 me
795 2695 942 2739 quidem
967 2694 1004 2730 B
1126 2696 1210 2730 1389
1236 2695 1316 2739 quis
1341 2695 1377 2730 B
1485 2708 1635 2732 manum

147 2752 233 2786 1390
255 2763 406 2796 prosum
503 2753 588 2787 1392
614 2751 719 2796 Quod
813 2753 859 2786 sit
885 2763 995 2796 quom
1092 2753 1176 2787 1395
1202 2753 1301 2796 quod
1328 2751 1358 2787 G
1444 2754 1532 2789 1396
1555 2753 1634 2790 Uti-

144 2819 229 2842 nam
254 2808 344 2843 mihi
371 2813 563 2852 argentum
662 2810 748 2843 1397
773 2807 986 2843 Demeliora
1012 2808 1071 2842 fax
1096 2809 1144 2843 sit
1167 2808 1203 2842 Β
1240 2814 1243 2816 “
