<?xml version="1.0" encoding="UTF-8"?>
<!DOCTYPE html PUBLIC "-//W3C//DTD XHTML 1.0 Transitional//EN"
    "http://www.w3.org/TR/xhtml1/DTD/xhtml1-transitional.dtd">
<html xmlns="http://www.w3.org/1999/xhtml" xml:lang="en" lang="en">
 <head>
  <title>
</title>
<meta http-equiv="Content-Type" content="text/html;charset=utf-8" />
  <meta name='ocr-system' content='tesseract 3.04.00' />
  <meta name='ocr-capabilities' content='ocr_page ocr_carea ocr_par ocr_line ocrx_word'/>
</head>
<body>
  <div class='ocr_page' id='page_1' title='image "./comoediaerecensu04plauuoft_0636.png"; bbox 0 0 1963 3243; ppageno 0'>
   <div class='ocr_carea' id='block_1_1' title="bbox 290 196 1136 237">
    <p class='ocr_par' dir='ltr' id='par_1_1' title="bbox 290 196 1136 237">
     <span class='ocr_line' id='line_1_1' title="bbox 290 196 1136 237; baseline -0.009 0"><span class='ocrx_word' id='word_1_1' title='bbox 290 198 370 237; x_wconf 89' lang='grc'>266</span> <span class='ocrx_word' id='word_1_2' title='bbox 922 196 1136 230; x_wconf 80' lang='lat' dir='ltr'>Pseudolus.</span> 
     </span>
    </p>
   </div>
   <div class='ocr_carea' id='block_1_2' title="bbox 234 311 1778 1054">
    <p class='ocr_par' dir='ltr' id='par_1_2' title="bbox 234 311 1778 1054">
     <span class='ocr_line' id='line_1_2' title="bbox 290 311 1770 373; baseline 0.002 -13"><span class='ocrx_word' id='word_1_3' title='bbox 290 311 461 373; x_wconf 67' lang='lat' dir='ltr'>Scaliger</span> <span class='ocrx_word' id='word_1_4' title='bbox 493 327 550 372; x_wconf 85' lang='lat' dir='ltr'>et,</span> <span class='ocrx_word' id='word_1_5' title='bbox 591 329 633 362; x_wconf 85' lang='lat' dir='ltr'>ut</span> <span class='ocrx_word' id='word_1_6' title='bbox 665 326 837 373; x_wconf 84' lang='lat' dir='ltr'>videtur,</span> <span class='ocrx_word' id='word_1_7' title='bbox 879 327 923 363; x_wconf 90' lang='lat' dir='ltr'>A.</span> <span class='ocrx_word' id='word_1_8' title='bbox 958 345 1010 350; x_wconf 90' lang='lat'>—</span> <span class='ocrx_word' id='word_1_9' title='bbox 1052 325 1143 361; x_wconf 90' lang='lat'>822.</span> <span class='ocrx_word' id='word_1_10' title='bbox 1179 321 1390 363; x_wconf 55' lang='lat' dir='ltr'>destillent</span> <span class='ocrx_word' id='word_1_11' title='bbox 1419 324 1533 362; x_wconf 79' lang='lat' dir='ltr'>Char.</span> <span class='ocrx_word' id='word_1_12' title='bbox 1566 329 1605 362; x_wconf 89' lang='lat' dir='ltr'>et</span> <span class='ocrx_word' id='word_1_13' title='bbox 1636 324 1770 372; x_wconf 82' lang='lat' dir='ltr'>Prisc.,</span> 
     </span>
     <span class='ocr_line' id='line_1_3' title="bbox 290 392 1770 441; baseline 0.001 -13"><span class='ocrx_word' id='word_1_14' title='bbox 290 393 313 428; x_wconf 86' lang='lat' dir='ltr'>i.</span> <span class='ocrx_word' id='word_1_15' title='bbox 347 406 378 428; x_wconf 90' lang='lat' dir='ltr'>e.</span> <span class='ocrx_word' id='word_1_16' title='bbox 411 393 594 441; x_wconf 73' lang='lat' dir='ltr'>guttatim</span> <span class='ocrx_word' id='word_1_17' title='bbox 628 393 820 439; x_wconf 75' lang='lat' dir='ltr'>excidant,</span> <span class='ocrx_word' id='word_1_18' title='bbox 854 394 900 431; x_wconf 84' lang='lat' dir='ltr'>cf.</span> <span class='ocrx_word' id='word_1_19' title='bbox 926 393 1013 430; x_wconf 76' lang='lat' dir='ltr'>Ter.</span> <span class='ocrx_word' id='word_1_20' title='bbox 1040 392 1195 430; x_wconf 84' lang='lat' dir='ltr'>Phorm.</span> <span class='ocrx_word' id='word_1_21' title='bbox 1224 393 1327 430; x_wconf 79' lang='lat'>975:</span> <span class='ocrx_word' id='word_1_22' title='bbox 1364 396 1430 438; x_wconf 76' lang='lat' dir='ltr'>„ut</span> <span class='ocrx_word' id='word_1_23' title='bbox 1461 406 1508 430; x_wconf 86' lang='lat' dir='ltr'>ne</span> <span class='ocrx_word' id='word_1_24' title='bbox 1538 394 1770 440; x_wconf 77' lang='lat' dir='ltr'>restinguas,</span> 
     </span>
     <span class='ocr_line' id='line_1_4' title="bbox 292 458 1773 509; baseline 0.002 -14"><span class='ocrx_word' id='word_1_25' title='bbox 292 461 460 496; x_wconf 73' lang='lat' dir='ltr'><strong>lacrimis</strong></span> <span class='ocrx_word' id='word_1_26' title='bbox 501 462 533 497; x_wconf 84' lang='lat' dir='ltr'>si</span> <span class='ocrx_word' id='word_1_27' title='bbox 572 458 875 498; x_wconf 84' lang='lat' dir='ltr'>exstillaue1·is“.</span> <span class='ocrx_word' id='word_1_28' title='bbox 951 460 1099 498; x_wconf 89' lang='lat' dir='ltr'>Colum.</span> <span class='ocrx_word' id='word_1_29' title='bbox 1139 460 1196 506; x_wconf 93' lang='lat' dir='ltr'>X,</span> <span class='ocrx_word' id='word_1_30' title='bbox 1234 461 1329 498; x_wconf 89' lang='lat'>122:</span> <span class='ocrx_word' id='word_1_31' title='bbox 1380 459 1532 509; x_wconf 72' lang='lat' dir='ltr'>„Seque</span> <span class='ocrx_word' id='word_1_32' title='bbox 1570 461 1773 498; x_wconf 82' lang='lat' dir='ltr'>lacessenti</span> 
     </span>
     <span class='ocr_line' id='line_1_5' title="bbox 291 523 1772 577; baseline 0.002 -14"><span class='ocrx_word' id='word_1_33' title='bbox 291 527 425 564; x_wconf 88' lang='lat' dir='ltr'>fletum</span> <span class='ocrx_word' id='word_1_34' title='bbox 458 527 609 565; x_wconf 79' lang='lat' dir='ltr'>factura</span> <span class='ocrx_word' id='word_1_35' title='bbox 640 526 828 577; x_wconf 80' lang='lat' dir='ltr'>sinapis“.</span> <span class='ocrx_word' id='word_1_36' title='bbox 859 548 907 553; x_wconf 90' lang='lat'>—</span> <span class='ocrx_word' id='word_1_37' title='bbox 935 529 1028 566; x_wconf 86' lang='grc'>823.</span> <span class='ocrx_word' id='word_1_38' title='bbox 1060 523 1132 565; x_wconf 76' lang='lat' dir='ltr'>ubi</span> <span class='ocrx_word' id='word_1_39' title='bbox 1161 537 1254 566; x_wconf 79' lang='lat' dir='ltr'>coc.</span> <span class='ocrx_word' id='word_1_40' title='bbox 1274 527 1375 566; x_wconf 63' lang='lat' dir='ltr'>‚emt</span> <span class='ocrx_word' id='word_1_41' title='bbox 1396 529 1442 564; x_wconf 88' lang='lat' dir='ltr'>A.</span> <span class='ocrx_word' id='word_1_42' title='bbox 1467 547 1522 552; x_wconf 90' lang='lat'>—</span> <span class='ocrx_word' id='word_1_43' title='bbox 1553 528 1646 566; x_wconf 86' lang='lat'>824.</span> <span class='ocrx_word' id='word_1_44' title='bbox 1677 524 1772 566; x_wconf 73' lang='lat' dir='ltr'>stri-</span> 
     </span>
     <span class='ocr_line' id='line_1_6' title="bbox 288 590 1768 644; baseline 0.001 -12"><span class='ocrx_word' id='word_1_45' title='bbox 288 590 422 644; x_wconf 67' lang='lat' dir='ltr'>9¹ibu5‚</span> <span class='ocrx_word' id='word_1_46' title='bbox 453 596 498 633; x_wconf 83' lang='lat' dir='ltr'>ef.</span> <span class='ocrx_word' id='word_1_47' title='bbox 525 595 682 633; x_wconf 88' lang='lat' dir='ltr'>Petron.</span> <span class='ocrx_word' id='word_1_48' title='bbox 712 597 807 633; x_wconf 81' lang='lat'><strong>134:</strong></span> <span class='ocrx_word' id='word_1_49' title='bbox 845 596 977 643; x_wconf 80' lang='lat' dir='ltr'>„Quae</span> <span class='ocrx_word' id='word_1_50' title='bbox 1008 598 1150 643; x_wconf 85' lang='lat' dir='ltr'>striges</span> <span class='ocrx_word' id='word_1_51' title='bbox 1181 596 1434 634; x_wconf 79' lang='lat' dir='ltr'>comederunt</span> <span class='ocrx_word' id='word_1_52' title='bbox 1464 609 1602 633; x_wconf 86' lang='lat' dir='ltr'>nervos</span> <span class='ocrx_word' id='word_1_53' title='bbox 1629 594 1768 634; x_wconf 75' lang='lat' dir='ltr'>tuos?“</span> 
     </span>
     <span class='ocr_line' id='line_1_7' title="bbox 291 663 1774 713; baseline 0.001 -14"><span class='ocrx_word' id='word_1_54' title='bbox 291 663 389 701; x_wconf 90' lang='lat' dir='ltr'>Plin.</span> <span class='ocrx_word' id='word_1_55' title='bbox 424 663 470 700; x_wconf 91' lang='lat' dir='ltr'>H.</span> <span class='ocrx_word' id='word_1_56' title='bbox 504 663 549 701; x_wconf 90' lang='lat' dir='ltr'>N.</span> <span class='ocrx_word' id='word_1_57' title='bbox 582 663 657 710; x_wconf 88' lang='lat' dir='ltr'>XI,</span> <span class='ocrx_word' id='word_1_58' title='bbox 690 664 790 701; x_wconf 89' lang='lat'>232:</span> <span class='ocrx_word' id='word_1_59' title='bbox 842 677 947 710; x_wconf 87' lang='lat' dir='ltr'>„esse</span> <span class='ocrx_word' id='word_1_60' title='bbox 986 665 1025 701; x_wconf 91' lang='lat' dir='ltr'>in</span> <span class='ocrx_word' id='word_1_61' title='bbox 1055 663 1274 701; x_wconf 84' lang='lat' dir='ltr'>maledictis</span> <span class='ocrx_word' id='word_1_62' title='bbox 1305 665 1381 701; x_wconf 83' lang='lat' dir='ltr'>iam</span> <span class='ocrx_word' id='word_1_63' title='bbox 1413 664 1583 713; x_wconf 85' lang='lat' dir='ltr'>antiquis</span> <span class='ocrx_word' id='word_1_64' title='bbox 1613 665 1774 713; x_wconf 83' lang='lat' dir='ltr'>strigem</span> 
     </span>
     <span class='ocr_line' id='line_1_8' title="bbox 291 730 1772 781; baseline 0 -13"><span class='ocrx_word' id='word_1_65' title='bbox 291 732 486 778; x_wconf 86' lang='lat' dir='ltr'>convenit,</span> <span class='ocrx_word' id='word_1_66' title='bbox 518 730 587 768; x_wconf 87' lang='lat' dir='ltr'>sed</span> <span class='ocrx_word' id='word_1_67' title='bbox 612 744 698 780; x_wconf 88' lang='lat' dir='ltr'>quae</span> <span class='ocrx_word' id='word_1_68' title='bbox 722 732 774 769; x_wconf 86' lang='lat' dir='ltr'>sit</span> <span class='ocrx_word' id='word_1_69' title='bbox 799 733 941 778; x_wconf 84' lang='lat' dir='ltr'>avium,</span> <span class='ocrx_word' id='word_1_70' title='bbox 973 736 1151 768; x_wconf 84' lang='lat' dir='ltr'>constare</span> <span class='ocrx_word' id='word_1_71' title='bbox 1174 744 1252 769; x_wconf 90' lang='lat' dir='ltr'>non</span> <span class='ocrx_word' id='word_1_72' title='bbox 1272 730 1483 769; x_wconf 84' lang='lat' dir='ltr'>arbitror“.</span> <span class='ocrx_word' id='word_1_73' title='bbox 1531 732 1623 768; x_wconf 88' lang='lat' dir='ltr'>Hor.</span> <span class='ocrx_word' id='word_1_74' title='bbox 1647 731 1772 781; x_wconf 86' lang='lat' dir='ltr'>Epod.</span> 
     </span>
     <span class='ocr_line' id='line_1_9' title="bbox 295 795 1774 846; baseline 0.001 -11"><span class='ocrx_word' id='word_1_75' title='bbox 295 799 337 844; x_wconf 88' lang='lat'>5,</span> <span class='ocrx_word' id='word_1_76' title='bbox 377 800 427 836; x_wconf 87' lang='lat'>20</span> <span class='ocrx_word' id='word_1_77' title='bbox 471 796 747 846; x_wconf 85' lang='lat' dir='ltr'>„nocturnas“,</span> <span class='ocrx_word' id='word_1_78' title='bbox 787 799 874 837; x_wconf 90' lang='lat' dir='ltr'>Tib.</span> <span class='ocrx_word' id='word_1_79' title='bbox 907 799 943 846; x_wconf 88' lang='lat' dir='ltr'>I,</span> <span class='ocrx_word' id='word_1_80' title='bbox 989 802 1031 845; x_wconf 88' lang='lat'>5,</span> <span class='ocrx_word' id='word_1_81' title='bbox 1074 801 1122 837; x_wconf 89' lang='lat'>52</span> <span class='ocrx_word' id='word_1_82' title='bbox 1157 795 1400 846; x_wconf 79' lang='lat' dir='ltr'>„violentas“</span> <span class='ocrx_word' id='word_1_83' title='bbox 1436 799 1543 843; x_wconf 82' lang='lat' dir='ltr'>dicit.</span> <span class='ocrx_word' id='word_1_84' title='bbox 1586 818 1632 823; x_wconf 94' lang='lat'><strong>—</strong></span> <span class='ocrx_word' id='word_1_85' title='bbox 1683 800 1774 838; x_wconf 84' lang='lat'>826.</span> 
     </span>
     <span class='ocr_line' id='line_1_10' title="bbox 234 862 1778 915; baseline 0.001 -12"><span class='ocrx_word' id='word_1_86' title='bbox 234 900 236 902; x_wconf 77' lang='grc'>,</span> <span class='ocrx_word' id='word_1_87' title='bbox 293 862 394 913; x_wconf 83' lang='lat' dir='ltr'>Hoc,</span> <span class='ocrx_word' id='word_1_88' title='bbox 424 867 470 904; x_wconf 86' lang='lat' dir='ltr'>cf.</span> <span class='ocrx_word' id='word_1_89' title='bbox 505 867 598 904; x_wconf 90' lang='grc'>646.</span> <span class='ocrx_word' id='word_1_90' title='bbox 628 887 685 892; x_wconf 94' lang='lat'>—</span> <span class='ocrx_word' id='word_1_91' title='bbox 716 868 808 904; x_wconf 81' lang='lat'>827.</span> <span class='ocrx_word' id='word_1_92' title='bbox 852 876 992 915; x_wconf 78' lang='lat' dir='ltr'>quom,</span> <span class='ocrx_word' id='word_1_93' title='bbox 1032 881 1068 904; x_wconf 91' lang='lat' dir='ltr'>v.</span> <span class='ocrx_word' id='word_1_94' title='bbox 1100 867 1149 903; x_wconf 86' lang='lat' dir='ltr'>ad</span> <span class='ocrx_word' id='word_1_95' title='bbox 1181 867 1319 915; x_wconf 88' lang='lat' dir='ltr'>Amph.</span> <span class='ocrx_word' id='word_1_96' title='bbox 1354 867 1446 905; x_wconf 85' lang='grc'>746.</span> <span class='ocrx_word' id='word_1_97' title='bbox 1489 886 1536 892; x_wconf 87' lang='grc'>-</span> <span class='ocrx_word' id='word_1_98' title='bbox 1578 864 1624 904; x_wconf 72' lang='lat' dir='ltr'>in</span> <span class='ocrx_word' id='word_1_99' title='bbox 1653 867 1778 906; x_wconf 77' lang='lat' dir='ltr'>suum</span> 
     </span>
     <span class='ocr_line' id='line_1_11' title="bbox 292 930 1776 984; baseline 0.001 -12"><span class='ocrx_word' id='word_1_100' title='bbox 292 930 430 972; x_wconf 76' lang='lat' dir='ltr'>aluom</span> <span class='ocrx_word' id='word_1_101' title='bbox 461 934 519 972; x_wconf 88' lang='lat' dir='ltr'>ed.</span> <span class='ocrx_word' id='word_1_102' title='bbox 547 947 628 984; x_wconf 84' lang='lat' dir='ltr'>pr.;</span> <span class='ocrx_word' id='word_1_103' title='bbox 660 935 766 972; x_wconf 86' lang='lat' dir='ltr'>Serv.</span> <span class='ocrx_word' id='word_1_104' title='bbox 800 935 847 972; x_wconf 86' lang='lat' dir='ltr'>ad</span> <span class='ocrx_word' id='word_1_105' title='bbox 874 935 965 972; x_wconf 88' lang='lat' dir='ltr'>AEn.</span> <span class='ocrx_word' id='word_1_106' title='bbox 997 933 1047 980; x_wconf 89' lang='lat' dir='ltr'>II,</span> <span class='ocrx_word' id='word_1_107' title='bbox 1080 936 1149 972; x_wconf 88' lang='lat'>50:</span> <span class='ocrx_word' id='word_1_108' title='bbox 1186 935 1339 982; x_wconf 79' lang='lat' dir='ltr'>„aluum</span> <span class='ocrx_word' id='word_1_109' title='bbox 1371 934 1532 972; x_wconf 81' lang='lat' dir='ltr'>Plautus</span> <span class='ocrx_word' id='word_1_110' title='bbox 1564 935 1776 973; x_wconf 79' lang='lat' dir='ltr'>masculino</span> 
     </span>
     <span class='ocr_line' id='line_1_12' title="bbox 293 1000 1778 1054; baseline 0.001 -15"><span class='ocrx_word' id='word_1_111' title='bbox 293 1004 348 1039; x_wconf 75' lang='lat' dir='ltr'>ait-</span> <span class='ocrx_word' id='word_1_112' title='bbox 379 1014 535 1051; x_wconf 84' lang='lat' dir='ltr'>genere,</span> <span class='ocrx_word' id='word_1_113' title='bbox 568 1016 644 1052; x_wconf 92' lang='lat' dir='ltr'>quo</span> <span class='ocrx_word' id='word_1_114' title='bbox 670 1017 746 1040; x_wconf 89' lang='lat' dir='ltr'>non</span> <span class='ocrx_word' id='word_1_115' title='bbox 770 1000 960 1040; x_wconf 86' lang='lat' dir='ltr'>utimur“.</span> <span class='ocrx_word' id='word_1_116' title='bbox 1007 1002 1178 1046; x_wconf 83' lang='lat' dir='ltr'>Catonis,</span> <span class='ocrx_word' id='word_1_117' title='bbox 1203 1001 1304 1039; x_wconf 82' lang='lat' dir='ltr'>Attii</span> <span class='ocrx_word' id='word_1_118' title='bbox 1330 1003 1574 1053; x_wconf 84' lang='lat' dir='ltr'>aliorumque</span> <span class='ocrx_word' id='word_1_119' title='bbox 1601 1004 1778 1054; x_wconf 82' lang='lat' dir='ltr'>exempla</span> 
     </span>
    </p>
   </div>
   <div class='ocr_carea' id='block_1_3' title="bbox 293 1068 1778 1257">
    <p class='ocr_par' dir='ltr' id='par_1_3' title="bbox 293 1068 1778 1257">
     <span class='ocr_line' id='line_1_13' title="bbox 294 1068 1776 1120; baseline 0.002 -14"><span class='ocrx_word' id='word_1_120' title='bbox 294 1070 461 1108; x_wconf 80' lang='lat' dir='ltr'>afferunt</span> <span class='ocrx_word' id='word_1_121' title='bbox 502 1073 766 1120; x_wconf 81' lang='lat' dir='ltr'>grammatici,</span> <span class='ocrx_word' id='word_1_122' title='bbox 813 1086 848 1109; x_wconf 92' lang='lat' dir='ltr'>v.</span> <span class='ocrx_word' id='word_1_123' title='bbox 882 1071 989 1108; x_wconf 90' lang='lat' dir='ltr'>Neue</span> <span class='ocrx_word' id='word_1_124' title='bbox 1020 1069 1037 1106; x_wconf 96' lang='grc' dir='ltr'><strong>Ι</strong></span> <span class='ocrx_word' id='word_1_125' title='bbox 1074 1084 1112 1120; x_wconf 91' lang='lat' dir='ltr'>p.</span> <span class='ocrx_word' id='word_1_126' title='bbox 1146 1071 1240 1108; x_wconf 85' lang='lat'>650.</span> <span class='ocrx_word' id='word_1_127' title='bbox 1285 1091 1341 1096; x_wconf 96' lang='lat'><strong>—</strong></span> <span class='ocrx_word' id='word_1_128' title='bbox 1386 1072 1478 1109; x_wconf 91' lang='lat'>830.</span> <span class='ocrx_word' id='word_1_129' title='bbox 1530 1068 1672 1120; x_wconf 68' lang='lat' dir='ltr'>Quid?</span> <span class='ocrx_word' id='word_1_130' title='bbox 1711 1071 1776 1119; x_wconf 77' lang='lat' dir='ltr'>tu3</span> 
     </span>
     <span class='ocr_line' id='line_1_14' title="bbox 293 1136 1776 1189; baseline 0 -13"><span class='ocrx_word' id='word_1_131' title='bbox 293 1139 408 1187; x_wconf 82' lang='lat' dir='ltr'>vulgo</span> <span class='ocrx_word' id='word_1_132' title='bbox 440 1141 741 1189; x_wconf 81' lang='lat' dir='ltr'>interpungunt:</span> <span class='ocrx_word' id='word_1_133' title='bbox 785 1139 911 1186; x_wconf 81' lang='lat' dir='ltr'>„Quid</span> <span class='ocrx_word' id='word_1_134' title='bbox 940 1136 1035 1176; x_wconf 84' lang='lat' dir='ltr'>tu‘?“</span> <span class='ocrx_word' id='word_1_135' title='bbox 1069 1158 1125 1163; x_wconf 96' lang='lat'><strong>—</strong></span> <span class='ocrx_word' id='word_1_136' title='bbox 1163 1138 1256 1176; x_wconf 89' lang='grc'>831.</span> <span class='ocrx_word' id='word_1_137' title='bbox 1294 1136 1386 1188; x_wconf 65' lang='lat' dir='ltr'>Qui,</span> <span class='ocrx_word' id='word_1_138' title='bbox 1417 1141 1441 1176; x_wconf 88' lang='lat' dir='ltr'>i.</span> <span class='ocrx_word' id='word_1_139' title='bbox 1474 1153 1506 1177; x_wconf 88' lang='lat' dir='ltr'>e.</span> <span class='ocrx_word' id='word_1_140' title='bbox 1539 1140 1696 1189; x_wconf 84' lang='lat' dir='ltr'>quibus,</span> <span class='ocrx_word' id='word_1_141' title='bbox 1729 1139 1776 1177; x_wconf 81' lang='lat' dir='ltr'>cf.</span> 
     </span>
     <span class='ocr_line' id='line_1_15' title="bbox 295 1202 1778 1257; baseline 0.001 -13"><span class='ocrx_word' id='word_1_142' title='bbox 295 1208 387 1244; x_wconf 83' lang='lat'>816.</span> <span class='ocrx_word' id='word_1_143' title='bbox 413 1227 468 1232; x_wconf 90' lang='lat'>—-</span> <span class='ocrx_word' id='word_1_144' title='bbox 493 1208 584 1245; x_wconf 83' lang='lat'>834.</span> <span class='ocrx_word' id='word_1_145' title='bbox 619 1206 690 1257; x_wconf 68' lang='lat' dir='ltr'>qui</span> <span class='ocrx_word' id='word_1_146' title='bbox 713 1203 947 1246; x_wconf 73' lang='lat' dir='ltr'>essitabunt</span> <span class='ocrx_word' id='word_1_147' title='bbox 969 1209 1009 1243; x_wconf 79' lang='lat' dir='ltr'>et</span> <span class='ocrx_word' id='word_1_148' title='bbox 1032 1202 1256 1244; x_wconf 72' lang='lat' dir='ltr'>condiuero</span> <span class='ocrx_word' id='word_1_149' title='bbox 1279 1207 1324 1245; x_wconf 91' lang='lat' dir='ltr'>A.</span> <span class='ocrx_word' id='word_1_150' title='bbox 1373 1207 1467 1245; x_wconf 91' lang='lat' dir='ltr'>Cum</span> <span class='ocrx_word' id='word_1_151' title='bbox 1498 1207 1569 1245; x_wconf 81' lang='lat' dir='ltr'>hac</span> <span class='ocrx_word' id='word_1_152' title='bbox 1591 1208 1778 1245; x_wconf 80' lang='lat' dir='ltr'>iactantia</span> 
     </span>
    </p>
   </div>
   <div class='ocr_carea' id='block_1_4' title="bbox 294 1275 1458 1528">
    <p class='ocr_par' dir='ltr' id='par_1_4' title="bbox 294 1275 1458 1528">
     <span class='ocr_line' id='line_1_16' title="bbox 294 1275 1238 1325; baseline -0.001 -12"><span class='ocrx_word' id='word_1_153' title='bbox 294 1275 450 1325; x_wconf 88' lang='lat' dir='ltr'>Lipsius</span> <span class='ocrx_word' id='word_1_154' title='bbox 481 1276 648 1314; x_wconf 88' lang='lat' dir='ltr'>contulit</span> <span class='ocrx_word' id='word_1_155' title='bbox 676 1275 916 1313; x_wconf 86' lang='lat' dir='ltr'>Philemonis</span> <span class='ocrx_word' id='word_1_156' title='bbox 946 1281 1134 1324; x_wconf 84' lang='grc' dir='ltr'><strong><em>Στρατιωτ.</em></strong></span> <span class='ocrx_word' id='word_1_157' title='bbox 1167 1275 1238 1312; x_wconf 87' lang='lat'>24:</span> 
     </span>
     <span class='ocr_line' id='line_1_17' title="bbox 566 1336 1358 1393; baseline -0.003 -13"><span class='ocrx_word' id='word_1_158' title='bbox 566 1336 715 1386; x_wconf 61' lang='grc' dir='ltr'><strong><em>ἅπαννες</em></strong></span> <span class='ocrx_word' id='word_1_159' title='bbox 748 1344 781 1379; x_wconf 77' lang='grc' dir='ltr'>οἱ</span> <span class='ocrx_word' id='word_1_160' title='bbox 810 1345 983 1393; x_wconf 77' lang='grc' dir='ltr'><strong><em>φαγόντες</em></strong></span> <span class='ocrx_word' id='word_1_161' title='bbox 1013 1342 1160 1392; x_wconf 69' lang='grc' dir='ltr'>ἐγένοντ’</span> <span class='ocrx_word' id='word_1_162' title='bbox 1194 1345 1235 1379; x_wconf 82' lang='grc' dir='ltr'>ἂν</span> <span class='ocrx_word' id='word_1_163' title='bbox 1268 1345 1358 1379; x_wconf 75' lang='grc' dir='ltr'><strong><em>θεοί·</em></strong></span> 
     </span>
     <span class='ocr_line' id='line_1_18' title="bbox 565 1411 1331 1461; baseline -0.003 -12"><span class='ocrx_word' id='word_1_164' title='bbox 565 1412 775 1449; x_wconf 65' lang='grc' dir='ltr'><strong><em>ἀθανασίαν</em></strong></span> <span class='ocrx_word' id='word_1_165' title='bbox 806 1413 942 1461; x_wconf 68' lang='grc' dir='ltr'><strong><em>εὕρηκα·</em></strong></span> <span class='ocrx_word' id='word_1_166' title='bbox 974 1412 1053 1453; x_wconf 80' lang='grc' dir='ltr'><strong><em>τοὺς</em></strong></span> <span class='ocrx_word' id='word_1_167' title='bbox 1084 1411 1147 1457; x_wconf 59' lang='grc' dir='ltr'>«ἤδη</span> <span class='ocrx_word' id='word_1_168' title='bbox 1178 1412 1331 1460; x_wconf 77' lang='grc' dir='ltr'><strong><em>νεκρούς,</em></strong></span> 
     </span>
     <span class='ocr_line' id='line_1_19' title="bbox 565 1478 1458 1528; baseline -0.002 -11"><span class='ocrx_word' id='word_1_169' title='bbox 565 1482 647 1517; x_wconf 82' lang='grc' dir='ltr'><strong><em>ὅταν</em></strong></span> <span class='ocrx_word' id='word_1_170' title='bbox 679 1478 819 1528; x_wconf 83' lang='grc' dir='ltr'><strong><em>[μόνον]</em></strong></span> <span class='ocrx_word' id='word_1_171' title='bbox 852 1479 1103 1528; x_wconf 73' lang='grc' dir='ltr'><strong><em>ὀσφρανθῶσι,</em></strong></span> <span class='ocrx_word' id='word_1_172' title='bbox 1135 1481 1227 1516; x_wconf 81' lang='grc' dir='ltr'><strong><em>ποιῶ</em></strong></span> <span class='ocrx_word' id='word_1_173' title='bbox 1255 1481 1312 1524; x_wconf 67' lang='grc' dir='ltr'>ζῆν</span> <span class='ocrx_word' id='word_1_174' title='bbox 1343 1481 1458 1515; x_wconf 79' lang='grc' dir='ltr'>πάλιν.</span> 
     </span>
    </p>
   </div>
   <div class='ocr_carea' id='block_1_5' title="bbox 296 1547 1775 1602">
    <p class='ocr_par' dir='ltr' id='par_1_5' title="bbox 296 1547 1775 1602">
     <span class='ocr_line' id='line_1_20' title="bbox 296 1547 1775 1602; baseline -0.004 -12"><span class='ocrx_word' id='word_1_175' title='bbox 296 1555 373 1590; x_wconf 87' lang='lat'>835</span> <span class='ocrx_word' id='word_1_176' title='bbox 400 1565 456 1602; x_wconf 86' lang='lat' dir='ltr'>sq.</span> <span class='ocrx_word' id='word_1_177' title='bbox 499 1550 681 1589; x_wconf 77' lang='lat' dir='ltr'>Inaudita</span> <span class='ocrx_word' id='word_1_178' title='bbox 708 1549 1041 1587; x_wconf 85' lang='lat' dir='ltr'>condimentorum</span> <span class='ocrx_word' id='word_1_179' title='bbox 1066 1548 1225 1585; x_wconf 87' lang='lat' dir='ltr'>nomina</span> <span class='ocrx_word' id='word_1_180' title='bbox 1247 1547 1408 1585; x_wconf 85' lang='lat' dir='ltr'>ludibrii</span> <span class='ocrx_word' id='word_1_181' title='bbox 1433 1561 1549 1584; x_wconf 78' lang='lat' dir='ltr'>causa</span> <span class='ocrx_word' id='word_1_182' title='bbox 1572 1548 1697 1596; x_wconf 77' lang='lat' dir='ltr'>fingit,</span> <span class='ocrx_word' id='word_1_183' title='bbox 1730 1548 1775 1584; x_wconf 83' lang='lat' dir='ltr'>cf.</span> 
     </span>
    </p>
   </div>
   <div class='ocr_carea' id='block_1_6' title="bbox 293 1615 1899 1670">
    <p class='ocr_par' dir='ltr' id='par_1_6' title="bbox 293 1615 1899 1670">
     <span class='ocr_line' id='line_1_21' title="bbox 293 1615 1899 1670; baseline -0.006 -11"><span class='ocrx_word' id='word_1_184' title='bbox 293 1623 436 1659; x_wconf 83' lang='lat' dir='ltr'>Athen.</span> <span class='ocrx_word' id='word_1_185' title='bbox 469 1621 558 1658; x_wconf 86' lang='lat' dir='ltr'>XIV</span> <span class='ocrx_word' id='word_1_186' title='bbox 590 1633 626 1670; x_wconf 87' lang='lat' dir='ltr'>p.</span> <span class='ocrx_word' id='word_1_187' title='bbox 663 1619 740 1656; x_wconf 78' lang='grc'>659</span> <span class='ocrx_word' id='word_1_188' title='bbox 773 1618 818 1654; x_wconf 87' lang='lat' dir='ltr'>b:</span> <span class='ocrx_word' id='word_1_189' title='bbox 865 1618 1018 1665; x_wconf 78' lang='grc' dir='ltr'><strong><em>μάλιστα</em></strong></span> <span class='ocrx_word' id='word_1_190' title='bbox 1056 1617 1128 1665; x_wconf 80' lang='grc' dir='ltr'>γὰρ</span> <span class='ocrx_word' id='word_1_191' title='bbox 1165 1615 1369 1664; x_wconf 75' lang='grc' dir='ltr'><strong><em>εἰσάγονται</em></strong></span> <span class='ocrx_word' id='word_1_192' title='bbox 1400 1616 1433 1650; x_wconf 68' lang='grc' dir='ltr'>οἱ</span> <span class='ocrx_word' id='word_1_193' title='bbox 1463 1617 1627 1665; x_wconf 68' lang='grc' dir='ltr'>μάγειροι</span> <span class='ocrx_word' id='word_1_194' title='bbox 1658 1630 1776 1651; x_wconf 85' lang='grc' dir='ltr'><strong><em>σκωπ-</em></strong></span> <span class='ocrx_word' id='word_1_195' title='bbox 1812 1637 1820 1640; x_wconf 94' lang='grc'><strong>-</strong></span> <span class='ocrx_word' id='word_1_196' title='bbox 1892 1636 1899 1642; x_wconf 87' lang='lat'>.</span> 
     </span>
    </p>
   </div>
   <div class='ocr_carea' id='block_1_7' title="bbox 294 1684 1822 2816">
    <p class='ocr_par' dir='ltr' id='par_1_7' title="bbox 294 1684 1776 1737">
     <span class='ocr_line' id='line_1_22' title="bbox 294 1684 1776 1737; baseline -0.005 -11"><span class='ocrx_word' id='word_1_197' title='bbox 294 1692 381 1726; x_wconf 60' lang='lat' dir='ltr'>num?</span> <span class='ocrx_word' id='word_1_198' title='bbox 398 1704 494 1733; x_wconf 73' lang='grc' dir='ltr'><strong><em>τινες,</em></strong></span> <span class='ocrx_word' id='word_1_199' title='bbox 519 1690 562 1731; x_wconf 79' lang='grc' dir='ltr'>ὡς</span> <span class='ocrx_word' id='word_1_200' title='bbox 579 1688 678 1737; x_wconf 79' lang='grc' dir='ltr'><strong><em>παρὰ</em></strong></span> <span class='ocrx_word' id='word_1_201' title='bbox 696 1686 892 1735; x_wconf 80' lang='grc' dir='ltr'><strong><em>Μενάνδρῳ</em></strong></span> <span class='ocrx_word' id='word_1_202' title='bbox 910 1688 944 1720; x_wconf 76' lang='grc' dir='ltr'>ἐν</span> <span class='ocrx_word' id='word_1_203' title='bbox 966 1685 1228 1733; x_wconf 80' lang='grc' dir='ltr'><strong><em>Ἐπιτρέπουσι,</em></strong></span> <span class='ocrx_word' id='word_1_204' title='bbox 1244 1684 1303 1720; x_wconf 82' lang='grc' dir='ltr'>καὶ</span> <span class='ocrx_word' id='word_1_205' title='bbox 1327 1686 1491 1732; x_wconf 74' lang='grc' dir='ltr'><strong><em>Φιλήμων</em></strong></span> <span class='ocrx_word' id='word_1_206' title='bbox 1514 1685 1551 1720; x_wconf 78' lang='grc' dir='ltr'>δέ</span> <span class='ocrx_word' id='word_1_207' title='bbox 1567 1699 1637 1720; x_wconf 82' lang='grc' dir='ltr'>που</span> <span class='ocrx_word' id='word_1_208' title='bbox 1660 1685 1776 1730; x_wconf 73' lang='grc' dir='ltr'><strong><em>φησὶν·</em></strong></span> 
     </span>
    </p>

    <p class='ocr_par' dir='ltr' id='par_1_8' title="bbox 565 1751 1453 1806">
     <span class='ocr_line' id='line_1_23' title="bbox 565 1751 1453 1806; baseline -0.006 -13"><span class='ocrx_word' id='word_1_209' title='bbox 565 1756 696 1806; x_wconf 70' lang='grc' dir='ltr'><em>Σφίγγ’</em></span> <span class='ocrx_word' id='word_1_210' title='bbox 730 1753 858 1803; x_wconf 70' lang='grc' dir='ltr'><strong><em>ἄρρεν’,</em></strong></span> <span class='ocrx_word' id='word_1_211' title='bbox 889 1754 930 1790; x_wconf 77' lang='grc' dir='ltr'>οὗ</span> <span class='ocrx_word' id='word_1_212' title='bbox 959 1754 1141 1802; x_wconf 79' lang='grc' dir='ltr'><strong><em>μάγειρον,</em></strong></span> <span class='ocrx_word' id='word_1_213' title='bbox 1172 1752 1219 1794; x_wconf 80' lang='grc' dir='ltr'>εἰς</span> <span class='ocrx_word' id='word_1_214' title='bbox 1248 1754 1309 1798; x_wconf 70' lang='grc' dir='ltr'>τὴν</span> <span class='ocrx_word' id='word_1_215' title='bbox 1340 1751 1453 1789; x_wconf 80' lang='grc' dir='ltr'><strong><em>οἰκίαν</em></strong></span> 
     </span>
    </p>

    <p class='ocr_par' dir='ltr' id='par_1_9' title="bbox 565 1820 1446 1872">
     <span class='ocr_line' id='line_1_24' title="bbox 565 1820 1446 1872; baseline -0.006 -11"><span class='ocrx_word' id='word_1_216' title='bbox 565 1824 687 1871; x_wconf 71' lang='grc' dir='ltr'><strong><em>εἴληφ’·</em></strong></span> <span class='ocrx_word' id='word_1_217' title='bbox 720 1824 841 1864; x_wconf 76' lang='grc' dir='ltr'><em>ἁπλῶς</em></span> <span class='ocrx_word' id='word_1_218' title='bbox 869 1823 940 1872; x_wconf 86' lang='grc' dir='ltr'>γὰρ</span> <span class='ocrx_word' id='word_1_219' title='bbox 972 1822 1051 1857; x_wconf 78' lang='grc' dir='ltr'><strong><em>οὐδὲ</em></strong></span> <span class='ocrx_word' id='word_1_220' title='bbox 1083 1820 1118 1857; x_wconf 73' lang='grc' dir='ltr'>ἓν</span> <span class='ocrx_word' id='word_1_221' title='bbox 1146 1822 1197 1869; x_wconf 84' lang='grc' dir='ltr'>μὰ</span> <span class='ocrx_word' id='word_1_222' title='bbox 1226 1822 1306 1862; x_wconf 70' lang='grc' dir='ltr'><strong><em>τοὺς</em></strong></span> <span class='ocrx_word' id='word_1_223' title='bbox 1340 1822 1446 1862; x_wconf 69' lang='grc' dir='ltr'><strong><em>θεοὺς</em></strong></span> 
     </span>
    </p>

    <p class='ocr_par' dir='ltr' id='par_1_10' title="bbox 565 1888 1283 1942">
     <span class='ocr_line' id='line_1_25' title="bbox 565 1888 1283 1942; baseline -0.007 -13"><span class='ocrx_word' id='word_1_224' title='bbox 565 1888 680 1942; x_wconf 80' lang='grc' dir='ltr'><strong><em>ὧνπερ</em></strong></span> <span class='ocrx_word' id='word_1_225' title='bbox 711 1894 801 1942; x_wconf 83' lang='grc' dir='ltr'><em>λέγει</em></span> <span class='ocrx_word' id='word_1_226' title='bbox 834 1893 983 1938; x_wconf 74' lang='grc' dir='ltr'><strong><em>συνίημι·</em></strong></span> <span class='ocrx_word' id='word_1_227' title='bbox 1015 1890 1283 1939; x_wconf 15' lang='grc' dir='ltr'><strong><em>καινὰγρἧατα</em></strong></span> 
     </span>
    </p>

    <p class='ocr_par' dir='ltr' id='par_1_11' title="bbox 299 1960 1778 2080">
     <span class='ocr_line' id='line_1_26' title="bbox 567 1960 1040 2011; baseline -0.008 -13"><span class='ocrx_word' id='word_1_228' title='bbox 567 1962 826 2011; x_wconf 79' lang='grc' dir='ltr'><strong><em>πεπορισμένος</em></strong></span> <span class='ocrx_word' id='word_1_229' title='bbox 855 1960 926 2009; x_wconf 87' lang='grc' dir='ltr'>γὰρ</span> <span class='ocrx_word' id='word_1_230' title='bbox 957 1961 1040 1996; x_wconf 81' lang='grc' dir='ltr'>ἐστι’.</span> 
     </span>
     <span class='ocr_line' id='line_1_27' title="bbox 299 2023 1778 2080; baseline -0.003 -13"><span class='ocrx_word' id='word_1_231' title='bbox 299 2029 342 2069; x_wconf 66' lang='lat' dir='ltr'>ein</span> <span class='ocrx_word' id='word_1_232' title='bbox 364 2032 538 2080; x_wconf 65' lang='lat' dir='ltr'>patrna-5·</span> <span class='ocrx_word' id='word_1_233' title='bbox 566 2025 705 2068; x_wconf 66' lang='lat' dir='ltr'>indidi</span> <span class='ocrx_word' id='word_1_234' title='bbox 727 2029 772 2066; x_wconf 94' lang='lat' dir='ltr'>A.</span> <span class='ocrx_word' id='word_1_235' title='bbox 795 2048 844 2054; x_wconf 92' lang='lat'>--</span> <span class='ocrx_word' id='word_1_236' title='bbox 872 2028 964 2065; x_wconf 80' lang='lat'>836.</span> <span class='ocrx_word' id='word_1_237' title='bbox 998 2023 1286 2075; x_wconf 71' lang='lat' dir='ltr'>cepolen‘drum</span> <span class='ocrx_word' id='word_1_238' title='bbox 1311 2026 1344 2062; x_wconf 89' lang='lat' dir='ltr'>A</span> <span class='ocrx_word' id='word_1_239' title='bbox 1368 2025 1633 2074; x_wconf 84' lang='lat' dir='ltr'>superscripto</span> <span class='ocrx_word' id='word_1_240' title='bbox 1657 2027 1681 2070; x_wconf 93' lang='lat' dir='ltr'>i,</span> <span class='ocrx_word' id='word_1_241' title='bbox 1712 2024 1778 2062; x_wconf 77' lang='lat' dir='ltr'>sed</span> 
     </span>
    </p>

    <p class='ocr_par' dir='ltr' id='par_1_12' title="bbox 1500 2104 1519 2130">
     <span class='ocr_line' id='line_1_28' title="bbox 1500 2104 1519 2130; baseline 0 0"><span class='ocrx_word' id='word_1_242' title='bbox 1500 2104 1519 2130; x_wconf 77' lang='lat' dir='ltr'>e</span> 
     </span>
    </p>

    <p class='ocr_par' dir='ltr' id='par_1_13' title="bbox 296 2141 1822 2816">
     <span class='ocr_line' id='line_1_29' title="bbox 296 2141 1779 2206; baseline -0.005 -13"><span class='ocrx_word' id='word_1_243' title='bbox 296 2169 428 2194; x_wconf 83' lang='lat' dir='ltr'>errore</span> <span class='ocrx_word' id='word_1_244' title='bbox 460 2156 609 2206; x_wconf 87' lang='lat' dir='ltr'>primae,</span> <span class='ocrx_word' id='word_1_245' title='bbox 641 2168 717 2192; x_wconf 89' lang='lat' dir='ltr'>non</span> <span class='ocrx_word' id='word_1_246' title='bbox 750 2156 879 2191; x_wconf 84' lang='lat' dir='ltr'>tertiae</span> <span class='ocrx_word' id='word_1_247' title='bbox 910 2152 1082 2202; x_wconf 84' lang='lat' dir='ltr'>syllabae.</span> <span class='ocrx_word' id='word_1_248' title='bbox 1150 2141 1375 2189; x_wconf 62' lang='lat' dir='ltr'>maccide&#39;m</span> <span class='ocrx_word' id='word_1_249' title='bbox 1404 2154 1444 2187; x_wconf 87' lang='lat' dir='ltr'>et</span> <span class='ocrx_word' id='word_1_250' title='bbox 1472 2147 1717 2199; x_wconf 73' lang='lat' dir='ltr'>Sicaptidem</span> <span class='ocrx_word' id='word_1_251' title='bbox 1746 2150 1779 2186; x_wconf 82' lang='lat' dir='ltr'>A</span> 
     </span>
     <span class='ocr_line' id='line_1_30' title="bbox 297 2216 1778 2269; baseline -0.004 -8"><span class='ocrx_word' id='word_1_252' title='bbox 297 2229 398 2262; x_wconf 74' lang='lat' dir='ltr'>teste</span> <span class='ocrx_word' id='word_1_253' title='bbox 439 2223 582 2261; x_wconf 74' lang='lat' dir='ltr'>Lowio.</span> <span class='ocrx_word' id='word_1_254' title='bbox 630 2241 683 2248; x_wconf 89' lang='lat'>—-</span> <span class='ocrx_word' id='word_1_255' title='bbox 730 2223 823 2260; x_wconf 85' lang='lat'>837.</span> <span class='ocrx_word' id='word_1_256' title='bbox 868 2217 992 2269; x_wconf 73' lang='lat' dir='ltr'>Ipsae</span> <span class='ocrx_word' id='word_1_257' title='bbox 1023 2230 1067 2257; x_wconf 80' lang='lat' dir='ltr'>se</span> <span class='ocrx_word' id='word_1_258' title='bbox 1095 2216 1272 2268; x_wconf 56' lang='lat' dir='ltr'>patinae</span> <span class='ocrx_word' id='word_1_259' title='bbox 1303 2217 1481 2256; x_wconf 80' lang='lat' dir='ltr'>Guietus.</span> <span class='ocrx_word' id='word_1_260' title='bbox 1514 2219 1568 2265; x_wconf 87' lang='lat' dir='ltr'>A,</span> <span class='ocrx_word' id='word_1_261' title='bbox 1600 2233 1634 2256; x_wconf 93' lang='lat' dir='ltr'>v.</span> <span class='ocrx_word' id='word_1_262' title='bbox 1675 2217 1778 2255; x_wconf 74' lang='lat' dir='ltr'>Low.</span> 
     </span>
     <span class='ocr_line' id='line_1_31' title="bbox 297 2285 1778 2343; baseline -0.006 -13"><span class='ocrx_word' id='word_1_263' title='bbox 297 2307 334 2343; x_wconf 86' lang='lat' dir='ltr'>p.</span> <span class='ocrx_word' id='word_1_264' title='bbox 365 2294 463 2337; x_wconf 81' lang='lat'>170,</span> <span class='ocrx_word' id='word_1_265' title='bbox 502 2291 677 2340; x_wconf 79' lang='lat' dir='ltr'>„Eaepse</span> <span class='ocrx_word' id='word_1_266' title='bbox 704 2287 904 2340; x_wconf 84' lang='lat' dir='ltr'>patinae“.</span> <span class='ocrx_word' id='word_1_267' title='bbox 955 2289 1076 2338; x_wconf 86' lang='lat' dir='ltr'>Bugg.</span> <span class='ocrx_word' id='word_1_268' title='bbox 1104 2288 1244 2325; x_wconf 85' lang='lat' dir='ltr'>Philol.</span> <span class='ocrx_word' id='word_1_269' title='bbox 1263 2286 1375 2324; x_wconf 87' lang='lat' dir='ltr'>XXX</span> <span class='ocrx_word' id='word_1_270' title='bbox 1404 2300 1442 2336; x_wconf 91' lang='lat' dir='ltr'>p.</span> <span class='ocrx_word' id='word_1_271' title='bbox 1471 2287 1568 2323; x_wconf 83' lang='lat'>257:</span> <span class='ocrx_word' id='word_1_272' title='bbox 1606 2285 1778 2335; x_wconf 76' lang='lat' dir='ltr'>„Eaepse</span> 
     </span>
     <span class='ocr_line' id='line_1_32' title="bbox 297 2354 1779 2407; baseline -0.005 -10"><span class='ocrx_word' id='word_1_273' title='bbox 297 2358 406 2398; x_wconf 80' lang='lat' dir='ltr'>sese“</span> <span class='ocrx_word' id='word_1_274' title='bbox 463 2361 607 2397; x_wconf 86' lang='lat' dir='ltr'>omisso</span> <span class='ocrx_word' id='word_1_275' title='bbox 661 2371 740 2395; x_wconf 85' lang='lat' dir='ltr'>voc.</span> <span class='ocrx_word' id='word_1_276' title='bbox 792 2355 1022 2407; x_wconf 81' lang='lat' dir='ltr'>,‚patinae“;</span> <span class='ocrx_word' id='word_1_277' title='bbox 1081 2357 1270 2394; x_wconf 74' lang='lat' dir='ltr'>Bucheler</span> <span class='ocrx_word' id='word_1_278' title='bbox 1314 2355 1400 2392; x_wconf 85' lang='lat' dir='ltr'>Lat.</span> <span class='ocrx_word' id='word_1_279' title='bbox 1447 2354 1597 2392; x_wconf 84' lang='lat' dir='ltr'>Declin.</span> <span class='ocrx_word' id='word_1_280' title='bbox 1644 2354 1694 2390; x_wconf 85' lang='grc'>26</span> <span class='ocrx_word' id='word_1_281' title='bbox 1741 2357 1779 2390; x_wconf 82' lang='lat' dir='ltr'>et</span> 
     </span>
     <span class='ocr_line' id='line_1_33' title="bbox 298 2417 1778 2477; baseline -0.005 -12"><span class='ocrx_word' id='word_1_282' title='bbox 298 2428 440 2477; x_wconf 85' lang='lat' dir='ltr'>Bergk.</span> <span class='ocrx_word' id='word_1_283' title='bbox 472 2427 591 2464; x_wconf 85' lang='lat' dir='ltr'>Beitr.</span> <span class='ocrx_word' id='word_1_284' title='bbox 623 2440 660 2476; x_wconf 92' lang='lat' dir='ltr'>p.</span> <span class='ocrx_word' id='word_1_285' title='bbox 699 2427 797 2463; x_wconf 81' lang='lat'>148:</span> <span class='ocrx_word' id='word_1_286' title='bbox 841 2418 948 2472; x_wconf 68' lang='lat' dir='ltr'>,Eae</span> <span class='ocrx_word' id='word_1_287' title='bbox 979 2438 1090 2474; x_wconf 87' lang='lat' dir='ltr'>sepse</span> <span class='ocrx_word' id='word_1_288' title='bbox 1122 2422 1320 2474; x_wconf 82' lang='lat' dir='ltr'>patinae“.</span> <span class='ocrx_word' id='word_1_289' title='bbox 1351 2443 1406 2448; x_wconf 92' lang='lat'>—</span> <span class='ocrx_word' id='word_1_290' title='bbox 1445 2422 1536 2460; x_wconf 84' lang='lat'>838.</span> <span class='ocrx_word' id='word_1_291' title='bbox 1575 2417 1688 2459; x_wconf 80' lang='lat' dir='ltr'>Haec</span> <span class='ocrx_word' id='word_1_292' title='bbox 1718 2419 1778 2458; x_wconf 88' lang='lat' dir='ltr'>ed.</span> 
     </span>
     <span class='ocr_line' id='line_1_34' title="bbox 299 2489 1779 2546; baseline -0.004 -14"><span class='ocrx_word' id='word_1_293' title='bbox 299 2510 356 2546; x_wconf 81' lang='lat' dir='ltr'>pr.</span> <span class='ocrx_word' id='word_1_294' title='bbox 403 2516 455 2521; x_wconf 90' lang='lat'>—</span> <span class='ocrx_word' id='word_1_295' title='bbox 504 2492 693 2543; x_wconf 68' lang='lat' dir='ltr'>Neptuni</span> <span class='ocrx_word' id='word_1_296' title='bbox 728 2491 923 2542; x_wconf 72' lang='lat' dir='ltr'>pecusleS,</span> <span class='ocrx_word' id='word_1_297' title='bbox 970 2495 1114 2543; x_wconf 73' lang='lat' dir='ltr'>pisces,</span> <span class='ocrx_word' id='word_1_298' title='bbox 1164 2493 1312 2540; x_wconf 73' lang='lat' dir='ltr'>tragice</span> <span class='ocrx_word' id='word_1_299' title='bbox 1358 2492 1541 2541; x_wconf 74' lang='lat' dir='ltr'>loquitur.</span> <span class='ocrx_word' id='word_1_300' title='bbox 1586 2509 1641 2513; x_wconf 95' lang='lat'><strong>—</strong></span> <span class='ocrx_word' id='word_1_301' title='bbox 1687 2489 1779 2526; x_wconf 89' lang='lat'>839.</span> 
     </span>
     <span class='ocr_line' id='line_1_35' title="bbox 300 2552 1781 2625; baseline -0.005 -24"><span class='ocrx_word' id='word_1_302' title='bbox 300 2561 584 2602; x_wconf 62' lang='lat' dir='ltr'>eicionaliuclro</span> <span class='ocrx_word' id='word_1_303' title='bbox 638 2564 775 2613; x_wconf 76' lang='lat' dir='ltr'>scripsi</span> <span class='ocrx_word' id='word_1_304' title='bbox 831 2562 964 2599; x_wconf 73' lang='lat' dir='ltr'>Lowio</span> <span class='ocrx_word' id='word_1_305' title='bbox 1019 2562 1127 2599; x_wconf 86' lang='lat' dir='ltr'>duce.</span> <span class='ocrx_word' id='word_1_306' title='bbox 1174 2580 1228 2585; x_wconf 87' lang='lat'>—</span> <span class='ocrx_word' id='word_1_307' title='bbox 1283 2561 1375 2597; x_wconf 79' lang='lat'>840.</span> <span class='ocrx_word' id='word_1_308' title='bbox 1427 2556 1515 2596; x_wconf 68' lang='lat' dir='ltr'>Aac</span> <span class='ocrx_word' id='word_1_309' title='bbox 1565 2552 1781 2625; x_wconf 38' lang='lat' dir='ltr'>liapalopsi</span> 
     </span>
     <span class='ocr_line' id='line_1_36' title="bbox 300 2624 1822 2679; baseline -0.005 -10"><span class='ocrx_word' id='word_1_310' title='bbox 300 2632 490 2669; x_wconf 73' lang='lat' dir='ltr'>Biichclei-</span> <span class='ocrx_word' id='word_1_311' title='bbox 520 2632 620 2669; x_wconf 66' lang='lat' dir='ltr'>Mus.</span> <span class='ocrx_word' id='word_1_312' title='bbox 654 2631 778 2668; x_wconf 84' lang='lat' dir='ltr'>Rhen.</span> <span class='ocrx_word' id='word_1_313' title='bbox 811 2630 881 2667; x_wconf 91' lang='lat' dir='ltr'>XV</span> <span class='ocrx_word' id='word_1_314' title='bbox 912 2644 948 2679; x_wconf 84' lang='lat' dir='ltr'>p.</span> <span class='ocrx_word' id='word_1_315' title='bbox 983 2630 1077 2666; x_wconf 81' lang='lat'>438.</span> <span class='ocrx_word' id='word_1_316' title='bbox 1116 2648 1169 2653; x_wconf 96' lang='lat'>—</span> <span class='ocrx_word' id='word_1_317' title='bbox 1216 2624 1458 2667; x_wconf 65' lang='lat' dir='ltr'>caturae-tria</span> <span class='ocrx_word' id='word_1_318' title='bbox 1489 2628 1534 2663; x_wconf 88' lang='lat' dir='ltr'>A.</span> <span class='ocrx_word' id='word_1_319' title='bbox 1581 2645 1634 2650; x_wconf 89' lang='lat'>—</span> <span class='ocrx_word' id='word_1_320' title='bbox 1687 2625 1778 2663; x_wconf 80' lang='lat'>842.</span> <span class='ocrx_word' id='word_1_321' title='bbox 1820 2654 1822 2657; x_wconf 91' lang='lat'>.</span> 
     </span>
     <span class='ocr_line' id='line_1_37' title="bbox 301 2684 1778 2737; baseline -0.005 0"><span class='ocrx_word' id='word_1_322' title='bbox 301 2697 385 2737; x_wconf 59' lang='lat' dir='ltr'>tuis</span> <span class='ocrx_word' id='word_1_323' title='bbox 415 2697 510 2737; x_wconf 68' lang='lat' dir='ltr'>istis</span> <span class='ocrx_word' id='word_1_324' title='bbox 534 2702 579 2737; x_wconf 90' lang='lat' dir='ltr'>A.</span> <span class='ocrx_word' id='word_1_325' title='bbox 612 2684 666 2724; x_wconf 43' lang='grc' dir='ltr'>-ἶ</span> <span class='ocrx_word' id='word_1_326' title='bbox 700 2699 791 2736; x_wconf 78' lang='lat'>843.</span> <span class='ocrx_word' id='word_1_327' title='bbox 825 2693 925 2736; x_wconf 61' lang='lat' dir='ltr'>Sim:</span> <span class='ocrx_word' id='word_1_328' title='bbox 955 2694 1020 2735; x_wconf 69' lang='lat' dir='ltr'>sis</span> <span class='ocrx_word' id='word_1_329' title='bbox 1043 2698 1088 2734; x_wconf 88' lang='lat' dir='ltr'>A.</span> <span class='ocrx_word' id='word_1_330' title='bbox 1121 2717 1175 2721; x_wconf 97' lang='lat'><strong>—</strong></span> <span class='ocrx_word' id='word_1_331' title='bbox 1206 2694 1219 2733; x_wconf 69' lang='lat' dir='ltr'>i</span> <span class='ocrx_word' id='word_1_332' title='bbox 1250 2695 1402 2733; x_wconf 76' lang='lat' dir='ltr'>addidit</span> <span class='ocrx_word' id='word_1_333' title='bbox 1432 2694 1580 2732; x_wconf 77' lang='lat' dir='ltr'>Camer.</span> <span class='ocrx_word' id='word_1_334' title='bbox 1613 2698 1656 2730; x_wconf 85' lang='lat' dir='ltr'>ut</span> <span class='ocrx_word' id='word_1_335' title='bbox 1688 2693 1778 2730; x_wconf 83' lang='lat'>336.</span> 
     </span>
     <span class='ocr_line' id='line_1_38' title="bbox 307 2761 1780 2816; baseline -0.005 -11"><span class='ocrx_word' id='word_1_336' title='bbox 307 2788 350 2793; x_wconf 83' lang='lat'>-—</span> <span class='ocrx_word' id='word_1_337' title='bbox 395 2770 485 2805; x_wconf 61' lang='lat'>844.</span> <span class='ocrx_word' id='word_1_338' title='bbox 527 2767 691 2816; x_wconf 49' lang='lat' dir='ltr'>seruant</span> <span class='ocrx_word' id='word_1_339' title='bbox 724 2769 766 2803; x_wconf 74' lang='lat' dir='ltr'>A.</span> <span class='ocrx_word' id='word_1_340' title='bbox 809 2787 860 2790; x_wconf 91' lang='lat'>—</span> <span class='ocrx_word' id='word_1_341' title='bbox 903 2768 992 2803; x_wconf 57' lang='lat'>8423.</span> <span class='ocrx_word' id='word_1_342' title='bbox 1035 2761 1081 2802; x_wconf 56' lang='lat' dir='ltr'>lx</span> <span class='ocrx_word' id='word_1_343' title='bbox 1113 2763 1231 2811; x_wconf 67' lang='lat' dir='ltr'>odo-s,</span> <span class='ocrx_word' id='word_1_344' title='bbox 1273 2766 1296 2800; x_wconf 90' lang='lat' dir='ltr'>i.</span> <span class='ocrx_word' id='word_1_345' title='bbox 1329 2778 1361 2800; x_wconf 88' lang='lat' dir='ltr'>e.</span> <span class='ocrx_word' id='word_1_346' title='bbox 1393 2763 1490 2799; x_wconf 81' lang='lat' dir='ltr'>odoi·</span> <span class='ocrx_word' id='word_1_347' title='bbox 1523 2763 1609 2799; x_wconf 81' lang='lat' dir='ltr'>inde</span> <span class='ocrx_word' id='word_1_348' title='bbox 1641 2763 1780 2799; x_wconf 84' lang='lat' dir='ltr'>oriens.</span> 
     </span>
    </p>
   </div>
   <div class='ocr_carea' id='block_1_8' title="bbox 1813 0 1963 3243">
    <p class='ocr_par' dir='ltr' id='par_1_14' title="bbox 1813 0 1963 3243">
     <span class='ocr_line' id='line_1_39' title="bbox 1813 0 1963 3243; baseline 0 0"><span class='ocrx_word' id='word_1_349' title='bbox 1813 0 1963 3243; x_wconf 95' lang='lat' dir='ltr'> </span> 
     </span>
    </p>
   </div>
  </div>
 </body>
</html>
