1963 3243
789 220 982 258 Poenulus.
1546 231 1620 271 171

82 346 114 394 j
693 345 1059 402 Syncerastus

75 398 90 414 ³
134 404 274 451 Malus
304 404 379 448 es?

72 471 115 499 .·.
758 460 989 515 Milphio

335 517 476 561 Malus
508 531 613 560 sum.

691 588 1059 644 Syncerastus

539 660 655 704 Male
686 660 791 703 mihi
823 666 901 704 est.

761 739 988 795 Milphio

738 811 946 865 Memora,
977 827 1079 855 num
1111 827 1207 856 esse
1238 813 1367 856 aliter
1398 813 1534 857 decet.
1559 825 1627 860 865

64 882 76 937 ³,
128 885 247 939 Quid
270 889 347 936 est,
380 883 496 940 quod
522 883 634 926 male
660 884 718 926 sit
741 884 833 935 tibi,
865 885 967 938 quoi
993 884 1108 927 domi
1134 885 1203 936 sit,
1228 885 1346 940 quod
1371 885 1462 928 edis
1491 885 1624 939 quod-

78 967 82 972 ·
1152 971 1235 1011 que
1268 971 1399 1006 ames,
1432 956 1625 1009 adfatim,

63 1060 86 1085 ,ρ
130 1029 282 1084 Neque
311 1028 545 1072 triobolum
575 1027 712 1070 ullum
744 1028 908 1070 amicae
941 1028 1019 1070 das
1051 1033 1094 1070 et
1125 1028 1278 1071 ductas
1307 1029 1476 1083 gratis?

702 1107 1060 1162 Syncerastus

80 1178 93 1186 '
132 1180 351 1235 Diespiter
380 1194 447 1222 me
479 1180 542 1222 sic
573 1179 750 1231 amabit,

767 1251 996 1306 Milphio

803 1323 861 1367 Ut
892 1324 1067 1379 quidem
1099 1324 1254 1379 edepol
1286 1324 1441 1378 dignus
1472 1338 1530 1367 es.

67 1439 127 1464 ι,
691 1402 1058 1458 Syncerastus

68 1503 71 1505 -
134 1474 194 1519 Ut
222 1487 300 1529 ego
330 1474 444 1518 hanc
474 1474 683 1519 familiam
714 1476 895 1519 interire
926 1477 1067 1530 cupio.

761 1555 989 1611 Milphio

1046 1626 1167 1669 Adde
1198 1639 1388 1681 operam,
1422 1626 1458 1668 si
1489 1626 1624 1680 cupis.

700 1705 727 1748 S
735 1722 762 1762 y
774 1721 800 1748 n
813 1721 834 1748 c
845 1721 867 1749 e
879 1721 900 1748 r
910 1721 936 1749 a
946 1711 1029 1749 stu
1041 1721 1060 1749 s

91 1777 93 1785 '
135 1775 236 1821 Sine
265 1778 418 1833 pennis
448 1778 598 1821 uolare
628 1778 746 1822 haud
777 1778 903 1821 facile
936 1783 1024 1831 est3
1064 1791 1185 1821 meae
1222 1777 1317 1820 alae
1348 1789 1511 1831 pennas
1541 1789 1627 1818 non

1153 1849 1328 1892 habent.
1559 1859 1628 1894 870

763 1921 855 1963 Mil
867 1937 893 1976 p
903 1921 990 1964 hio

71 1982 77 2027 ¹-
133 1992 281 2037 Nolito
312 1994 468 2050 edepol
499 1993 748 2046 deuellisse3
779 1994 890 2036 istae
921 1994 1007 2036 iam
1038 1993 1105 2035 his
1137 1992 1306 2036 duobus
1336 1991 1556 2035 mensibus

103 2064 110 2075 “
134 2064 341 2109 Uolucres
371 2065 454 2108 tibi
483 2070 612 2109 erunt
641 2070 744 2108 tuae
776 2066 1021 2120 hirquinae.

699 2145 1059 2200 Syncerastus

882 2217 902 2258 I
933 2218 976 2258 in
1008 2216 1167 2259 malam
1198 2230 1300 2258 rem.

764 2296 989 2351 Milphio
1246 2341 1250 2345 .

928 2353 931 2356 ’
1225 2352 1245 2394 I
1275 2357 1321 2394 tu
1353 2356 1486 2406 atque
1517 2365 1627 2394 erus.

703 2410 1063 2465 Syncerastus

109 2479 117 2549 .-
135 2480 297 2526 Uerum
323 2483 450 2535 enim,
482 2483 557 2537 qui
580 2482 710 2525 modo
737 2497 832 2524 eum
850 2483 977 2533 norit,
1009 2482 1095 2524 cito
1111 2481 1240 2523 homo
1257 2480 1453 2535 peruorti
1469 2483 1628 2534 potest.

98 2661 102 2668 .
161 2602 171 2646 ’Δ
224 2607 293 2666 ὲὸὄ
315 2629 595 2666 memorandum
620 2627 689 2664 BG
763 2628 856 2663 alter
879 2627 916 2662 B
997 2628 1064 2662 866
1089 2627 1158 2663 tibi
1184 2637 1250 2662 om.
1276 2625 1345 2662 BC
1424 2591 1577 2670 {omisit
1602 2624 1633 2660 0

99 2669 114 2732 ‚A
133 2685 206 2725 88
226 2685 261 2722 Κ
283 2696 350 2723 om.
433 2688 501 2722 869
525 2685 558 2721 Κ
583 2696 648 2722 om.
746 2686 814 2720 870
838 2684 962 2729 pinnis
986 2683 1022 2718 B
1102 2684 1175 2718 hau
1201 2683 1235 2718 A
1313 2681 1422 2718 facile
1447 2681 1478 2716 ai
1501 2681 1538 2717 B

115 2741 267 2786 mnas
378 2754 455 2780 non
478 2753 546 2779 om.
572 2742 602 2778 0
715 2742 780 2776 871
809 2740 896 2776 Noli
920 2741 956 2776 A
1062 2740 1246 2776 ‹leuelieee
1270 2739 1307 2774 A
1416 2740 1484 2774 872
1508 2737 1630 2774 Erunt.

101 2793 267 2839 Vhiifine
291 2799 322 2835 0
387 2799 407 2835 Ι
431 2810 498 2836 om.
523 2799 598 2842 Bo,
622 2799 660 2834 in
685 2809 751 2834 om.
773 2799 808 2833 A
877 2799 945 2833 873
970 2798 1033 2842 qui
1058 2796 1170 2832 homo
1195 2807 1277 2831 cnm
1302 2796 1404 2831 norit
1473 2795 1569 2832 scito
1593 2795 1630 2830 A
