1963 3243
113 231 155 276 V,
182 233 213 276 2,
239 232 374 267 78-88
759 230 954 266 Poenulus·
1528 239 1607 278 185

114 357 195 409 Qui
226 356 312 398 huc
344 355 557 398 aduenisti
590 370 668 398 nos
700 362 921 411 captatum
956 357 1160 411 migdssix,
1519 372 1609 405 1030

113 427 274 470 Bisulci
307 428 465 482 lingua,
498 428 623 482 quasi
657 442 916 483 proserpens
950 428 1100 471 bestia.

664 522 1050 576 Agorastocles

112 594 348 636 Maledicta
379 593 479 636 hinc
511 594 654 646 aufer;
687 594 878 647 linguam
912 608 1149 649 conpescas
1179 595 1286 637 face.

114 665 392 720 [Maledicere
425 665 525 707 huic
556 670 602 708 tu
636 666 913 720 ternpe1·abiS‚
947 667 981 708 si
1014 665 1161 721 sapis]

112 738 220 780 Meis
253 738 583 791 consanguineis
614 738 714 780 nolo
746 743 787 779 te
819 739 977 780 iniuste
1008 739 1138 793 loqui.

113 808 364 863 Carthagini
396 823 473 863 ego
507 823 602 851 sum
632 814 802 863 gnatus,
833 815 881 851 ut
912 815 956 852 tu
990 811 1049 852 sis
1081 811 1234 853 sciens.
1522 821 1609 855 1035

764 903 949 947 Hanno

112 974 147 1017 Ο
179 976 236 1017 mi
269 975 503 1029 popularis,
537 975 670 1018 salue.

664 1056 1051 1109 Agorastocles

741 1127 796 1170 Et
827 1132 873 1169 tu
907 1127 1073 1183 edepol,
1105 1129 1302 1182 quisquis
1335 1142 1392 1176 es,

111 1199 167 1240 Et
199 1199 233 1241 si
266 1198 367 1253 quid
402 1212 510 1252 opus
543 1203 620 1250 est,
653 1212 830 1253 quaeso,
863 1199 932 1242 dic
962 1205 1093 1254 atque
1125 1201 1277 1254 inpera

111 1269 422 1324 Popularitatis
455 1283 600 1312 causa.

766 1343 950 1385 Hanno

683 1414 836 1456 Habeo
869 1416 1068 1468 gratiam.

113 1484 290 1540 [Uerum
316 1487 428 1528 enim
454 1499 532 1539 ego
556 1486 627 1528 hic
650 1485 884 1540 hospitium
910 1487 1071 1539 habe03
1102 1486 1359 1528 Antidamae
1393 1486 1527 1528 filium

113 1557 282 1607 Quaero
312 1581 369 1586 —
401 1562 687 1609 conmonstra,
720 1559 756 1600 si
787 1559 947 1601 nouisti
979 1582 1033 1588 -
1066 1557 1425 1613 Agorastoclem]
1521 1570 1611 1603 1040

111 1629 192 1672 Sed
231 1644 409 1684 ecquem
443 1630 764 1672 adulescentem
796 1635 842 1671 tu
874 1630 944 1671 hic
975 1631 1135 1672 nouisti
1167 1630 1527 1683 Agorastoclem?

661 1710 1053 1763 Agorastocles

112 1779 157 1823 Si
191 1780 362 1834 quidem
394 1781 644 1823 Antidamai
676 1783 850 1835 quaeris
883 1782 1210 1836 adoptat-icium,

110 1852 200 1906 Ego
233 1867 326 1895 sum
358 1854 491 1908 ipsus,
526 1868 651 1907 quem
684 1858 729 1895 tu
764 1855 949 1908 quaeris.

763 1944 945 1987 Hanno

1013 2016 1104 2068 Em,
1137 2016 1239 2070 quid
1273 2031 1349 2071 ego
1381 2017 1544 2059 audio?

665 2088 1050 2142 Agorastocles

111 2158 371 2201 Antidamae
402 2163 579 2213 gnatum
610 2174 677 2202 me
710 2174 815 2202 esse.

762 2246 948 2289 Hanno

856 2318 898 2361 Si
930 2320 994 2361 ita
1025 2323 1102 2370 est,
1134 2323 1339 2362 tesseram

109 2386 314 2432 Conferre
349 2391 384 2431 si
415 2390 482 2431 uis
515 2389 790 2444 hospitalem,
824 2403 968 2432 eccam
1004 2390 1154 2432 adtuli.
1515 2403 1605 2436 1045

202 2525 288 2559 1030
311 2525 474 2560 micdilia
499 2524 567 2560 BC
680 2526 766 2559 1032
791 2525 886 2560 hanc
911 2525 944 2559 A
1062 2524 1181 2560 aufers
1302 2527 1386 2561 1033
1411 2529 1451 2561 tu
1477 2536 1542 2562 om.
1567 2526 1601 2560 A

110 2581 197 2615 1035
222 2581 320 2616 siens
346 2582 378 2615 A
476 2582 562 2616 1036
587 2581 675 2616 mihi
760 2582 820 2626 qui
848 2582 929 2626 quis
954 2581 990 2616 B
1083 2583 1168 2616 1037
1194 2582 1292 2627 quod
1317 2581 1353 2617 B
1438 2583 1525 2618 1039
1549 2594 1600 2628 sq.

106 2637 140 2672 h.
166 2638 187 2672 l.
213 2647 278 2672 om.
306 2638 338 2671 A
459 2640 547 2673 1039
571 2639 666 2672 enim
693 2643 726 2673 et
749 2638 809 2672 hic
835 2649 900 2673 om.
928 2639 962 2673 B
1079 2639 1216 2683 hospiti
1244 2650 1322 2674 sum
1348 2638 1418 2674 Bc
1515 2641 1605 2674 1040

108 2695 417 2729 commonstransi
444 2694 490 2738 Β,
517 2699 794 2730 commontrans
822 2695 850 2729 C
982 2697 1064 2729 1041
1094 2695 1161 2730 hec
1187 2707 1293 2740 quem
1420 2698 1505 2731 1042
1529 2697 1602 2731 An·

108 2750 276 2785 tidamati
302 2751 347 2794 A,
381 2751 686 2786 Anthidamarchi
713 2750 781 2786 BC'
947 2751 1173 2796 adoptatium
1200 2751 1235 2786 B
1405 2754 1490 2788 1043
1516 2752 1601 2788 hem

110 2808 196 2841 1044
220 2810 256 2842 te
283 2818 441 2843 esseram
468 2807 515 2850 Β,
542 2812 577 2842 te
603 2819 682 2843 esse
708 2809 779 2843 iam
808 2808 836 2843 C
1244 2814 1246 2816 '
