1963 3243
748 243 788 278 v,
814 245 1003 279 285—309.
1538 252 1611 291 241

134 371 245 409 lectis
276 383 438 419 surgere
470 371 718 419 dicebantur3
763 386 906 410 mensae
946 374 1078 423 potius
1115 374 1406 413 auferebantur.
1482 376 1619 427 Itaque

134 452 216 477 voc.
255 437 386 489 „poti“
436 444 662 489 corruptum
710 454 793 478 esse
839 441 976 487 cred03
1020 438 1109 479 noti
1148 443 1382 492 scripserim.
1457 443 1618 481 Plautus

134 510 263 544 certos
301 508 491 557 quosdam
530 507 705 545 homines
734 509 988 558 significavit,
1036 511 1262 547 nominatim
1305 511 1504 560 appellare
1543 526 1619 549 non

133 588 250 613 ausus
281 579 352 613 est.
381 596 435 602 —
453 577 545 614 298.
578 575 674 613 nato
705 574 873 623 wentini,
904 591 939 614 v.
958 578 1006 615 ad
1031 578 1147 615 Most.
1168 579 1260 615 394.
1289 597 1337 603 -
1373 580 1466 617 299.
1501 575 1618 617 Post-

133 639 206 682 illa
238 654 379 682 omnes
410 649 449 682 et
478 654 530 682 ree
561 642 731 682 credant
761 646 805 682 A.
846 665 902 670 —
941 647 1034 683 301.
1081 643 1332 695 arqentaria,
1365 647 1411 684 cf.
1444 649 1532 685 106.
1566 668 1620 673 —

135 713 227 750 302.
261 711 404 750 Locum
436 713 572 750 attulit
601 711 741 750 Festus
772 727 809 763 p.
848 714 942 759 178,
984 713 1051 750 sed
1082 714 1270 764 pleraque
1302 715 1439 752 lacuna
1469 715 1619 763 hausit3

132 785 305 818 restant:
355 785 505 828 ‚‚...to
544 794 657 819 caeca
699 780 761 818 die
799 779 1005 828 hercule“,
1052 782 1156 819 unde
1195 782 1384 820 Miillerus
1424 784 1621 822 intellexit

131 845 272 887 Emito
305 849 551 887 scribendum
584 862 679 886 esse.
755 849 864 888 Leno
887 854 1107 887 mercatura
1136 863 1312 888 nummos
1343 854 1474 900 parari
1505 865 1619 902 posse

133 917 258 964 docet,
291 916 322 954 si
353 917 446 966 quid
477 927 592 955 caeca
626 914 692 955 die
723 922 891 965 ematur,
931 913 1093 956 oculata
1124 922 1276 956 veneat.
1358 919 1441 957 Hoc
1479 920 1619 959 Festus

131 999 204 1036 pro
240 983 486 1036 „praesenti“
521 988 696 1036 positum
738 985 851 1032 dicit,
894 985 1000 1036 quod
1031 988 1064 1023 si
1094 999 1227 1024 verum
1261 991 1340 1033 est,
1382 1001 1522 1026 caecum
1554 1003 1619 1026 ne-

132 1066 238 1091 cesse
279 1058 337 1090 est
377 1055 633 1103 longinquum
677 1054 883 1102 significet,
930 1054 999 1091 sed
1043 1058 1125 1092 tum
1172 1055 1377 1092 dicendum
1424 1060 1507 1094 erat
1554 1059 1619 1104 „in

134 1135 285 1159 caecam
318 1120 461 1169 diem“,
494 1135 572 1160 non
606 1136 744 1170 „caeca
775 1120 877 1160 die“.
957 1122 1054 1160 Mihi
1087 1132 1202 1160 caeca
1235 1120 1322 1160 dies
1351 1124 1507 1162 videtur
1537 1138 1619 1163 esse

131 1193 304 1240 tempus,
338 1203 415 1240 quo
447 1190 543 1227 nihil
582 1192 676 1228 certi
717 1192 1003 1241 perspiciatur,
1049 1191 1110 1228 vel
1156 1204 1231 1241 quo
1269 1194 1408 1229 mercis
1447 1194 1619 1243 pretium

134 1258 249 1308 quale
287 1258 460 1297 futurum
500 1260 569 1306 sit,
617 1272 688 1308 pro
727 1263 834 1297 certo
867 1259 942 1297 dici
975 1263 1155 1309 nequeat.
1230 1260 1291 1296 Ita
1321 1260 1459 1298 viliore
1489 1263 1618 1310 pretio

132 1328 264 1363 venire
294 1330 429 1376 potest
459 1340 575 1376 quam
608 1324 779 1374 oculata,
811 1329 836 1365 i.
855 1341 887 1365 e.
920 1327 986 1364 ubi
1009 1328 1105 1365 nihil
1131 1327 1346 1365 dubitatur.
1407 1328 1500 1366 Tale
1524 1329 1618 1379 quid

130 1393 176 1432 fit
205 1397 244 1432 in
275 1395 472 1433 frumento
496 1395 662 1444 aliisque
687 1398 790 1433 ruris
813 1396 1017 1442 fructibus,
1051 1409 1149 1445 quos
1173 1397 1204 1433 si
1229 1396 1316 1445 quis
1341 1400 1430 1434 ante
1455 1410 1618 1435 messem

130 1463 271 1500 factam
303 1464 406 1509 emit,
439 1464 600 1502 minoris
632 1465 747 1511 emit,
788 1467 925 1514 postea
955 1467 1162 1514 perceptos
1193 1464 1340 1514 pluris,
1379 1468 1425 1502 ut
1455 1467 1536 1503 veri
1567 1467 1618 1504 si-

129 1531 221 1568 mile
246 1534 317 1578 est,
350 1532 520 1569 vendere
544 1536 690 1582 potest.
752 1531 827 1570 Sed
850 1532 922 1569 hoc
947 1545 1023 1569 nou
1047 1533 1086 1570 in
1111 1533 1196 1570 oleo
1227 1529 1368 1581 (οῖίαο,
1400 1537 1445 1570 ut
1461 1548 1495 1571 v.
1516 1530 1615 1583 211)

131 1600 254 1649 magis
293 1599 338 1637 fit
378 1613 491 1650 quam
525 1601 564 1638 in
596 1600 702 1647 aliis,
748 1602 915 1638 maxime
955 1603 994 1638 in
1032 1601 1239 1638 frumento.
1314 1600 1476 1639 Accedit
1514 1602 1619 1651 quod

129 1663 262 1706 hercle
291 1682 368 1706 non
399 1669 497 1706 nihil
528 1668 711 1715 offendit;
743 1682 819 1706 non
843 1673 922 1706 tam
948 1670 1040 1718 quia
1063 1682 1147 1706 cum
1170 1670 1402 1718 imperativo
1429 1671 1615 1719 iungitur,

129 1739 174 1773 ut
198 1735 310 1786 Capt.
337 1737 415 1774 890
440 1740 479 1774 et
497 1737 585 1775 Ter.
602 1737 676 1774 Ad.
695 1738 790 1784 483,
818 1750 932 1786 quam
956 1742 1119 1787 propter
1145 1737 1270 1774 locum
1297 1736 1366 1775 ubi
1390 1738 1549 1786 ponitur
1579 1742 1618 1775 et

129 1808 293 1854 propter
309 1805 583 1855 repetitionem
605 1806 774 1855 proximi
799 1818 946 1842 versus.
994 1805 1090 1843 Mihi
1108 1805 1273 1843 Plautus
1292 1805 1399 1842 aliud
1416 1807 1618 1856 scripsisse

130 1873 306 1910 videtur:
336 1869 481 1911 Emito
506 1870 572 1911 die
596 1883 712 1911 caeca
736 1870 1014 1920 lzornotimcm,
1047 1886 1098 1911 sc.
1124 1873 1375 1921 frumentum,
1408 1874 1431 1912 i.
1451 1887 1483 1911 e.
1502 1874 1616 1912 huius

130 1941 222 1978 anni
251 1954 426 1979 messem.
462 1961 513 1966 ·-
546 1942 637 1979 304.
671 1951 877 1979 annorum
906 1942 953 1988 A,
985 1943 1009 1978 i.
1035 1954 1066 1978 e.
1099 1941 1162 1978 lex
1192 1955 1382 1980 annorum
1414 1955 1617 1980 numerum

131 2008 330 2057 definiens,
363 2022 449 2059 quae
481 2010 614 2047 eadem
647 2009 792 2047 dicitur
818 2006 1168 2060 quinauicenaria,
1201 2011 1224 2046 i.
1244 2022 1276 2047 e.
1295 2009 1342 2047 de
1358 2009 1468 2047 XXV
1491 2011 1616 2048 annis.

131 2075 383 2128 Significatur
429 2079 494 2115 lex
543 2077 726 2115 Plaetoria
780 2078 826 2115 de
881 2078 1240 2128 circumscriptione
1296 2077 1615 2125 adulescentium,

131 2159 216 2195 quae
248 2147 414 2185 minores
445 2146 554 2184 XXV
586 2148 696 2184 aunis
727 2146 910 2196 stipulari
941 2145 1099 2183 vetabat
1137 2159 1206 2183 nec
1247 2159 1332 2195 quae
1371 2146 1452 2183 eius
1491 2148 1616 2184 aetatis

131 2215 358 2253 adulescens
397 2217 539 2264 egisset
578 2219 645 2253 aut
682 2215 928 2265 promisisset
964 2217 1048 2252 rata
1087 2227 1169 2251 esse
1208 2215 1381 2260 sinebat,
1428 2215 1474 2252 cf.
1514 2213 1615 2252 Rud.

135 2285 252 2322 1382.
301 2283 450 2332 Digest.
482 2283 546 2331 IV,
580 2284 618 2320 4.
679 2282 860 2320 Calidoro
892 2283 1024 2332 igitur,
1057 2283 1122 2332 qui
1153 2282 1325 2320 nondum
1355 2281 1465 2319 XXV
1495 2295 1617 2319 annos

129 2356 244 2389 natus
275 2355 345 2398 est,
378 2364 489 2388 nemo
520 2351 733 2401 quidquam
764 2351 922 2388 credere
953 2351 1082 2388 audet.
1109 2370 1164 2375 —-
1197 2342 1288 2388 306.
1321 2350 1470 2396 autem,
1502 2363 1538 2387 v.
1567 2349 1616 2387 ad

130 2419 272 2470 Amph.
302 2421 394 2458 894.
442 2419 567 2468 Bugg.
593 2418 734 2456 Philol.
761 2418 894 2456 XXXI
925 2432 962 2469 p.
996 2419 1075 2456 254
1112 2418 1303 2466 „Credere
1335 2416 1457 2455 aude“
1494 2420 1614 2466 coni.;

129 2488 199 2526 sed
227 2492 309 2526 tum
333 2488 498 2538 simplex
517 2485 615 2535 „an“
641 2492 882 2537 sequeretur,
916 2499 991 2524 non
1016 2483 1089 2524 eho
1113 2497 1176 2524 (m.
1203 2506 1257 2512 -—
1278 2482 1479 2534 paenitet,
1511 2499 1548 2524 v.
1566 2486 1616 2524 ad

129 2556 267 2594 Bacch.
290 2558 408 2595 1182.
442 2555 561 2594 Poen.
577 2557 669 2593 286.
687 2575 742 2580 ——
761 2556 852 2593 307.
871 2551 971 2593 usui
987 2555 1079 2592 olim
1097 2554 1362 2599 emendatum;
1379 2553 1446 2591 sed
1465 2553 1614 2592 duabus

130 2624 288 2673 syllabis
319 2634 397 2662 usu
426 2625 563 2674 scripsi
595 2637 680 2661 cum
714 2622 933 2672 Seyffertio.
966 2642 1020 2647 —
1053 2623 1144 2660 308.
1179 2617 1277 2668 Det,
1310 2619 1376 2659 det
1407 2631 1536 2672 usque
1565 2621 1614 2669 A,

24 2675 29 2680 .
104 2707 166 2731 λν.
199 2692 322 2743 Gepp.
356 2692 468 2731 Stud.
505 2691 543 2728 II
573 2705 610 2741 p.
644 2692 708 2728 61.
755 2710 810 2715 —
853 2687 914 2728 sit
949 2703 1020 2739 pro
1065 2686 1189 2737 „erit“
1231 2694 1396 2739 propter
1434 2691 1615 2728 coniunc-

129 2761 254 2798 tivum
283 2762 480 2810 primariae
521 2761 743 2805 sententiae,
783 2773 818 2796 v.
851 2758 899 2795 ad
931 2758 1015 2795 Mil.
1050 2759 1142 2796 302.
1180 2777 1250 2817 —-
1282 2758 1375 2795 309.
1416 2758 1453 2796 te
1482 2758 1528 2797 A.
1559 2779 1614 2784 —

130 2826 243 2867 cedis
276 2828 421 2875 Sarac„
453 2831 476 2865 i.
506 2843 538 2866 e.
565 2827 723 2873 incedis,
758 2840 792 2863 v.
817 2826 864 2863 ad
890 2826 976 2863 Aul.
1004 2828 1096 2864 509.
1128 2846 1182 2851 —
1214 2823 1323 2864 (licta
1352 2835 1435 2863 uon
1465 2826 1615 2865 sonant

1304 2902 1344 2934 16
