1963 3243
247 215 325 256 102
924 207 1046 241 Plauti
1508 203 1551 246 V,
1577 204 1607 245 2,
1633 203 1721 238 4-9

240 336 326 379 Sed
355 336 437 378 hoo
467 349 533 376 me
564 338 690 376 uotat
719 333 809 375 uim
837 332 980 374 facere
1010 344 1134 381 nunc,

240 407 365 459 Quod
394 406 502 457 fero,
532 406 568 447 si
600 419 686 460 qua
714 405 759 445 in
788 403 870 445 hoc
902 416 1000 457 spes
1031 402 1117 444 sita
1147 405 1212 443 est
1242 400 1359 442 mihi.
1639 411 1722 446 1295

829 512 862 553 P
875 527 894 554 s
906 526 928 553 e
938 526 966 553 ιι
978 511 1004 552 d
1015 511 1062 552 ol
1075 525 1102 552 u
1114 525 1133 552 s

241 589 319 631 Uir
347 587 489 629 malus
519 587 613 628 uiro
646 589 824 639 optumo
857 583 910 625 ob
942 584 1058 624 uiam
1087 583 1133 624 it.

912 699 1049 742 Simo

242 779 295 820 Di
325 782 368 819 te
399 779 556 825 ament,
589 773 813 816 Pseudolo.

841 873 1136 917 Pseudolus

897 946 1005 987 Pfui.

914 1047 1053 1089 Simo

1056 1119 1089 1160 I
1109 1119 1153 1159 in
1184 1117 1341 1158 malam
1372 1130 1554 1159 crucem.

837 1221 868 1262 P
882 1236 900 1263 s
912 1235 934 1262 e
945 1235 973 1262 u
984 1221 1011 1262 d
1023 1220 1070 1262 ol
1081 1234 1108 1261 u
1119 1234 1137 1260 s

246 1299 333 1341 Cur
363 1311 442 1351 ego
473 1295 672 1339 adflictor
681 1296 701 1336 ⁶?

915 1386 942 1428 S
954 1386 1017 1427 im
1029 1400 1052 1427 o

440 1462 555 1512 Quid
584 1466 644 1513 tu,
675 1460 847 1510 malum,
877 1459 920 1500 in
954 1472 1000 1499 os
1032 1457 1166 1510 igitur
1196 1457 1302 1498 mihi
1334 1457 1477 1499 ebrius
1507 1457 1700 1498 inruotas
1710 1457 1730 1497 ’ἓ

846 1560 878 1602 Ρ
890 1575 907 1601 s
920 1574 941 1601 e
951 1574 978 1600 u
991 1559 1016 1600 d
1028 1559 1076 1600 ol
1087 1574 1113 1600 ιι
1124 1573 1142 1601 s

246 1637 439 1680 Molliter
470 1636 528 1677 sis
559 1639 658 1677 tene
688 1647 755 1675 me
771 1649 779 1685 3
811 1646 918 1674 caue
949 1645 1003 1673 ne
1036 1631 1200 1672 cadam.

247 1709 344 1751 Non
373 1707 495 1750 uides
526 1721 592 1749 me
622 1711 673 1747 ut
702 1704 875 1747 madide
906 1703 1130 1745 madeam‘?
1647 1711 1735 1746 1300
1799 1699 1805 1703 ’
1880 1702 1883 1706 ’

925 1805 1064 1847 Simo

250 1881 370 1932 Quae
401 1882 540 1923 istaec
571 1880 754 1921 audacia
785 1882 861 1930 est,
894 1882 938 1919 te
969 1878 1031 1919 sic
1061 1877 1272 1919 interdius

249 1953 356 1996 Cum
388 1952 549 1995 corolla
580 1952 748 1994 ebrium
778 1949 1008 1992 incedere?

840 2051 1141 2094 Pseudolus

1065 2122 1218 2165 Lubet.

921 2217 1062 2259 Simo

252 2294 376 2344 Quid,
407 2293 556 2335 lubet?
616 2292 771 2345 Pergin
801 2296 972 2332 ructare
1002 2291 1045 2331 in
1078 2303 1126 2331 os
1157 2288 1293 2330 mihi?

846 2392 877 2433 P
891 2406 909 2433 s
922 2406 944 2433 e
956 2406 982 2432 u
995 2392 1019 2432 d
1032 2405 1055 2433 o
1068 2391 1119 2433 lu
1132 2405 1150 2432 s

254 2467 411 2510 Suauis
441 2471 589 2509 ructus
621 2465 725 2507 mihi
758 2469 840 2515 est;
872 2465 932 2505 sic
962 2464 1052 2505 sine
1091 2462 1230 2504 modo.

347 2612 431 2644 1294
459 2609 532 2643 Sed
555 2621 614 2643 me
638 2609 710 2642 hoc
735 2607 768 2641 A
893 2606 978 2640 1297
1004 2605 1067 2640 PS.
1093 2610 1128 2640 et
1151 2605 1203 2639 SI.
1229 2614 1296 2639 om.
1424 2603 1436 2636 i
1462 2612 1527 2636 om.
1644 2600 1740 2635 mala

254 2677 395 2701 crecem
422 2665 457 2700 B
541 2666 627 2700 1298
652 2676 721 2709 ego
749 2674 807 2697 me
832 2662 1002 2697 adflictor
1021 2661 1092 2697 ΒΟ
1167 2671 1257 2705 ergo
1282 2660 1319 2694 in
1345 2671 1385 2694 os
1406 2658 1471 2694 BC
1559 2659 1642 2692 1301
1669 2657 1741 2692 ista.

255 2723 334 2757 haec
361 2722 512 2758 audacia
537 2723 566 2758 si
591 2726 628 2757 'te
654 2721 720 2756 BG
836 2721 920 2754 1302
944 2719 1138 2763 ingredere
1165 2717 1197 2752 A
1305 2718 1390 2752 1303
1415 2715 1479 2750 PS.
1508 2714 1537 2750 G
1637 2714 1674 2748 in
1700 2723 1740 2748 οε

255 2782 400 2814 ructare
425 2779 457 2813 A
553 2780 640 2813 1304
665 2779 697 2813 ei
723 2776 833 2812 modo
860 2775 893 2809 A
