1963 3243
5 3045 25 3066 H
7 2991 21 3013 ‘1‘
19 2944 21 2946 ,

137 257 166 301 1,
192 258 222 299 2.
253 257 361 291 1-16
774 255 988 290 Pseudolus.
1578 260 1623 297 15

370 451 517 494 LENO
597 450 829 492 LORARII
862 450 897 491 V
971 449 1041 492 ET
1117 449 1292 491 IIDEM
1600 450 1630 491 Ο

794 574 973 616 Ballio

141 650 275 698 Exite,
307 649 421 702 agite
455 649 579 699 exite,
610 647 768 700 ignaui,
801 646 909 689 male
942 646 1078 688 habiti
1110 652 1151 688 et
1184 645 1294 687 male
1329 647 1561 693 conciliati,

140 722 328 773 Quorum
361 734 595 774 numquam
628 720 859 774 quicquam
892 720 1127 773 quoiquam
1159 719 1281 759 uenit
1305 719 1345 759 in
1375 723 1556 760 mentem
1585 725 1631 761 ut

1162 796 1279 832 recte
1311 790 1487 838 faciant,

141 864 324 915 Quibus.
366 865 448 905 nisi
489 863 542 904 ad
576 863 656 904 hoc
688 862 931 916 exemplum
964 863 1173 916 experior,
1207 876 1291 903 non
1326 868 1469 915 potest
1499 877 1632 905 usura

1160 935 1373 988 usurpari.
1570 947 1632 980 135

139 1008 290 1063 Neque
318 1007 510 1049 homines
536 1007 672 1060 magis
700 1007 841 1048 asinos
866 1019 1072 1060 umquam
1097 1005 1208 1057 uidi3
1240 1006 1301 1047 ita
1327 1006 1465 1060 plagis
1484 1013 1631 1048 costae

1163 1078 1342 1124 callent-2

143 1152 259 1202 Quos
291 1165 419 1205 quom
460 1151 609 1201 ferias,
656 1150 733 1191 tibi
777 1150 872 1204 plus
912 1163 1089 1201 noceas;
1137 1164 1185 1192 eo
1226 1151 1336 1192 enim
1378 1151 1548 1203 ingenio
1589 1151 1631 1192 hi

1164 1228 1264 1263 sunt
1294 1220 1575 1275 flagritribae,

142 1294 222 1345 Qui
255 1295 363 1336 haec
386 1294 548 1336 habent
573 1293 773 1335 consilia:
807 1293 879 1335 ubi
909 1293 1012 1335 data
1039 1294 1205 1335 occasio
1240 1300 1317 1343 est,
1351 1307 1468 1348 rape,
1501 1294 1631 1348 clepe,

1163 1370 1272 1417 tene,

144 1437 356 1497 Harpaga,
391 1437 502 1488 bibe,
535 1452 590 1483 es,
624 1437 743 1490 fuge3
776 1438 856 1479 hoc
888 1452 1037 1480 eorum
1068 1437 1254 1479 officium
1287 1444 1362 1480 est.

130 1510 326 1552 Mauelis
360 1509 484 1564 lupos
517 1510 633 1564 apud
666 1510 759 1552 ouis
791 1509 984 1562 linquere
1017 1524 1146 1564 quam
1171 1511 1248 1552 hos
1274 1510 1387 1551 domi
1415 1510 1631 1553 custodes.

145 1583 195 1624 At
215 1582 366 1625 faciem
385 1596 514 1636 quom
541 1582 759 1636 adspicias
785 1596 944 1631 eorum,
976 1581 1092 1623 haud
1119 1581 1217 1622 mali
1247 1570 1482 1633 uidentur}
1502 1596 1634 1637 opera

1160 1653 1328 1695 fallunt..
1571 1668 1631 1699 141

140 1726 260 1768 Nunc
293 1726 400 1768 adeo
432 1726 544 1768 hanc
576 1726 834 1768 edictionem
866 1726 946 1767 nisi
978 1727 1168 1767 animum
1200 1726 1444 1768 aduortetis
1473 1740 1633 1777 omnes,

140 1797 233 1839 Nisi
267 1813 462 1840 somnum
496 1798 825 1852 socordiamque
858 1812 909 1838 ex
942 1803 1116 1851 pectore
1149 1798 1372 1851 oculisque
1405 1800 1632 1849 amouetis,

140 1870 209 1911 Ita
240 1884 317 1923 ego
350 1875 496 1912 nostra
531 1870 670 1911 latera
701 1870 804 1911 loris
836 1869 993 1911 faciam
1024 1875 1074 1910 ut
1105 1869 1249 1912 ualide
1282 1871 1404 1911 uaria
1436 1871 1533 1919 sint,

142 1941 197 1984 Ut
230 1956 281 1984 ne
314 1943 623 1996 peristromata
651 1942 824 1996 quidem
849 1956 988 1996 aeque
1013 1943 1132 1995 picta.
1156 1943 1243 1984 sint
1270 1940 1534 1996 Campanica
1572 1954 1634 1986 145

140 2013 290 2067 Neque
322 2014 616 2056 Alexandrina
647 2013 823 2055 beluata
855 2014 1031 2055 tonsilia
1062 2014 1271 2067 tappet-ia.

141 2086 280 2138 Atque
321 2085 413 2127 heri
453 2087 537 2128 iam
578 2086 797 2128 edixeram
837 2086 1037 2127 omnibus
1078 2085 1368 2140 dederamque
1418 2099 1490 2127 eas
1535 2099 1633 2139 pro-

1163 2158 1348 2208 uincias3

141 2228 298 2271 Uerum
331 2231 393 2271 ita
424 2244 502 2271 uos
536 2231 639 2272 estis
671 2229 857 2284 praediti
889 2229 1100 2271 desidioso
1132 2230 1304 2283 ingenio
1337 2228 1520 2282 inprobi,

231 2380 419 2415 LORARI.
446 2380 505 2414 IV.
535 2380 595 2414 ET
622 2380 747 2415 IDEM
766 2379 820 2424 B;
860 2381 1005 2415 titulum
1030 2391 1095 2415 om.
1126 2379 1171 2421 O;
1199 2378 1326 2413 LENO
1354 2378 1633 2414 CALIDORUS

139 2436 422 2472 PSEUDOLUS
450 2438 483 2471 A
597 2439 659 2472 133
685 2438 782 2481 agite
809 2437 858 2471 ite
884 2436 951 2471 BC
1068 2438 1131 2470 134
1157 2447 1253 2470 nunc
1281 2448 1389 2479 quam
1416 2436 1451 2470 Β
1572 2437 1633 2470 135

141 2495 309 2538 usurpari
336 2506 446 2528 usura
470 2493 506 2529 B
614 2496 676 2528 136
701 2493 826 2539 Neque
854 2506 923 2538 ego
947 2493 1108 2528 hominis
1215 2504 1403 2536 nunquam
1430 2494 1461 2526 A
1572 2493 1635 2527 137

140 2550 224 2585 dum
252 2551 323 2588 BC
401 2551 608 2593 flaccritibae
637 2551 665 2585 (ζ’
748 2552 810 2585 138
836 2550 939 2595 clepe
963 2561 1026 2585 om.
1050 2551 1083 2584 A
1169 2551 1231 2584 139
1256 2549 1495 2594 harpagabile
1520 2549 1555 2583 B

141 2611 197 2642 est.
223 2609 297 2652 lugi
320 2608 390 2642 hoc
412 2612 467 2642 est
488 2620 615 2643 eorum
637 2619 727 2652 opus
748 2606 816 2642 BC
917 2609 962 2641 40
986 2613 1028 2641 ut.
1053 2607 1224 2641 induellis
1252 2607 1358 2651 lupus
1384 2606 1451 2640 BC
1532 2607 1633 2640 ove-is

141 2675 249 2708 quam
274 2665 342 2699 hos
369 2665 469 2699 domi
496 2665 660 2710 linquere
686 2664 720 2698 A
824 2666 881 2697 141
911 2664 1067 2708 aspicies
1180 2664 1239 2697 142
1266 2663 1473 2697 edicionem
1499 2662 1534 2697 B

141 2720 335 2756 aduertitis
361 2721 389 2756 C
506 2724 569 2755 144
595 2731 678 2755 sunt
709 2720 738 2755 C
862 2722 925 2754 145
951 2725 1059 2765 atque
1086 2720 1114 2754 C
1229 2721 1445 2764 cumpauica
1471 2719 1507 2761 C,
1535 2731 1631 2754 cam-

142 2789 232 2822 paca
257 2778 291 2812 B
374 2779 437 2812 146
462 2779 616 2813 consilia
642 2777 711 2812 BC
794 2778 856 2811 147
882 2777 960 2811 heri
987 2788 1006 2811 a
1033 2788 1088 2810 me
1114 2776 1301 2810 dexteram
1332 2776 1360 2811 C
1438 2778 1502 2810 148
1527 2788 1630 2822 prac-

142 2834 207 2868 diti
235 2834 472 2878 neglegentes
499 2835 650 2879 ingenio
676 2833 834 2878 inprobo
860 2833 930 2868 BC
