1963 3243
365 231 443 270 110
1045 225 1167 261 Plauti
1532 225 1597 264 IV.
1622 228 1654 271 6,
1679 227 1813 263 53—62

864 351 1307 406 Pyrgopolinices

1104 422 1254 465 Uideo.

911 525 1273 579 Milphidippa

1294 596 1399 638 Iube
1432 611 1534 651 ergo
1567 597 1699 640 adire.

862 710 1311 765 Pyrgopolinices

360 784 515 826 Induxi
545 784 589 825 in
620 783 812 825 animum
842 797 895 824 ne
928 782 1092 824 oderim
1122 782 1227 823 item
1250 786 1300 823 ut
1324 782 1447 833 alias,
1473 783 1648 836 quando
1665 784 1813 825 orasti.

909 884 1274 938 Milphidippa

361 958 553 1000 Uerbum
579 958 733 1012 edepol
756 957 898 999 facere
922 971 1008 998 non
1032 957 1160 1011 potis,
1191 956 1227 997 si
1251 956 1486 997 accesserit
1511 971 1646 1011 prope
1672 957 1727 998 ad
1753 961 1813 1010 te3

361 1030 473 1071 Dum
504 1034 547 1071 te
579 1034 797 1083 optuetur‚
830 1030 1002 1070 interim
1034 1029 1227 1081 linguam
1253 1028 1367 1069 oculi
1391 1029 1708 1081 praeciderunt.
1731 1041 1815 1074 1265

864 1142 1312 1197 Pyrgopolinices

363 1216 615 1258 Leuandum
650 1215 845 1257 morbum
875 1215 1045 1256 mulieri
1075 1215 1216 1256 uideo.

904 1317 1276 1372 Milphidippa

1176 1388 1234 1430 Ut
1263 1390 1414 1431 tremit
1444 1394 1575 1443 atque
1607 1391 1817 1442 extimuit,

361 1463 600 1516 Postquam
632 1467 675 1504 te
707 1461 927 1516 adspexit!

865 1564 1313 1618 Pyrgopolinices

831 1636 924 1678 Uiri
957 1650 1129 1690 quoque
1161 1637 1319 1678 armati
1349 1636 1462 1678 idem
1493 1637 1607 1679 istuc
1638 1636 1817 1689 faciunt,

361 1710 424 1751 Ne
455 1716 503 1751 tu
534 1711 692 1751 mirere
724 1709 959 1750 mulierem.
1023 1707 1107 1751 Sed
1138 1708 1243 1762 quid
1274 1708 1349 1750 illa
1379 1709 1472 1751 uolt
1503 1723 1570 1751 me
1601 1709 1774 1751 facere?

904 1822 1276 1876 Milphidippa

363 1896 425 1937 Ad
460 1910 503 1937 se
536 1900 583 1937 ut
614 1909 700 1937 eas.
761 1895 920 1937 Tecum
950 1896 1098 1936 uiuere
1129 1894 1222 1935 uolt
1253 1900 1385 1948 atque
1417 1899 1605 1937 aetatem
1637 1896 1829 1949 exigeres
1904 1904 1909 1909 '

865 2009 1315 2064 Pyrgopolinices

362 2082 509 2135 Egone
541 2082 596 2124 ad
627 2082 745 2124 illam
777 2096 884 2133 eam,
919 2095 1030 2136 quae
1061 2086 1198 2135 nupta
1229 2081 1313 2123 sit?
1345 2080 1423 2122 Uir
1453 2081 1544 2123 eius
1576 2095 1642 2123 me
1667 2081 1817 2136 depre-

1426 2153 1600 2195 hendat.
1733 2165 1820 2198 1270

906 2232 1278 2287 Milphidippa

363 2307 473 2357 Quin
504 2313 580 2348 tua
611 2320 742 2348 causa
774 2308 917 2360 exegit
947 2306 1089 2347 uirum
1120 2305 1174 2346 ab
1208 2319 1263 2346 se.

455 2444 540 2478 1263
566 2444 602 2477 in
627 2453 693 2478 om.
719 2441 754 2475 Β
848 2441 964 2476 odore
988 2440 1034 2484 B⁷
1061 2440 1206 2475 odorim
1231 2441 1259 2475 Ο
1347 2445 1508 2475 mutares
1532 2440 1678 2485 quando
1702 2440 1816 2475 hone-

362 2500 451 2534 rasti
477 2499 513 2534 Β
608 2501 695 2534 1264
730 2499 851 2532 hercle
888 2498 916 2532 Ο
1006 2499 1175 2542 potuistu
1207 2499 1241 2532 B
1339 2499 1423 2532 1265
1461 2498 1635 2531 obuietur
1671 2497 1717 2540 B,
1755 2497 1819 2532 ob-

362 2557 527 2591 tinuetur
555 2557 584 2592 G
672 2557 864 2601 perierunt
889 2554 923 2589 Β
1019 2556 1106 2589 1266
1132 2555 1251 2589 uideo.
1282 2555 1347 2588 ΜΙ.
1375 2555 1484 2589 uiden
1511 2558 1552 2588 ut
1576 2555 1703 2589 tremit

365 2615 452 2647 1267
483 2614 623 2648 faciunt
654 2615 737 2648 iube
771 2613 918 2647 domum
954 2613 1003 2645 ire
1102 2613 1187 2645 1268
1222 2613 1354 2646 mirere
1379 2612 1509 2645 melius
1536 2612 1727 2646 mulierem

363 2671 424 2704 illa
443 2681 509 2705 om.
603 2682 660 2705 me
684 2671 819 2705 tacerit,
839 2670 884 2708 B,
910 2675 985 2702 met
1015 2680 1122 2712 agere
1139 2668 1167 2703 Ο
1260 2670 1345 2703 1269
1365 2669 1552 2703 Adsedeas
1571 2668 1607 2702 B
1700 2668 1818 2702 uiuire

361 2727 396 2760 Β
491 2729 575 2760 1270
601 2728 646 2761 ad
672 2739 738 2763 om.
753 2727 780 2762 C
873 2726 988 2759 uirum
1007 2725 1036 2760 G
1124 2727 1344 2760 metuendus
1370 2731 1427 2759 est
1442 2725 1486 2766 B,
1513 2730 1676 2759 metuere
1697 2724 1819 2759 henda

363 2788 397 2817 st
425 2783 460 2826 Ο,
559 2784 622 2818 dat
647 2785 679 2817 A
778 2784 858 2816 1271
888 2781 954 2824 Qui
982 2781 1018 2816 Β
1113 2783 1228 2826 exigit
1322 2783 1440 2816 uirum
1468 2782 1649 2826 obsequit.
1677 2781 1746 2816 PY.
1771 2781 1818 2824 Β,

365 2841 486 2874 uirum
513 2841 668 2884 assequi.
694 2839 763 2875 PY.
792 2839 820 2874 Ο
