1963 3243
259 236 309 274 32
316 236 338 274 6
904 231 1100 267 Poenulus.

253 361 354 398 mala
370 374 456 398 eum
475 361 638 407 dixisse3
671 373 739 397 suo
763 361 897 408 capiti,
924 364 966 397 ut
983 358 1132 397 aiunt“.
1179 360 1281 398 Coel.
1301 362 1348 397 ad
1368 361 1490 399 Cicer.
1509 362 1615 399 Fam.
1635 361 1738 408 VIII,

258 429 291 475 1,
324 429 367 466 4:
405 428 484 475 „Te
514 427 763 466 subrostrani
786 447 841 452 -—
865 427 969 477 quod
1001 428 1158 465 illorum
1190 429 1310 479 capiti
1342 430 1394 466 sit
1417 449 1470 454 —
1502 430 1740 479 dissiparant

254 493 444 546 pe1·isse“.
513 496 600 533 Tib.
633 495 662 542 I,
696 496 731 541 2,
768 496 829 532 12.
891 494 1037 533 Graeci:
1084 495 1132 538 εἰς
1169 498 1320 543 κεφαλήν
1353 511 1428 543 σοι,
1470 511 1505 534 v.
1538 497 1738 547 Aristoph.

253 564 342 601 Pac.
379 565 496 601 1063.
544 564 650 600 Plut.
685 563 776 601 526.
824 561 923 600 Plat.
955 563 1191 613 Euthydem.
1222 565 1298 602 283
1333 563 1376 602 E.
1438 564 1545 601 Dem.
1581 579 1741 613 παραπρ.

259 633 355 670 13οε
405 632 540 669 Οὐκοῦν
569 633 677 667 ταῦτα
709 632 896 676 σννεύχετο
927 625 1027 673 οὗτος
1063 632 1122 668 καὶ
1159 633 1332 681 κατηρᾶτο
1362 634 1400 680 τῇ
1433 632 1588 681 πατρίδι,
1628 633 1649 667 ἃ
1681 633 1743 668 νῦν

255 700 303 742 εἷς
327 700 480 747 κεφαλὴν
502 699 593 747 ὑμᾶς
619 699 712 747 αὐτῷ
735 699 787 734 δεῖ
808 700 945 748 τρέψαι.
971 718 1024 724 --
1049 700 1128 737 646
1155 714 1212 750 sq.
1230 713 1356 737 secum
1384 701 1620 750 loquantum
1653 700 1741 738 edd.

255 769 371 806 vilico
397 768 502 815 dant,
529 767 597 804 sed
624 765 720 804 nihil
743 767 918 817 impedit,
944 779 1021 817 quo
1038 769 1165 805 minus
1183 767 1295 805 codd.
1315 781 1536 817 sequamur.
1583 765 1744 816 praeda

257 836 345 874 edd.
371 855 426 861 —
448 831 514 873 hic
536 834 720 881 amator,
746 848 786 872 se
810 837 936 885 ipsum
964 835 1170 884 significat,
1194 850 1230 874 v.
1257 836 1306 873 ad
1330 835 1440 885 Capt.
1460 836 1553 881 334,
1587 836 1636 872 ad
1658 835 1742 873 Mil.

262 905 380 942 1065.
439 903 609 941 Felicem
646 903 720 940 sibi
757 904 1003 940 venationem
1036 907 1221 952 augurat,
1261 917 1347 940 nam
1381 916 1513 950 canes,
1551 903 1575 941 i.
1608 916 1641 940 e.
1675 903 1743 940 ad-

257 975 428 1020 vocatos,
453 972 601 1022 lupum,
633 971 656 1007 i.
677 984 707 1008 e.
733 970 895 1019 Lycum,
927 971 967 1007 in
998 971 1134 1019 plagas
1161 972 1405 1021 compellere.
1463 967 1604 1019 lupum
1620 971 1665 1008 A.
1690 991 1745 996 —-

259 1041 352 1077 649.
384 1036 501 1088 Nisi,
532 1053 566 1076 v.
600 1039 649 1076 ad
673 1037 764 1076 Aul.
799 1039 890 1076 357.
925 1059 972 1064 -—
1011 1039 1079 1086 „a“
1117 1042 1206 1076 ante
1236 1048 1356 1077 mane
1386 1052 1461 1077 om.
1487 1039 1532 1077 A.
1565 1059 1620 1064 —
1652 1041 1744 1077 650.

258 1105 396 1158 Atque
425 1107 614 1157 apodosin
645 1107 802 1156 incipit,
846 1120 881 1144 v.
915 1106 964 1144 ad
994 1107 1132 1144 Bacch.
1168 1108 1260 1144 276.
1329 1106 1474 1144 Hiatur
1514 1108 1552 1143 in
1585 1119 1744 1144 caesura.

259 1195 314 1201 —
353 1176 448 1213 654.
486 1172 547 1213 ibi
585 1170 795 1214 nobiscum
826 1175 860 1212 A
891 1179 930 1212 et
959 1175 1002 1212 B.
1042 1195 1097 1200 —-
1139 1175 1231 1213 657.
1279 1171 1412 1225 faciat
1450 1175 1544 1213 olim
1582 1188 1652 1212 em.
1691 1193 1747 1200 —·

261 1244 355 1281 658.
405 1244 485 1291 „sei
522 1246 561 1281 te
600 1239 687 1280 dei“
721 1243 767 1280 A.
814 1264 869 1268 —
921 1252 994 1293 aye
1032 1242 1204 1290 Acidal.;
1260 1239 1424 1292 „agere“
1466 1243 1585 1281 ctiam
1621 1241 1656 1279 A
1687 1242 1745 1279 ἀν-

260 1306 486 1355 ακολο’θως,
521 1312 567 1349 cf.
600 1311 648 1348 ad
679 1311 817 1349 Bacch.
853 1313 945 1349 211.
988 1331 1043 1336 —
1089 1312 1182 1349 661.
1228 1307 1294 1349 hic
1332 1307 1435 1349 clam
1472 1307 1622 1359 furtim
1659 1321 1747 1349 csse

261 1380 379 1417 etiam
408 1380 462 1426 A;
509 1379 637 1417 hiatus
678 1380 716 1416 in
755 1392 920 1426 caesura,
965 1379 1077 1417 Mun.
1116 1392 1179 1425 „se
1221 1376 1344 1416 esse“.
1385 1398 1440 1403 —
1480 1375 1585 1416 sciat
1615 1380 1660 1416 A.
1696 1398 1743 1403 —-

261 1447 354 1485 662.
387 1443 504 1493 latro,
539 1447 651 1484 miles
682 1448 955 1495 mercenarius,
990 1460 1023 1483 v.
1044 1447 1091 1484 ad
1110 1446 1247 1484 Bacch.
1267 1448 1331 1483 25.
1356 1467 1411 1471 —
1435 1443 1480 1483 in
1513 1442 1677 1495 Sparta,
1709 1461 1744 1484 v.

261 1515 308 1553 ad
327 1515 467 1554 Bacch.
490 1516 580 1553 169.
600 1535 653 1540 —
673 1517 764 1554 663.
787 1512 969 1564 ‚,nobeis“
992 1515 1035 1552 A.
1062 1535 1116 1539 —
1140 1511 1312 1552 Attalus
1340 1528 1415 1551 uon
1448 1516 1571 1562 magis
1595 1514 1747 1564 Spartae

261 1597 331 1621 rex
369 1583 445 1621 fuit
483 1597 598 1633 quam
630 1583 787 1621 Phintia
829 1587 868 1621 et
906 1583 1052 1633 Liparo
1099 1583 1377 1632 Syracusarum
1418 1581 1523 1620 Men.
1555 1583 1632 1619 401
1676 1596 1746 1632 sq.,

263 1665 333 1689 nec
364 1653 396 1688 si
434 1652 521 1701 quis
560 1652 705 1689 dixerit
742 1655 781 1690 in
812 1652 915 1689 bello
949 1651 1085 1689 sociali
1118 1651 1207 1688 inde
1240 1650 1286 1687 ab
1319 1664 1350 1687 a.
1386 1651 1464 1688 219
1498 1654 1608 1700 gesto
1638 1650 1749 1688 AEto-

262 1720 390 1757 lorum
428 1723 564 1757 contra
595 1719 755 1757 Achaeos
794 1721 919 1758 socios
958 1723 997 1757 et
1035 1718 1250 1769 Spartanos
1289 1722 1328 1756 et
1364 1718 1539 1755 Attalum
1571 1718 1750 1766 Pergami

263 1799 395 1836 regem
441 1788 578 1834 fuisse,
624 1789 713 1825 ideo
755 1788 835 1826 haec
873 1788 921 1825 ad
959 1788 1133 1825 historiae
1173 1787 1379 1824 veritatem
1426 1787 1529 1836 exigi
1574 1790 1748 1836 possunt,

262 1870 351 1894 nam
381 1860 463 1893 turn
495 1855 649 1905 quidem
684 1853 895 1905 oppidum,
927 1856 951 1893 i.
985 1870 1015 1892 e.
1050 1855 1206 1905 Sparta,
1239 1867 1316 1891 non
1349 1857 1406 1891 est
1437 1857 1604 1903 captum.
1666 1855 1748 1892 Hoc

265 1929 354 1963 octo
393 1925 502 1961 annis
542 1928 632 1973 post
671 1928 834 1961 mortem
866 1924 991 1962 Attali
1030 1938 1050 1960 a
1082 1923 1387 1972 Philopoemene
1418 1922 1561 1959 factum
1595 1926 1664 1960 est.
1697 1941 1750 1947 --

267 1993 359 2030 664.
392 1989 469 2030 huc
498 1992 631 2038 Weis.,
664 1992 787 2043 Gepp.
811 2013 856 2018 —-
885 1988 1092 2042 quoniam,
1125 1995 1346 2042 postquam,
1380 2004 1414 2028 v.
1437 1992 1499 2028 68.
1519 2010 1572 2015 —
1599 1992 1675 2028 666
1695 2004 1750 2039 sq.

266 2073 389 2114 quom
409 2059 669 2112 praecipitis,
703 2062 749 2098 cf.
785 2060 1006 2110 ad‘Amph.
1043 2061 1134 2097 746.
1168 2079 1220 2083 —
1255 2059 1346 2097 666.
1380 2056 1552 2096 adem-es
1584 2058 1670 2096 edd.
1699 2077 1751 2083 —

267 2133 358 2170 669.
395 2135 553 2181 „portat
582 2143 677 2180 prae
708 2127 805 2166 sibi“
841 2132 885 2165 ut
916 2127 1108 2177 significet
1142 2127 1240 2175 „sibi
1266 2123 1537 2176 praeportat“,
1568 2125 1652 2163 fieri
1677 2138 1751 2163 non

265 2203 419 2249 potest;
467 2199 683 2237 Gulielmus
722 2192 918 2246 praesidi
955 2196 1135 2246 scripsit,
1183 2199 1227 2232 ut
1276 2194 1422 2232 dicitur
1472 2207 1561 2241 „sex
1605 2193 1753 2231 talenta

267 2266 393 2306 dotis“
431 2268 549 2305 Merc.
585 2268 678 2312 695,
721 2266 787 2303 ubi
825 2265 918 2311 vid„
951 2263 1035 2301 Cat.
1070 2264 1114 2301 R.
1149 2263 1193 2301 R.
1231 2264 1300 2300 19:
1351 2262 1541 2311 „digitum
1571 2262 1752 2312 pollicem

266 2333 519 2374 laxamenti“.
553 2355 606 2360 —-
639 2336 730 2371 670.
765 2329 869 2380 Rea),
900 2333 1014 2370 homo
1045 2331 1307 2378 beatissimus,
1350 2332 1395 2367 cf.
1429 2330 1539 2381 Capt.
1575 2332 1666 2368 819.
1701 2349 1746 2355 ·—-

268 2405 363 2442 Post
394 2399 516 2442 illum
545 2404 678 2441 hiatus
703 2403 740 2439 in
765 2414 922 2440 caesura.
954 2420 1000 2425 —-
1031 2400 1124 2437 673.
1158 2396 1378 2444 dehortari,
1412 2412 1447 2436 v.
1467 2398 1513 2435 ad
1531 2398 1641 2448 Capt.
1661 2399 1752 2435 210.

268 2493 321 2497 --
354 2473 446 2510 675.
494 2481 643 2518 aream,
684 2470 750 2507 ubi
789 2470 930 2519 laqueo
962 2467 1154 2518 capienda
1185 2471 1243 2503 est
1283 2467 1383 2514 avis,
1423 2467 1468 2504 cf.
1509 2467 1618 2504 Asin.
1660 2466 1751 2503 215.

267 2560 320 2565 -—
349 2542 443 2577 677.
482 2536 663 2583 „uobeis“
685 2535 736 2576 A.
762 2557 817 2562 —
849 2538 941 2575 678.
974 2532 1144 2573 meliust
1174 2536 1218 2572 A.
1279 2544 1365 2573 rem
1399 2535 1510 2572 tuam
1539 2534 1667 2572 Guiet.
1704 2552 1752 2558 —

271 2609 348 2646 680
381 2622 438 2658 sq.
471 2608 607 2645 vilicus
655 2610 693 2643 et
740 2605 919 2644 advocati
965 2605 1066 2640 inter
1105 2617 1145 2640 se
1183 2617 1258 2640 non
1299 2603 1480 2640 audiente
1518 2602 1668 2639 lenone.
1703 2620 1754 2626 —

271 2677 362 2713 683.
397 2675 501 2725 Lyco
532 2676 680 2712 lucrum
715 2674 761 2711 ad
791 2687 830 2710 se
855 2676 1059 2711 venturum
1086 2672 1265 2722 putabat.
1313 2672 1446 2716 Immo,
1479 2670 1607 2719 inquit
1630 2668 1753 2706 Colla·

269 2744 399 2780 biscus
431 2756 559 2780 secum
590 2743 771 2792 loquens,
818 2741 948 2787 dolor,
996 2740 1194 2785 stimulus,
1246 2738 1434 2776 adversus
1472 2750 1584 2787 quem
1625 2738 1755 2774 asinus

272 2812 396 2848 iratus
428 2811 636 2848 calcitrans
670 2821 830 2857 magnos
862 2809 944 2858 ipse
977 2807 1131 2844 dolores
1169 2807 1348 2857 percipit.
1424 2805 1466 2843 In
1506 2804 1752 2855 proverbium
