1963 3243
337 167 361 205 8
994 167 1114 203 Plauti
1393 144 1395 146 ¹
1540 169 1569 210 I,
1597 171 1624 212 1,
1650 168 1784 202 42-55

898 292 1221 346 Artotrogus

805 363 992 404 Memini.
1054 363 1233 406 Centum
1267 366 1308 406 in
1342 364 1493 407 Cilicia

334 433 390 474 Et
421 434 748 487 quinquaginta,
780 438 948 475 centum
982 434 1024 475 in
1058 434 1413 488 Scytholatronia,

333 505 528 557 Triginta
560 505 721 555 Sardis,
753 506 979 557 sexaginta
1009 505 1266 550 Macedones

335 575 443 616 Sunt
474 574 681 626 homines,
713 590 822 629 quos
853 581 899 618 tu
932 577 1127 619 occidisti
1159 593 1244 620 uno
1277 579 1357 621 die.
1738 592 1782 625 45

830 669 1278 725 Pyrgopolinices

264 740 267 742 ’
331 740 504 790 Quanta
534 741 670 783 istaec
701 739 923 783 hominum
955 745 1192 786 summast?

894 837 1219 893 Artotrogus

1253 911 1424 966 Septem
1457 912 1588 954 milia.

830 996 1278 1051 Pyrgopolinices

329 1064 514 1107 Tantum
548 1080 643 1108 esse
676 1072 866 1121 oportet3
898 1073 1015 1111 recte
1045 1074 1258 1112 ratonem
1290 1075 1422 1112 tenes.

890 1164 1216 1218 Artotrogus

327 1232 382 1274 At
411 1232 555 1275 nullos
586 1233 725 1276 habeo
757 1235 964 1289 scriptos;
997 1237 1057 1278 sic
1088 1238 1262 1278 memini
1293 1241 1450 1279 tamen.

828 1330 1276 1385 Pyrgopolinices

324 1399 489 1453 Edepol
520 1401 727 1443 memoria
758 1416 802 1444 es
835 1407 1025 1457 optuma.

888 1498 1214 1551 Artotrogus

1140 1568 1262 1612 Offae
1295 1575 1483 1613 monent.

825 1657 1274 1711 Pyrgopolinices

324 1726 434 1767 Dum
465 1727 554 1769 tale
584 1728 717 1770 facies
751 1729 877 1783 quale
910 1728 1064 1780 adhuc,
1097 1729 1279 1772 adsiduo
1312 1730 1433 1783 edes;
1733 1744 1777 1777 50

325 1797 661 1842 Communicabo
694 1815 862 1855 semper
891 1806 934 1843 te
964 1815 1115 1843 mensa
1145 1816 1252 1844 mea.

885 1889 1210 1942 Artotrogus

323 1958 434 2008 Quid
468 1960 508 2000 in
544 1958 836 2014 Cappadocia,
869 1962 944 2003 ubi
975 1966 1023 2003 tu
1055 1963 1312 2015 quingentos
1343 1962 1482 2013 simul,

321 2031 375 2072 Ni
407 2031 539 2074 hebes
571 2033 802 2075 machaera
832 2033 955 2084 foret,
988 2047 1073 2076 uno
1105 2034 1195 2076 ictu
1228 2035 1477 2076 occideras?

823 2121 1271 2176 Pyrgopolinices

320 2191 375 2232 At
405 2191 678 2244 peditastelli
711 2194 815 2248 quia
846 2198 982 2244 erant,
1015 2194 1097 2235 siui
1128 2194 1339 2236 uiuerent.

880 2282 1209 2334 Artotrogus

320 2350 430 2399 Quid
463 2350 541 2391 tibi
576 2364 652 2401 ego
686 2352 840 2403 dicam,
872 2354 985 2408 quod
1018 2368 1164 2396 omnes
1199 2355 1401 2396 mortales
1433 2357 1585 2407 sciunt,
1731 2368 1773 2401 55

408 2487 451 2520 42
484 2486 661 2521 ininilicia
687 2487 716 2522 Ο
824 2490 867 2523 43
900 2490 1214 2535 insycholatronie
1239 2490 1307 2525 ΒΟ
1417 2492 1461 2525 45
1493 2497 1530 2526 te
1558 2491 1587 2526 Ο
1700 2504 1772 2527 una

317 2543 426 2577 hodie
453 2542 482 2576 C
582 2545 625 2578 46
662 2545 802 2580 istahec
840 2546 876 2581 B
979 2549 1022 2582 48
1059 2548 1199 2582 mimini
1235 2548 1262 2582 C
1365 2550 1407 2582 49
1443 2548 1491 2582 Et
1517 2548 1628 2593 depol
1655 2548 1684 2583 C

319 2613 356 2635 es
390 2610 455 2634 om.
484 2600 518 2642 C,
544 2604 577 2634 st
602 2600 637 2635 B
730 2607 858 2638 monet
882 2604 951 2639 BC
1038 2605 1083 2638 50
1108 2605 1219 2639 talem
1245 2605 1280 2639 B
1374 2607 1517 2650 qualem
1544 2606 1612 2641 BC
1711 2619 1767 2641 as-

319 2657 437 2691 suduo
465 2658 493 2691 C
583 2658 683 2692 aedis
709 2660 752 2702 B,
779 2661 857 2694 edis
885 2661 913 2695 C
1014 2665 1053 2695 51
1089 2666 1126 2697 te
1159 2674 1304 2706 semper
1338 2663 1366 2697 C
1457 2675 1537 2698 mea
1563 2675 1627 2698 om.
1656 2664 1685 2699 Ο

318 2715 360 2749 53
386 2726 531 2749 macera
556 2714 591 2749 B
691 2715 869 2751 occideris
894 2717 962 2752 BG

1057 2721 1099 2753 54
1131 2721 1182 2754 At
1213 2720 1355 2765 peditas
1390 2720 1465 2754 telu
1500 2721 1585 2765 quia
1611 2725 1716 2756 orant
1742 2721 1770 2756 si

407 2773 449 2806 55
476 2772 593 2806 omnis
619 2773 772 2807 mortale
793 2774 913 2809 sciunt
935 2775 964 2811 C
