1963 3243
830 261 869 295 V.
897 264 1045 296 21—521.
1595 265 1673 304 292)

184 391 231 428 cf.
265 391 383 428 Stich.
420 393 510 428 532.
587 390 686 427 Non.
719 404 757 440 p.
795 394 891 429 183:
939 405 1031 442 „per
1063 392 1178 435 uices,
1214 390 1368 427 Naevius
1403 389 1497 427 Belli
1535 392 1671 429 l’uuiei

184 458 251 495 lib.
285 458 379 496 1111:
413 460 626 497 uicissntim
667 459 771 496 uolui
814 457 1059 497 uictoriam“.
1095 478 1142 484 -
1185 459 1250 495 47.
1282 467 1487 506 {martires
1522 459 1669 504 hamb„

183 526 231 564 cf.
256 526 305 563 ad
329 527 446 566 Most.
474 529 538 565 97.
570 547 626 552 —
663 528 715 565 48
747 541 804 576 sq.
838 528 950 564 affort
982 527 1132 566 Nonius
1165 540 1202 577 p.
1240 527 1285 563 ll
1321 539 1406 563 cum
1440 526 1550 564 codd.
1585 542 1671 566 cou-

183 595 348 645 spirans.
404 596 516 633 Alter
547 609 680 634 versus
708 597 878 632 numeris
905 599 1029 641 curet3
1062 595 1240 633 Muretus
1266 608 1337 631 em.
1368 592 1525 640 „finitor
1550 596 1673 633 factus

182 662 306 701 sum‘⁴.
357 659 616 711 „firmiore-5⁴²
649 664 703 700 ait
718 662 818 700 Non.
842 663 1111 708 „dicebantun
1144 676 1242 712 quos
1266 676 1367 700 nuuc
1392 662 1674 709 agrimensores

181 730 357 778 dicimus,
391 731 498 780 dicti,
541 731 644 781 quod
677 730 771 768 finos
805 728 1075 778 divi‹le1·ent“;
1107 730 1153 768 cf.
1188 730 1265 768 Cic.
1300 730 1391 778 Agr.
1426 730 1473 776 11,
1512 732 1571 777 13,
1607 733 1671 769 34.

185 800 247 845 17,
280 800 344 837 45.
380 801 443 846 20,
479 802 542 838 53.
574 819 628 824 —
662 801 726 837 50.
762 797 877 844 aare,
911 799 1038 836 edere.
1072 819 1125 823 —
1170 800 1233 836 52.
1274 796 1315 835 in
1346 807 1492 845 manu,
1535 800 1571 835 in
1604 813 1673 848 po-

180 870 340 914 testate,
380 883 415 906 v.
449 868 496 905 ad
529 867 669 918 Amph.
704 869 769 905 80.
829 868 1087 917 Magistratus
1123 867 1317 915 signifieat
1347 866 1526 904 ludorum
1561 882 1671 904 eura-

178 939 298 973 tores.
326 955 376 960 —
407 938 470 975 53.
497 937 678 973 Auctoris
704 949 846 974 nomen
871 935 1058 985 prologus
1083 949 1159 972 non
1186 935 1320 982 affert3
1353 935 1493 972 fabulae
1520 949 1669 982 nomen,

179 1003 281 1053 quod
316 1006 515 1053 promisit,
549 1004 720 1053 profert,
755 1008 794 1041 et
824 1008 991 1054 utraque
1023 1003 1061 1040 id
1094 1004 1249 1053 quidem
1285 1004 1432 1052 lingua,
1466 1010 1510 1041 ut
1541 1004 1669 1043 Casin.

181 1073 225 1109 31
276 1085 356 1122 sq.:
409 1072 690 1119 „Clerumenoe
728 1077 894 1110 uocatur
939 1073 1032 1110 haec
1079 1073 1278 1110 comoedia
1317 1071 1484 1120 Graece,
1532 1072 1670 1110 Latine

178 1139 436 1178 Sortientes“.
498 1141 676 1178 Graecum
702 1141 816 1178 huius
834 1141 976 1178 fabulae
995 1154 1131 1178 nomen
1151 1145 1209 1178 est
1226 1141 1487 1189 Καρχηδόνιος,
1505 1141 1668 1178 Plautus

177 1209 254 1246 alio
286 1209 440 1246 nomine
471 1210 706 1260 appellavit,
739 1209 845 1259 quod
884 1223 1001 1259 quum
1041 1210 1329 1260 posterioribus
1370 1223 1444 1247 non
1476 1211 1570 1247 satis
1600 1223 1668 1247 ur-

176 1276 321 1314 banum
353 1276 566 1324 videretur,
600 1278 648 1314 ad
680 1277 777 1315 illud
806 1277 1017 1326 redierunt,
1050 1279 1118 1315 sed
1148 1283 1191 1314 ut
1221 1278 1358 1314 Latine
1383 1291 1537 1314 versum
1566 1274 1668 1316 Poe-

174 1341 321 1383 mclum
352 1345 538 1391 dicerent,
573 1359 649 1396 quo
679 1359 758 1384 uno
791 1347 946 1384 nomine
977 1346 1059 1384 haee
1089 1346 1218 1383 fabula
1254 1360 1272 1381 a
1298 1347 1562 1395 grammaticis
1586 1348 1666 1384 lau-

175 1413 303 1451 datur.
364 1415 574 1465 Antiquius
607 1415 757 1452 Latinae
788 1415 929 1453 fabulae
963 1429 1101 1452 nomen
1134 1415 1207 1452 fuit
1235 1411 1420 1452 Patruus
1446 1410 1666 1464 Pult‘e'plla-

172 1478 361 1532 yonides,
388 1483 411 1519 i.
432 1496 464 1520 e.
483 1483 655 1520 Patruus
672 1483 1018 1532 Carthaginiensis,
1045 1485 1316 1534 patronymico
1342 1484 1483 1520 comice
1501 1484 1667 1521 formato

174 1555 219 1586 ut
251 1550 532 1600 Misargyrides
565 1551 818 1589 Mostellariae
850 1552 1016 1601 aliaque,
1053 1565 1086 1590 v,
1114 1552 1160 1588 ad
1189 1552 1277 1589 Aul.
1299 1552 1392 1589 362.
1439 1551 1549 1601 Capt.
1570 1553 1662 1589 284.

176 1618 260 1655 Mil.
285 1620 345 1656 14.
386 1619 527 1656 Pseud.
549 1621 641 1657 991.
691 1619 945 1670 Pultiphagos
964 1620 1113 1657 Poenos
1141 1620 1361 1669 appellatos
1388 1633 1470 1657 esse
1498 1619 1666 1658 vidimus

173 1686 220 1724 ad
245 1687 364 1724 Most.
386 1688 480 1725 813.
534 1687 666 1725 Facile
695 1688 823 1725 Plinio
856 1687 1088 1726 crediderim
1124 1688 1169 1725 H.
1189 1688 1235 1725 N.
1255 1688 1396 1733 XVIII,
1432 1689 1481 1726 83
1520 1689 1665 1738 .,pulte,

172 1768 250 1792 non
290 1769 409 1805 pane,
457 1757 599 1793 vixisse
639 1757 756 1806 longo
795 1761 972 1806 tempore
1004 1754 1242 1802 R01uanos“,
1275 1756 1342 1795 sed
1374 1756 1476 1793 huuc
1508 1757 1665 1794 vivendi

171 1835 316 1861 morem
350 1827 439 1862 ante
471 1824 598 1862 Plauti
631 1828 786 1862 aetatem
820 1823 978 1862 desiisse
1011 1824 1138 1871 credo,
1171 1837 1248 1873 qua
1280 1828 1444 1873 artoptae
1475 1825 1594 1873 vulgo
1624 1826 1664 1862 in

171 1905 244 1929 usu
285 1896 414 1938 erant,
462 1905 497 1930 v.
532 1893 619 1929 Aul.
655 1894 747 1930 392.
837 1893 965 1940 Quare
1003 1906 1080 1929 non
1122 1892 1260 1929 dubito
1301 1894 1394 1942 quin
1433 1894 1662 1939 erraverint,

171 1961 237 2010 qui
277 1959 314 1998 h.
354 1961 379 1998 1.
424 1958 837 2010 „pultiphagoniden1“
881 1961 1097 1998 Romanum
1138 1961 1419 1998 intellexerunt
1458 1962 1663 2012 ipsumque

121 2074 125 2075 ⁷
170 2028 351 2066 Plautum
384 2028 595 2079 significari
626 2033 837 2078 putarunt,
885 2033 929 2066 ut
961 2029 1179 2066 Francken.
1213 2029 1400 2066 Mnemos.
1434 2029 1485 2066 IV
1515 2027 1659 2076 (1876)

168 2109 206 2146 p.
244 2098 320 2135 163
353 2111 426 2147 sq.,
460 2098 525 2147 qui
558 2111 592 2135 v.
629 2099 677 2135 54
711 2098 765 2135 sic
797 2098 984 2146 scriptum
1017 2096 1193 2135 volebat:
1231 2097 1396 2143 „Latine
1420 2097 1662 2136 PATRUUS

169 2164 311 2202 Plauto
356 2163 733 2215 pultiphagonidae“.
838 2166 1074 2215 Corruptum
1131 2179 1284 2202 versum
1339 2179 1420 2203 esse
1475 2170 1660 2216 apparet3

173 2230 353 2282 ‚‚platus“
388 2233 484 2270 nihil
517 2238 586 2271 est.
648 2233 749 2271 Edd.
787 2232 998 2279 „Plautus‘⁴
1034 2234 1287 2283 scripserunt,
1321 2235 1425 2283 quod
1457 2247 1504 2271 ne
1535 2247 1662 2283 gram-

169 2302 307 2338 matice
339 2301 496 2351 quidem
528 2302 696 2349 intelligi
730 2305 880 2351 potest,
924 2303 998 2338 nisi
1037 2315 1121 2339 cum
1155 2301 1311 2346 Mureto
1346 2301 1526 2348 „Plauti“
1563 2304 1659 2339 scri-

168 2369 289 2416 bit-ur,
322 2370 383 2407 vel
415 2371 546 2420 potius
584 2367 819 2416 „Pluutist“.
896 2369 1119 2420 Geppertus
1152 2370 1301 2420 aliquid
1333 2370 1522 2407 excidisse
1555 2369 1659 2407 arbi-

166 2440 296 2475 tratus
326 2438 382 2475 sic
412 2438 537 2475 locum
569 2436 801 2486 refingebat:

439 2505 730 2544 Carchedonius
762 2510 925 2545 vocatur
955 2506 1050 2544 haec
1081 2506 1281 2544 comoedia

439 2572 597 2621 Graece,
629 2575 770 2612 Latine
802 2574 1009 2612 Poenulus.
1070 2574 1317 2624 Philippides

439 2642 547 2680 Hanc
577 2642 723 2680 Graece
755 2643 924 2692 scripsit,
958 2646 1047 2692 post
1080 2643 1118 2680 id
1152 2655 1305 2679 rursum
1337 2642 1464 2680 denuo

439 2711 578 2748 Latine
610 2711 786 2757 Plautus,
819 2711 1007 2760 πατρόθεν
1040 2709 1398 2760 Pultiphagonides.

166 2776 315 2814 Ritsch.
348 2777 507 2827 Parerg.
539 2793 577 2829 p.
611 2780 689 2816 205
723 2779 777 2815 sic
808 2778 951 2816 voluit:

437 2845 728 2884 Carchedonius
759 2849 924 2883 uocatur
953 2845 1047 2883 haec
1080 2815 1283 2883 comoedia

437 2913 594 2962 Graece,
628 2913 767 2952 Latine
798 2912 966 2951 Patruus
998 2913 1363 2964 Pultiphagonides.
