1963 3243
300 173 352 212 88
963 166 1084 201 Plauti
1467 162 1530 208 IV,
1555 165 1589 206 2,
1612 161 1743 195 53—431
1778 201 1783 206 ,
1829 154 1833 155 ’

801 291 1247 346 Pyrgopolinices

1145 362 1345 415 Magnum
1379 375 1446 403 me
1475 361 1631 404 faciam
1662 373 1751 407 1040

301 438 439 489 Nunc,
471 450 599 491 quom
628 437 755 478 illaec
786 449 851 476 me
883 435 945 476 sic
975 433 1220 476 conlaudat.

871 592 1185 635 Palaestrio

897 664 1036 707 Uiden
1065 670 1114 706 tu
1143 666 1357 718 ignauom,
1387 669 1437 706 ut
1468 678 1562 706 sese
1591 662 1753 707 infert?

304 741 416 792 Quin
461 746 508 782 tu
553 740 653 781 huic
697 737 929 792 responde3
974 737 1082 778 haec
1126 736 1251 777 illaec
1296 742 1360 778 est
1405 737 1459 779 ab
1503 736 1580 778 illa
1623 750 1754 790 quam

1388 808 1549 859 dudum
1579 807 1682 850 dixi.

807 922 1257 977 Pyrgopolinices

307 998 504 1048 Quanam
529 997 583 1039 ab
608 995 813 1037 illarum?
844 1009 943 1036 nam
968 995 1032 1036 ita
1055 1008 1122 1036 me
1149 999 1379 1036 occursant
1400 995 1580 1046 multae3
1611 994 1758 1035 memi-

1275 1066 1390 1108 nisse
1420 1065 1538 1108 haud
1567 1079 1758 1120 possum.

849 1180 1220 1234 Milphidippa

307 1255 372 1296 Ab
404 1255 479 1296 illa
503 1267 616 1309 quae
642 1254 800 1307 digitos
825 1253 1039 1306 despoliat
1064 1265 1164 1294 suos
1191 1257 1235 1294 et
1257 1257 1356 1294 tuos
1381 1252 1538 1306 digitos
1563 1252 1777 1294 decorat:v

308 1327 418 1369 Nam
449 1327 564 1368 hunc
595 1325 771 1367 anulum
803 1337 874 1378 eyo
906 1324 960 1366 ab
992 1325 1055 1366 tui
1088 1326 1280 1378 cupienti
1310 1324 1411 1366 huic
1435 1324 1585 1377 detuli,
1615 1324 1686 1366 hic
1708 1323 1766 1366 ad

1393 1398 1429 1438 te
1460 1411 1601 1451 porro.
1677 1409 1764 1443 1045

812 1510 1262 1565 Pyrgopolinices

313 1583 424 1634 Quid
455 1598 568 1626 nunc
598 1584 679 1626 tibi
708 1584 790 1633 uis,
821 1583 990 1632 mulier,
1021 1597 1222 1625 memora.

854 1731 982 1786 Milp
993 1731 1179 1785 hidipp
1193 1745 1219 1773 a

869 1803 941 1853 Ut,
973 1818 1084 1857 quae
1114 1808 1156 1845 te
1191 1805 1323 1859 cupit,
1355 1818 1449 1846 eam
1480 1817 1533 1845 ne
1565 1816 1767 1857 spernas;

317 1876 437 1926 Quae
454 1890 532 1930 per
547 1881 665 1917 tuam
683 1889 798 1917 nunc
813 1878 949 1918 uitam
968 1877 1096 1928 uiuit3
1118 1878 1175 1918 sit
1189 1890 1337 1927 necne,
1353 1877 1397 1918 in
1413 1881 1457 1918 te
1474 1890 1572 1930 spes
1587 1889 1673 1918 uno
1690 1879 1766 1918 est.
1820 1873 1829 1877 ”

320 2080 433 2131 Quid
464 2095 577 2124 nunc
607 2081 727 2123 uolt‘>
819 2024 1267 2091 Pyrgopolinices

860 2207 903 2249 M
915 2206 952 2248 il
963 2223 989 2262 p
1001 2207 1028 2249 h
1039 2208 1052 2248 i
1063 2208 1112 2249 di
1125 2223 1152 2262 p
1163 2223 1189 2261 p
1200 2222 1225 2249 a

726 2279 784 2322 Te
816 2280 1063 2334 conpellare
1095 2286 1137 2322 et
1167 2280 1382 2334 conplecti
1412 2285 1456 2322 et
1487 2283 1772 2322 contractare.

413 2428 501 2461 1040
524 2438 582 2461 me
607 2437 671 2463 om.
695 2426 732 2462 B
828 2429 912 2463 1041
939 2439 1012 2472 quo
1036 2427 1083 2471 Β,
1109 2438 1174 2463 om.
1201 2428 1230 2464 0
1296 2427 1374 2462 illic
1398 2438 1455 2462 me
1480 2427 1555 2461 illic
1647 2419 1789 2461 uident

322 2485 498 2528 ignauum
518 2483 554 2518 Β
624 2484 786 2520 inferant
809 2485 856 2528 B,
882 2486 1015 2521 inferat
1043 2485 1073 2520 0
1141 2486 1226 2519 1042
1252 2485 1351 2519 MIL.
1376 2483 1470 2528 Quin
1540 2483 1714 2529 psipondi
1738 2482 1775 2518 B

415 2542 487 2576 PA.
512 2542 603 2577 haec
628 2541 703 2576 illic
772 2543 836 2577 illa
856 2542 891 2577 B
960 2543 1036 2577 dixi
1061 2554 1127 2578 om.
1200 2544 1287 2578 1043
1308 2541 1422 2586 Quam
1449 2541 1494 2575 ab
1513 2540 1561 2584 B,
1580 2541 1659 2585 Qua
1682 2541 1728 2575 ab
1749 2539 1778 2576 G

415 2604 586 2634 occursat
610 2600 644 2635 B
713 2604 777 2634 aut
800 2599 836 2634 Β
909 2602 995 2635 1045
1020 2600 1090 2634 huc
1115 2599 1152 2635 B
1244 2611 1313 2644 ego
1338 2610 1404 2634 om.
1497 2599 1543 2634 ab
1569 2598 1624 2633 tui
1648 2607 1714 2633 om.
1739 2596 1776 2632 Β

415 2657 600 2701 cupientis
669 2657 741 2692 huc
768 2656 798 2692 0
861 2657 948 2692 huic
972 2668 1083 2701 porro
1111 2657 1148 2700 Ο,
1170 2667 1281 2702 porro
1311 2655 1348 2691 Β
1426 2657 1512 2691 1046
1536 2658 1717 2691 memorat
1739 2653 1776 2690 B

416 2714 478 2758 qui
573 2715 659 2748 1047
685 2718 901 2759 perpetuam
927 2712 962 2748 Β
1038 2715 1117 2749 uult
1198 2715 1227 2749 ei
1253 2725 1322 2749 nec
1347 2714 1394 2748 sit
1417 2712 1465 2756 B,
1491 2713 1538 2747 sit
1564 2724 1633 2747 nec
1657 2723 1704 2747 ne
1727 2712 1778 2746 sit

327 2770 357 2810 C
448 2772 533 2806 1048
558 2783 655 2806 nunc
679 2782 745 2807 om.
773 2771 803 2807 0
890 2771 1120 2816 conpellaret
1143 2771 1178 2806 B
1271 2774 1505 2806 contrectare
1532 2768 1562 2805 Ο
