1963 3243
127 203 176 248 II,
206 205 237 247 3,
263 206 398 240 '70—82
694 205 799 240 Miles
825 206 1019 248 gloriosus.
1531 212 1584 251 29

698 331 1010 374 Palaestrio

127 401 240 452 Quid
265 402 408 444 nuno?
440 403 475 445 si
501 416 552 444 ea
576 403 746 452 domist,
779 404 813 445 si
840 418 932 445 eam
959 404 1070 446 facio
1099 410 1145 446 ut
1169 407 1284 448 exire
1310 407 1408 448 hinc
1435 407 1584 449 uideas

1242 478 1368 520 domo

127 531 295 584 Dignun
329 545 375 572 es
407 531 662 573 uerberibus
695 533 868 574 multis?
1374 514 1381 529 ⁹

714 646 1005 689 Sceledrus

867 719 1042 772 Dignus.

699 832 1012 876 Palaestrio

1160 893 1297 936 Serua
1327 896 1437 936 istas
1470 896 1586 946 foris,

125 959 188 1001 Ne
220 960 299 1002 tibi
332 960 442 1001 clam
476 974 520 1001 se
552 963 835 1015 supterduoat
859 964 989 1005 istinc
1013 970 1146 1019 atque
1172 966 1256 1007 huc
1280 971 1486 1010 transeat.
1520 981 1586 1014 345
1644 985 1649 989 ·

714 1076 741 1118 S
753 1090 775 1118 c
787 1077 832 1118 el
844 1093 866 1120 e
881 1078 904 1118 d
917 1093 938 1119 r
951 1091 972 1118 u
987 1094 1005 1119 s

126 1145 406 1188 Consiliumst
437 1148 499 1189 ita
529 1147 684 1191 facere.

700 1245 829 1288 Pala
842 1262 862 1287 e
875 1248 1014 1288 strio

564 1318 675 1359 Pede
694 1332 772 1372 ego
790 1320 873 1359 iam
895 1318 1010 1359 illam
1030 1318 1114 1360 huc
1131 1320 1211 1362 tibi
1229 1322 1378 1363 sistam
1398 1323 1439 1363 in
1459 1324 1586 1365 uiam.

712 1426 1003 1467 Sceledrus

129 1504 214 1556 Age
247 1502 347 1543 dum
381 1514 482 1553 ergo
516 1499 622 1540 face.
687 1497 796 1539 Uolo
831 1500 953 1542 scire.
988 1504 1130 1540 utrum
1166 1514 1244 1553 ego
1277 1502 1318 1542 id
1352 1502 1466 1555 quod
1499 1502 1587 1543 uidi

535 1574 538 1576 ’
1188 1573 1384 1626 uiderim,

129 1649 191 1688 An
222 1646 311 1688 illic
342 1646 475 1687 faciat
506 1643 621 1698 quod
655 1643 870 1683 facturum
904 1643 1020 1693 dicit,
1054 1651 1102 1685 ut
1134 1659 1185 1686 ea
1217 1647 1274 1687 sit
1306 1645 1433 1687 domi.

128 1719 234 1761 Nam
262 1733 339 1773 ego
367 1718 537 1772 quidem
565 1729 683 1757 meos
709 1715 856 1757 oculos
886 1715 1024 1757 habeo
1049 1730 1129 1758 nec
1146 1731 1249 1772 rogo
1268 1718 1453 1760 utendos
1470 1718 1588 1761 foris.

130 1790 214 1832 Sed
239 1790 310 1831 hio
333 1790 394 1831 illi
422 1789 774 1843 subparasitatur
799 1802 988 1842 semper3
1022 1788 1091 1830 hic
1115 1805 1191 1832 eae
1216 1798 1491 1844 proxumust3
1524 1803 1591 1836 350

129 1862 295 1904 Primus
326 1863 381 1904 ad
415 1862 557 1903 cibum
590 1866 796 1910 uocatum
829 1862 966 1914 primo
1002 1862 1269 1915 pulmentum
1303 1863 1445 1905 datur.

129 1933 238 1976 Nam
270 1934 357 1975 illic
387 1939 537 1976 noster
568 1938 634 1975 est
666 1932 853 1974 fortasse
886 1934 1058 1974 circiter
1089 1935 1336 1986 triennium,

130 2006 220 2049 Nec
238 2008 468 2061 quoiquam
484 2005 560 2047 alii
576 2020 704 2059 quam
724 2004 786 2045 illi
804 2006 845 2045 in
866 2010 1017 2047 nostra
1046 2006 1218 2048 meliust
1236 2006 1396 2049 famulo
1416 2008 1591 2050 familia.

134 2079 217 2121 Sed
250 2093 329 2133 ego
362 2079 466 2133 quid
499 2078 610 2132 ago?
671 2077 720 2118 Id
753 2091 818 2118 me
851 2091 981 2130 agere
1015 2085 1199 2132 oportet,
1241 2079 1320 2122 hoo
1353 2080 1590 2122 obseruare

1211 2155 1386 2194 ostium.

132 2223 177 2266 Si
207 2224 277 2266 hic
308 2224 538 2274 obsistam,
578 2223 658 2264 hac
696 2222 869 2276 quidem
912 2223 981 2276 pol
1015 2228 1134 2266 certo
1168 2225 1304 2266 uerba
1335 2225 1439 2266 mihi
1472 2239 1592 2266 num-

1155 2311 1281 2351 quam
1318 2296 1495 2338 dabunt.
1528 2308 1594 2341 355

222 2423 288 2456 343
311 2421 342 2455 si
367 2433 465 2456 nunc
492 2421 521 2455 si
547 2420 576 2455 G
655 2421 686 2454 si
706 2419 797 2454 satio
819 2424 860 2453 ut
881 2420 1029 2455 sedeam
1049 2420 1204 2464 (Ceam)
1227 2422 1314 2456 hinc
1340 2423 1441 2456 exire
1467 2421 1593 2456 uideas

132 2479 233 2514 domi
327 2480 394 2513 344
419 2478 543 2522 Dignfi
569 2484 588 2514 ἓ
612 2478 658 2521 Β,
686 2478 829 2521 Dignus
855 2489 893 2511 es
921 2477 950 2513 O
1047 2480 1112 2512 345
1138 2478 1214 2513 Nec
1239 2478 1274 2512 B
1368 2479 1451 2513 dam
1478 2478 1506 2513 C

132 2536 398 2570 subterducatfi
423 2541 479 2570 est
499 2535 584 2569 hinc
607 2543 716 2580 atque
738 2535 836 2570 hunc
858 2535 892 2568 Β
974 2536 1039 2569 346
1066 2535 1179 2578 pedes
1262 2536 1416 2570 inuitam
1439 2535 1508 2571 BG

131 2595 196 2628 347
223 2593 313 2628 iac&
346 2593 431 2628 uolo
463 2593 572 2627 scir&
606 2599 690 2626 utro
705 2617 806 2628 .....
823 2598 838 2626 t,
869 2590 892 2636 ξ
925 2592 953 2626 it
979 2593 1078 2636 quod
1105 2592 1202 2641 uidit
1226 2593 1363 2627 uiderit
1387 2592 1424 2627 Β
1528 2595 1595 2628 348

131 2651 186 2684 illi
211 2651 347 2685 ofaciat
374 2650 402 2685 G
491 2651 558 2684 349
585 2656 695 2692 rogat
723 2650 856 2684 uteude
882 2649 927 2691 Β,
963 2660 1054 2693 roga
1079 2650 1206 2684 utendi
1234 2649 1262 2684 G
1353 2650 1452 2685 foras
1479 2650 1507 2685 G

68 2716 72 2720 ·
133 2710 200 2743 350
224 2719 267 2742 ea
290 2707 360 2743 BG
438 2718 641 2752 proxumus
670 2706 696 2742 C
784 2707 850 2740 352
876 2706 1045 2740 tortass&
1134 2707 1201 2740 353
1226 2705 1354 2751 Neque
1379 2707 1448 2742 BC
1533 2708 1595 2742 alii

133 2775 198 2800 om.
294 2765 331 2800 in
357 2775 422 2800 om.
450 2763 520 2800 BG
598 2764 728 2798 melius
754 2762 823 2798 ΒΟ
902 2765 969 2798 354
994 2774 1063 2807 ego
1089 2763 1160 2798 hoc
1186 2763 1276 2808 quid
1361 2776 1443 2800 mea.
1469 2776 1595 2799 cerero

134 2821 252 2866 port&
276 2821 349 2857 huc
376 2821 590 2856 obseruar&
614 2820 650 2856 Β
744 2821 904 2856 hostium
933 2822 965 2855 A
1061 2823 1126 2855 355
1152 2820 1213 2855 Sic
1239 2819 1322 2864 AB,
1348 2821 1416 2856 Hic
1445 2821 1474 2857 Ο
