1963 3243
323 217 404 256 200
489 196 492 197 γ
1002 211 1125 246 Plauti
1550 209 1592 254 V,
1616 212 1648 255 4,
1673 211 1806 246 49-58

874 336 1259 390 Ayorastocles

322 409 481 451 Patrue
511 409 581 460 mi,
612 410 675 451 ita
705 422 772 451 me
805 408 847 450 di
880 407 1102 457 amabunt,
1134 412 1183 449 ut
1214 420 1291 460 ego
1324 407 1360 448 si
1392 407 1473 448 sim
1502 406 1711 460 Iuppiter,

323 481 416 522 Iam
446 480 591 523 hercle
624 494 702 535 ego
733 480 853 522 illam
883 493 1059 522 uxorem
1092 479 1245 520 ducam
1279 482 1322 520 et
1350 478 1560 520 Iunonem
1585 477 1813 519 extrudam

1339 549 1471 591 foras.

324 623 383 665 Ut
415 623 570 677 pudice
600 623 737 665 uerba
766 622 882 673 fecit,
916 624 1103 676 cogitate
1135 626 1178 664 et
1208 620 1451 664 commode!

325 694 382 737 Ut
412 695 608 737 modeste
639 695 877 736 orationem
910 693 1133 748 praebuit!

982 795 1164 837 Hanno

1168 865 1295 907 Certo
1327 865 1435 907 haec
1465 851 1561 907 inea
1592 869 1670 907 est.
1729 876 1816 910 1220

327 938 410 981 Sed
440 943 489 981 ut
520 943 620 981 astu
653 953 746 981 sum
777 938 1010 993 adgressus
1042 939 1097 980 ad
1129 938 1222 979 eas!

878 1039 1262 1094 Ayorastocles

1050 1111 1212 1165 Lepide
1243 1110 1388 1152 hercle
1419 1114 1551 1164 atque
1583 1108 1816 1151 commode.

981 1213 1028 1255 H
1035 1227 1059 1255 a
1069 1227 1097 1254 n
1108 1227 1136 1254 n
1144 1225 1166 1254 0

327 1286 462 1340 Pergo
495 1287 628 1328 etiam
657 1289 828 1327 tentare
840 1285 859 1326 ἱ)

885 1364 1264 1417 Ayorastoczes

902 1435 951 1476 In
982 1449 1124 1490 pauca
1156 1435 1320 1487 confer3
1352 1435 1515 1485 sitiunt,
1549 1434 1622 1488 qui
1653 1432 1818 1476 sedent.

981 1525 1167 1567 Hanno

331 1599 441 1650 Quid
471 1599 603 1641 istic?
652 1598 776 1649 Quod
807 1597 1058 1639 faciundum
1094 1602 1179 1648 est,
1211 1611 1287 1639 cur
1318 1610 1403 1638 non
1435 1596 1629 1649 agimus?
1675 1595 1724 1638 In
1754 1596 1820 1657 iuss

1350 1682 1428 1710 uos
1459 1681 1583 1710 uoco.

882 1748 1262 1802 Ayorastocles

330 1820 468 1871 Nunc,
500 1825 666 1874 patrue,
697 1826 744 1861 tu
771 1820 884 1874 frugi
909 1821 1047 1862 bonae
1073 1834 1130 1862 es.
1178 1819 1261 1861 Uin
1285 1819 1398 1861 hanc
1422 1831 1499 1872 ego
1526 1817 1821 1872 adprendam?

980 1898 1184 1952 [Hanno

1692 1953 1819 1995 Tene.

887 2024 1267 2075 Adelphasium

331 2098 394 2136 An
428 2100 611 2150 patruus
644 2101 719 2146 est,
749 2095 1067 2149 Agorastocles,
1097 2100 1197 2137 tuus
1229 2094 1325 2136 hic?

888 2197 1268 2251 Ayorastocles

1299 2267 1389 2309 Iam
1420 2267 1518 2309 faxo
1552 2264 1822 2319 scibis.]1225

333 2340 455 2382 Nunc
488 2353 568 2394 ego
601 2340 672 2394 pol
704 2345 746 2381 te
777 2340 965 2381 ulciscar
996 2340 1143 2393 probe,
1175 2353 1273 2381 nam
1304 2339 1403 2381 faxo
1427 2353 1523 2381 mea
1549 2339 1632 2380 eris
1655 2349 1824 2392 sponsa.

425 2501 512 2534 1217
536 2499 673 2534 Patrue
697 2510 756 2533 me
781 2499 833 2532 ita
859 2497 917 2532 dei
943 2497 976 2530 A
1083 2498 1168 2531 1218
1193 2497 1297 2530 illum
1321 2496 1358 2530 Β
1454 2497 1539 2531 1219
1563 2495 1638 2530 fece
1662 2495 1823 2539 cogitate

333 2556 574 2591 edcommode
599 2556 634 2591 Β
712 2556 797 2589 1221
826 2558 1010 2589 astussum
1036 2553 1071 2587 Β
1150 2554 1195 2587 ad
1221 2563 1288 2588 om.
1316 2552 1344 2588 0
1413 2551 1609 2588 commodo
1634 2550 1671 2586 Β
1738 2551 1825 2585 1222

332 2624 444 2657 perge
527 2615 730 2657 temptaret
753 2611 791 2646 in
884 2622 1024 2645 conuer
1049 2611 1083 2645 Β
1176 2621 1245 2654 que
1265 2609 1311 2652 Β,
1337 2620 1418 2654 quae
1442 2609 1471 2644 0
1563 2609 1647 2643 1223
1674 2618 1768 2652 quur
1786 2605 1823 2642 B

445 2669 580 2704 Inlisos
608 2668 637 2704 Ο
755 2667 841 2702 uolo
968 2668 1053 2700 1224
1078 2666 1184 2700 Nunc
1211 2671 1294 2700 tene
1319 2669 1450 2710 patrue
1475 2669 1515 2700 tu
1538 2664 1635 2710 frugi
1662 2665 1690 2699 si
1717 2665 1823 2699 bonae

333 2737 370 2759 es
395 2725 464 2761 BG
555 2737 626 2770 ego
652 2725 748 2759 hanc
774 2724 819 2758 ad
844 2724 1008 2768 praedam
1035 2723 1105 2758 BC
1201 2722 1298 2756 Tene
1323 2732 1389 2756 om.
1417 2721 1445 2756 C
1547 2723 1631 2756 1225
1656 2721 1735 2756 haec

332 2781 435 2816 saxos
462 2782 567 2816 cibus
593 2780 628 2816 Β
725 2781 810 2815 1226
835 2780 898 2825 pol
926 2791 994 2823 ego
1021 2779 1090 2814 BC
1180 2779 1250 2813 eris
1274 2789 1356 2813 mea
1381 2778 1414 2812 A
