1963 3243
277 237 328 275 56
955 231 1076 266 manti
1485 231 1536 274 11,
1563 232 1595 272 2,
1623 221 1762 265 63—³70

909 356 1122 402 Harpax

274 429 367 483 Ego
401 429 605 471 deuortar
635 433 759 470 extra
787 433 958 482 portam
990 404 1074 469 huc
1103 429 1145 469 in
1176 427 1406 469 tabernam
1435 428 1610 469 tertiam

278 500 403 554 Apud
435 514 564 542 anum
596 500 714 542 illam
748 499 968 550 doliarem,
1003 499 1218 551 claudam,
1251 512 1448 550 crassam,
1482 497 1746 553 Chrysidem.

867 624 1169 666 Pseudolus

278 695 391 746 Quid
421 709 535 738 nunc
565 696 661 737 uis?

906 781 1124 836 Harpax

660 853 764 895 Inde
794 858 844 896 ut
875 868 941 896 me
974 867 1180 905 arcessas,
1212 867 1310 895 erus
1341 858 1441 895 tuus
1462 853 1545 904 *ubi
1575 853 1762 895 uenerit>

866 967 1168 1009 Pseudolus

276 1040 367 1081 Tuo
398 1039 632 1091 arbitratu3
664 1053 873 1081 maxume.

908 1140 1123 1195 Harpax

935 1212 1046 1254 Nam
1077 1216 1126 1253 ut
1155 1212 1293 1254 lassus
1323 1213 1422 1254 ueni
1455 1211 1505 1253 de
1537 1211 1621 1262 uia,

273 1284 342 1326 Me
374 1284 472 1327 uolo
506 1298 670 1326 curare.

865 1378 1170 1420 Pseudolus

739 1450 850 1493 Sane
882 1451 996 1505 sapis
1028 1455 1071 1492 et
1103 1449 1328 1492 consilium
1362 1449 1517 1504 placet.
1695 1461 1766 1495 665

274 1521 357 1565 Sed
391 1522 490 1564 uide
523 1523 580 1564 sis
612 1535 664 1563 ne
695 1523 739 1563 in
771 1522 1021 1577 quaestione
1054 1522 1125 1572 sis,
1157 1521 1330 1576 quando
1364 1525 1594 1571 arcessam,
1627 1520 1743 1562 mihi.

909 1646 1124 1701 Harpax

278 1717 389 1768 Quin
420 1718 494 1760 ubi
526 1718 751 1772 prandero,
786 1718 898 1760 dabo
931 1732 1105 1772 operam
1136 1732 1296 1759 somno.

867 1843 928 1884 Ps
942 1857 1000 1884 eu
1013 1842 1136 1884 dolu
1149 1857 1166 1884 s

1359 1913 1468 1956 Sane
1500 1926 1667 1955 censeo.

910 2009 1123 2063 Harpax

276 2079 387 2122 Num
422 2080 524 2135 quid
555 2080 652 2122 uis?

867 2174 1171 2217 Pseudolus

604 2246 850 2289 Dormitum
880 2251 929 2287 ut
959 2245 1104 2288 abeas.

907 2371 1124 2425 Harpax

1063 2442 1193 2484 Abeo.

365 2591 428 2624 661
456 2589 522 2623 HA
543 2588 657 2624 om.B
735 2588 914 2624 deuortor
996 2589 1062 2623 662
1088 2588 1251 2624 diabolis
1275 2587 1459 2622 recludam
1482 2586 1528 2630 B,
1555 2587 1760 2622 dioboliare

276 2646 420 2681 cludam
448 2645 478 2687 C
573 2656 736 2690 grassam
837 2644 1046 2690 chyrsidem
1071 2644 1106 2679 Β
1206 2646 1272 2680 663
1298 2655 1462 2679 accersas
1487 2643 1520 2676 Α
1613 2643 1681 2677 664
1706 2653 1763 2677 ar-

362 2707 422 2737 ato

275 2749 388 2783 bitrio
417 2747 448 2784 C
520 2749 586 2783 665
607 2728 700 2782 '6010
728 2746 796 2782 Bc
875 2746 909 2781 s.
937 2757 1024 2781 sane
1049 2745 1096 2787 Β,
1123 2746 1250 2781 sisane
1275 2745 1303 2781 c
1392 2746 1458 2780 666
1483 2746 1551 2780 tibi
1578 2744 1606 2780 c
1695 2744 1763 2779 666

274 2804 378 2839 Nunc
405 2804 490 2849 quid
