1963 3243
140 244 169 287 Ι,
194 244 224 288 6,
248 243 383 278 44-58
777 241 991 276 Pseudolus.
1575 248 1619 285 41

752 367 892 410 Calli
917 368 1004 410 )ho

138 441 253 483 Bene
286 439 640 494 confidenterque
673 383 1140 490 adstitisselintellego.

732 557 1033 599 Pseudolus

138 630 271 671 Decet
302 629 584 679 innocentem,
618 629 690 682 qui
725 630 793 670 sit.
828 635 958 683 atque
992 630 1212 671 innoxium
1563 642 1629 674 4130

137 701 315 745 Seruom
347 700 577 755 superbum
613 714 704 742 esse
737 701 852 754 apud
887 716 1004 742 erum
1039 702 1337 755 potissumum.

761 817 1010 873 Callipho

137 891 245 933 Sunt
276 903 386 944 quae
421 896 461 931 te
493 890 693 932 uolumus
725 891 985 944 percontari.
1020 905 1131 945 quae
1165 892 1287 944 quasi

136 962 218 1004 Per
250 961 451 1003 nebulam
486 968 655 1003 nosmet
686 963 843 1004 seimus
876 967 1009 1016 atque
1042 963 1301 1005 audiuimus.

811 1079 948 1122 Simo

137 1150 345 1193 Conficiet
376 1151 460 1192 iam
494 1156 536 1192 te
567 1151 638 1192 hic
669 1151 827 1201 uerbis,
861 1157 908 1193 ut
939 1156 986 1193 tu
1020 1166 1196 1194 censeas

134 1222 228 1265 Non
261 1222 534 1270 Pseudolum,
569 1223 644 1265 sed
678 1222 900 1265 Socratem
931 1229 1075 1265 tecum
1107 1224 1236 1279 loqui.
1561 1236 1628 1270 465

732 1341 1032 1383 Pseudolus

134 1411 202 1453 Ita
235 1417 318 1464 est;
350 1413 435 1454 iam
468 1412 632 1466 pridem
666 1420 712 1454 tu
745 1428 811 1454 me
845 1414 1022 1467 spernis,
1055 1414 1204 1455 sentio.

135 1482 339 1538 [Paruam
373 1498 464 1526 esse
497 1485 610 1538 apud
644 1490 686 1526 te
720 1485 821 1526 mihi
854 1484 981 1526 fidem
1014 1486 1105 1539 ipse
1136 1484 1372 1539 intellego]

136 1554 268 1610 Cupis
299 1570 366 1598 me
398 1571 491 1599 esse
524 1570 732 1610 nequam3
765 1563 910 1599 tamen
943 1572 1014 1599 ero
1047 1557 1159 1611 frugi
1193 1557 1343 1599 bonae.

815 1674 951 1716 Simo

137 1744 221 1786 Fac
252 1746 311 1787 sis
343 1747 533 1796 uaciuas‚
566 1745 792 1796 Pseudole‚
828 1747 948 1788 aedis
981 1748 1163 1790 aurium.

134 1816 232 1859 Mea
263 1824 311 1859 ut
342 1819 528 1871 migrare
562 1818 679 1859 dicta
711 1820 878 1872 possint
909 1833 995 1872 quo
1028 1819 1139 1860 uolo.
1563 1831 1630 1864 470

731 1935 1030 1978 Pseudolus

135 2007 223 2060 Age
254 2007 433 2061 loquere
466 2007 651 2060 quiduis,
684 2009 858 2050 tametsi
891 2008 970 2049 tibi
1003 2021 1246 2049 suscenseo.

813 2125 950 2167 Simo

135 2195 270 2238 Mihin
304 2197 479 2239 domino
512 2211 660 2240 seruos
692 2203 739 2239 tu
772 2197 1024 2239 suscenses?

729 2311 760 2352 P
773 2327 791 2353 s
804 2325 825 2353 e
837 2326 863 2352 u
879 2311 905 2352 d
916 2325 939 2353 ο
950 2311 964 2352 1
975 2326 1002 2353 u
1015 2326 1034 2353 s

1077 2383 1182 2424 Tam
1214 2382 1294 2424 tibi

135 2451 289 2494 Mirum
320 2454 364 2496 id
395 2455 598 2497 uidetur?

817 2556 955 2598 Simo

655 2627 808 2670 Hercle
843 2630 929 2683 qui,
961 2634 1008 2670 ut
1039 2634 1085 2670 tu
1118 2627 1358 2682 praedicas,

224 2768 290 2800 459
315 2766 385 2801 CA.
415 2778 479 2802 om.
506 2767 542 2802 Β
629 2769 696 2801 460
722 2768 890 2801 innoxius
979 2769 1046 2802 466
1073 2766 1108 2800 C.
1136 2766 1171 2801 Β
1253 2767 1319 2801 469
1346 2766 1422 2800 Fax
1447 2766 1481 2801 B
1562 2768 1630 2801 430

135 2821 233 2857 dicia
257 2823 292 2856 Β
384 2825 450 2858 472
475 2824 547 2858 iam
574 2823 641 2859 BC
731 2825 797 2858 473
823 2823 858 2857 id
887 2834 953 2858 om.
983 2824 1015 2857 A
