1963 3243
158 244 222 286 IV,
247 245 279 286 ⁷,
305 244 440 278 45—54
796 242 1009 276 Pseudolus.
1595 246 1642 284 91

817 367 990 409 Ballio

1087 439 1143 480 At
1174 439 1243 480 hic
1274 444 1341 481 est
1373 439 1441 480 uir
1473 439 1646 492 probus.

158 512 242 555 Sed
273 517 332 563 tu,
363 512 474 554 bone
505 512 584 562 uir,
615 509 815 563 flagitare
846 525 975 564 saepe
1008 511 1195 552 clamore
1227 511 1268 552 in
1302 510 1407 553 foro.

158 584 296 635 Quom
329 583 477 626 libella
506 597 721 637 nusquam
753 589 830 633 est,
862 584 944 624 nisi
978 583 1082 637 quid
1115 583 1212 624 leno
1238 582 1306 623 hic
1330 583 1529 624 subuenit
1556 582 1648 624 tibi.

712 740 714 743 Ι
794 677 1013 731 Harpax

158 750 271 801 Quin
303 755 348 792 tu
382 763 549 792 mecum
579 748 807 791 fabulare?

811 843 994 885 Ballio

866 916 1068 958 Fabulor.
1132 915 1244 966 Quid
1275 916 1341 957 uis
1373 915 1485 957 tibi?
1566 928 1651 960 1150

796 1007 1011 1062 Harpax

162 1080 395 1133 Argentum
429 1080 629 1134 accipias.

816 1151 990 1193 Ballio

682 1224 772 1265 Iam
806 1224 982 1272 dudum,
1015 1224 1052 1265 si
1084 1222 1170 1273 des,
1202 1223 1375 1276 porrexi
1407 1235 1592 1264 manum.

799 1319 904 1360 Har
952 1333 1011 1359 ax

160 1390 337 1444 Accipe3
387 1391 457 1433 hic
489 1396 589 1432 sunt
621 1392 809 1445 quinque
842 1335 1010 1444 arglenti
1041 1390 1181 1431 lectae
1213 1395 1467 1432 numeratae
1499 1390 1650 1432 minae.

161 1462 254 1504 Hoc
284 1463 364 1505 tibi
396 1477 494 1505 erus
527 1478 592 1506 me
623 1465 749 1505 iussit
780 1464 891 1505 ferre
923 1462 1470 1517 Polymachaeroplagides,

163 1534 287 1586 Quod
319 1535 511 1586 deberet,
542 1540 673 1589 atque
705 1541 754 1578 ut
785 1550 954 1578 mecum
985 1536 1178 1576 mitteres
1208 1534 1499 1577 Phoenicium.

165 1689 276 1731 Erus
308 1688 437 1731 tuus?
817 1631 998 1672 Balho

798 1759 836 1801 H
849 1774 873 1801 a
887 1774 907 1801 r
919 1775 945 1814 p
957 1774 1017 1801 ax

476 1833 545 1875 Ita
576 1833 683 1875 dico.

825 1915 1000 1957 Ballio

722 1987 845 2030 Miles

802 2067 1017 2120 Harpax

899 2139 966 2180 Ita
997 2139 1164 2192 loquor.

818 2218 1000 2261 Ballio

1211 2288 1519 2331 Macedonius‘?
1571 2299 1657 2332 1155

802 2363 1019 2417 Harpax

167 2438 421 2489 Admodum,
452 2438 642 2492 inquam.

822 2507 1003 2548 Ballio

665 2580 725 2622 Te
757 2579 812 2621 ad
844 2593 910 2620 me
941 2579 1060 2620 misit
1091 2574 1658 2630 Polymachaeroplagides?

258 2719 346 2753 1148
371 2728 468 2752 none
492 2716 538 2758 B,
563 2727 639 2751 non
665 2727 703 2751 es
731 2714 759 2749 C
869 2714 908 2748 in
933 2713 1094 2749 clamore
1121 2711 1150 2746 C
1255 2713 1340 2746 1149
1366 2710 1464 2755 quod
1574 2711 1660 2745 1150

169 2773 336 2809 fabulare
361 2785 427 2809 om.
453 2776 493 2809 in
516 2774 652 2808 lac-una
676 2771 712 2806 B
831 2772 914 2804 1151
945 2769 1049 2804 iamsi
1075 2768 1213 2804 dudum
1241 2767 1270 2803 Ο
1389 2768 1475 2802 1153
1502 2766 1598 2801 ferro
1624 2765 1660 2801 Β

171 2832 257 2865 1154
281 2843 403 2866 meum
431 2830 459 2865 C
552 2830 638 2864 1155
663 2829 736 2864 BA.
765 2838 829 2863 om.
855 2827 890 2861 Β
959 2826 1079 2860 Eruus
1105 2825 1141 2861 Β
