1963 3243
750 223 789 256 V.
817 224 1008 269 822-873.
1536 232 1617 272 267

67 333 69 339 ¹
134 365 170 391 v.
203 350 250 388 ed
287 350 377 388 147.
439 349 569 388 Acid.:
607 351 730 397 „Ibi⁴‘.
766 372 818 377 -—
851 349 1039 391 dimissis
1070 351 1263 392 inanibus
1294 369 1337 391 vx
1374 357 1400 392 A
1436 357 1493 397 R..
1536 359 1557 395 i.
1585 374 1616 394 e.

134 418 301 458 maximo
342 430 476 464 cursu,
522 431 557 456 v.
591 418 637 456 ad
676 418 792 470 Epid.
825 421 918 458 447.
994 421 1034 460 Si
1073 421 1154 459 haec
1191 423 1382 471 scripturn
1426 437 1515 460 νιϊιι
1547 431 1616 471 oet,

62 525 67 534 ,
135 499 195 527 vv.
228 487 421 524 847—48
453 487 578 536 spurii
608 486 774 526 habendi
805 493 915 536 sunt,
956 503 1042 527 nam
1080 494 1119 527 et
1150 503 1273 540 pravo
1314 492 1397 528 loco
1441 493 1618 541 leguntiu-

133 552 298 603 (Acidal.
338 558 428 604 post
465 555 544 592 845
586 551 736 605 posuit)
785 560 824 594 et
868 570 1029 606 prorsus
1079 559 1202 608 inepti
1249 563 1360 604 sunt,
1409 574 1492 596 nam
1539 561 1618 606 „di-

134 623 261 662 missis
312 620 519 661 manibus“
576 623 693 673 vulgo
744 625 942 671 dicebant,
1010 625 1204 673 „dimissis
1255 627 1460 675 p‹·dibus“‚
1515 628 1616 677 quod

133 691 352 741 corrigendi
385 704 503 729 causa
534 691 708 736 affertur,
742 693 838 730 nihil
870 696 940 731 est.
1009 693 1074 731 Sin
1108 693 1145 731 hi
1184 693 1260 732 duo
1293 707 1426 733 versus
1456 695 1618 733 tenendi

49 791 62 820 ἡ.
132 763 236 807 eunt,
274 761 494 798 necessario
525 760 797 810 amplectenda
829 765 890 799 est
919 765 958 799 et
988 763 1242 812 transpositio
1273 763 1443 800 Acidalii
1475 767 1515 800 et
1547 763 1616 801 Pa-

132 828 344 866 latinorum
374 828 548 866 codicum
580 830 786 878 scriptura,
818 833 862 867 ut
887 842 1036 879 coquus
1059 831 1167 879 prius
1196 831 1388 871 „dimissis
1412 830 1617 880 pedibus‘⁴,

132 895 272 934 deinde
302 909 342 933 se
373 897 573 945 corrigens
607 896 834 943 „manibus“
870 898 1025 935 dixerit.
1064 917 1119 924 —
1157 900 1250 936 848.
1296 896 1377 948 Qui
1408 897 1537 937 dum?
1566 901 1619 944 A;

131 965 233 1004 idem
275 978 349 1002 om.
388 963 545 1014 ..quia“.
589 984 643 990 -·-
683 966 776 1004 849.
823 966 980 1004 coctum
1018 962 1055 1003 is
1084 967 1129 1003 A.
1170 986 1224 991 —
1271 968 1364 1005 850.
1407 963 1449 1005 It
1478 969 1524 1005 A.
1569 987 1617 992 -

133 1033 225 1072 851.
270 1029 476 1082 Istaoine‚
516 1038 561 1071 ut
591 1034 695 1080 lovi,
728 1048 804 1072 non
842 1034 955 1081 mihi,
988 1047 1144 1084 coquas.
1191 1054 1246 1059 —
1292 1036 1385 1073 852.
1430 1045 1493 1073 me
1531 1046 1620 1073 esse

53 1104 58 1114 '
131 1102 248 1140 etiam
280 1102 314 1139 A
344 1115 431 1140 cum
462 1103 569 1140 hiatu
604 1103 642 1140 in
673 1114 841 1151 caesura3
879 1102 949 1140 sed
986 1102 1155 1140 libenter
1193 1115 1277 1140 cum
1316 1102 1400 1152 Pyl.
1440 1103 1485 1142 R.
1525 1107 1617 1142 cett.

58 1197 65 1210 .
130 1171 459 1221 transposuerim:
494 1184 603 1219 „esse
634 1169 735 1209 me“.
767 1191 823 1196 —
855 1172 948 1210 853.
979 1171 1023 1209 ut
1052 1180 1178 1219 opera
1207 1168 1424 1220 adpareat,
1456 1172 1504 1210 cf.
1536 1173 1618 1210 Cat.

130 1237 176 1276 R.
207 1237 254 1276 R.
287 1239 324 1286 2,
358 1240 403 1277 2:
453 1239 511 1286 „si
547 1239 582 1276 ei
612 1252 710 1289 opus
742 1252 818 1277 non
850 1236 1055 1289 adparet“.
1128 1239 1216 1277 Ter.
1250 1226 1351 1277 Eun.
1384 1240 1486 1278 311:
1535 1242 1621 1288 „fec

130 1309 183 1344 eis
213 1319 316 1344 nunc
337 1309 531 1357 promissa
553 1306 811 1358 adpareant“.
836 1328 891 1332 —
923 1308 1017 1345 854.
1049 1305 1172 1345 uenio
1195 1309 1240 1346 A.
1266 1328 1319 1333 ——-
1353 1310 1444 1346 856.
1477 1305 1618 1347 milui-

132 1371 220 1424 nis,
260 1375 307 1413 cf.
341 1375 446 1414 Men.
481 1377 575 1413 210.
611 1395 658 1400 -
702 1377 795 1414 857.
836 1372 1122 1426 coquinatum,
1165 1390 1198 1413 v.
1231 1377 1279 1413 ad
1312 1378 1399 1414 Aul.
1433 1378 1525 1415 400.
1569 1397 1613 1402 -

131 1443 170 1482 te
197 1440 260 1482 ire
291 1444 335 1481 A.
372 1465 421 1470 —
457 1446 549 1500 359:
591 1444 653 1491 tu,
687 1457 842 1482 servum
875 1457 986 1482 suum
1018 1445 1273 1494 pedisequum
1307 1446 1532 1495 alloquitur.
1568 1465 1615 1471 —

131 1522 174 1551 83
204 1509 287 1551 iam
317 1509 432 1551 edico
463 1514 509 1552 A.
545 1532 593 1538 —
628 1515 721 1551 860.
751 1522 951 1561 propere-S·
982 1514 1027 1550 A.
1088 1508 1184 1550 hinc
1213 1512 1256 1550 R.
1289 1513 1466 1560 addidit,
1500 1527 1618 1563 quum

47 1564 54 1610 Ι.
129 1581 169 1618 in
200 1581 233 1618 A
264 1582 432 1631 spatium
475 1583 557 1619 eius
589 1582 813 1619 invenisset.
846 1600 899 1605 —
940 1582 1032 1618 862.
1080 1576 1297 1629 spectabit,
1331 1591 1375 1619 eo
1416 1581 1457 1619 tu
1490 1582 1534 1619 A.
1573 1601 1613 1606 --

131 1649 224 1688 863.
257 1646 432 1698 queldo
462 1651 576 1687 etiam
595 1651 641 1686 A.
694 1645 1013 1698 prossrcdimmo
1045 1651 1157 1695 item;
1191 1662 1323 1687 versus
1354 1663 1468 1687 causa
1500 1650 1543 1687 R.
1577 1650 1620 1687 tu

130 1716 295 1764 addidit,
322 1717 484 1765 Bergk:
522 1730 593 1765 „eo
616 1719 766 1767 pariter
791 1716 855 1767 p.“
883 1737 938 1741 —
965 1717 1057 1755 866.
1091 1713 1348 1763 altrinsecus,
1381 1719 1426 1754 cf.
1447 1719 1536 1756 358.
1568 1738 1617 1742 —

131 1786 223 1824 868.
265 1782 547 1836 eonqzciniscet
587 1787 704 1823 etiam
737 1787 790 1832 A,
832 1787 855 1823 i.
889 1799 921 1822 e.
954 1787 1057 1834 κύψει
1097 1786 1141 1828 ὥς
1180 1785 1397 1831 ἀποστατῶν,
1444 1785 1489 1823 cf,
1523 1787 1617 1824 Uist.

129 1854 230 1892 484:
266 1853 574 1900 „Faciundumst
597 1854 751 1904 puerile
781 1853 971 1900 officium3
1010 1855 1296 1904 conquiniscam
1322 1855 1369 1891 ad
1396 1853 1617 1891 cistulam“.

59 1912 61 1915 .
129 1920 230 1960 Non.
272 1935 310 1973 p.
352 1923 425 1970 84,
479 1923 546 1972 qui
588 1923 622 1959 h.
666 1937 702 1960 v.
745 1923 799 1960 sic
844 1921 976 1959 affert:
1033 1923 1088 1968 „si
1134 1923 1436 1971 conquiniscesi,
1482 1926 1619 1960 ceueto

18 1992 21 1993 ⁷
52 2031 54 2033 ‚
128 1987 285 2028 eimul“.
346 1990 550 2028 Veriorem
589 1990 819 2028 emendandi
860 1991 961 2028 viam
992 1991 1226 2028 monstravit
1255 1989 1310 2037 A,
1351 1990 1417 2027 ubi
1454 1989 1614 2037 „simul“

129 2059 338 2097 omittitur.
362 2079 417 2084 —
451 2060 544 2097 869.
568 2056 721 2108 priuos
751 2057 947 2105 Gulielm.,
981 2060 1004 2095 i.
1030 2071 1062 2096 e.
1095 2058 1281 2107 singulos,
1315 2058 1361 2094 cf.
1390 2057 1546 2095 Lucret.
1573 2057 1617 2098 V,

15 2178 21 2189 ¹
52 2134 56 2138 “
131 2127 231 2165 274:
266 2128 424 2178 „privas
456 2132 659 2165 mutantur
690 2128 728 2164 in
760 2125 916 2164 horae“.
978 2125 1078 2164 Non.
1111 2139 1148 2176 p.
1184 2127 1234 2163 35
1268 2126 1408 2164 Lucilii
1441 2126 1618 2175 exempla

129 2195 254 2234 affert.
286 2215 342 2221 —
373 2197 466 2234 870.
501 2192 650 2234 bonum
681 2192 864 2233 animum
895 2198 934 2231 et
957 2195 1047 2232 Aet
1063 2194 1105 2231 B.
1160 2203 1336 2243 possum
1359 2195 1403 2231 A.
1438 2213 1491 2219 —
1523 2195 1616 2231 871.

3 2241 15 2304 ,ι
64 2272 69 2278 “
128 2257 300 2302 Bonum
317 2265 362 2302 A.
393 2283 441 2290 —
471 2265 564 2303 872.
597 2260 718 2302 hodie
744 2262 780 2299 te
802 2264 848 2301 A.
911 2261 1022 2309 Quod
1054 2262 1115 2300 hic
1147 2262 1394 2300 desideratur
1423 2262 1617 2300 obiectum

133 2335 202 2380 „ut
231 2333 284 2370 sis
315 2330 584 2378 adolescene“‚
618 2332 868 2370 anacoluthia
891 2331 1067 2377 videtur3
1100 2331 1167 2367 sed
1199 2330 1246 2367 fit
1268 2331 1368 2368 idem
1393 2330 1460 2367 ubi
1484 2330 1618 2368 eadem

129 2404 362 2451 repetuntur
391 2414 428 2439 v.
463 2402 562 2440 876:
608 2396 716 2439 Item
746 2410 818 2450 eyo
851 2400 887 2437 te
916 2395 1088 2447 faciam,
1128 2399 1195 2436 ubi
1226 2399 1358 2448 potius
1389 2397 1619 2435 adverbium

128 2481 201 2519 pro
232 2469 427 2507 adiectivo
458 2471 630 2520 positum
664 2469 771 2506 dicas
802 2472 847 2505 ut
876 2481 911 2505 v,
946 2468 1038 2505 802.
1067 2486 1120 2491 -—
1153 2467 1246 2504 873.
1278 2466 1325 2504 ut
1356 2462 1507 2504 Medea
1537 2461 1616 2504 Pe-

129 2533 230 2576 liam
260 2537 477 2576 Scutarius.
551 2539 593 2575 In
634 2538 741 2585 vulgi
781 2549 846 2575 ore
886 2540 972 2573 erat
1012 2535 1142 2572 fabula
1182 2534 1229 2571 de
1269 2534 1410 2571 Medea
1448 2535 1618 2571 venefica

128 2617 257 2644 senem
288 2610 542 2656 recoquente,
582 2606 627 2643 cf.
662 2606 739 2642 uic.
773 2606 858 2641 Cat.
893 2605 979 2640 mei.
1015 2604 1085 2648 23,
1128 2605 1198 2639 83:
1250 2602 1339 2649 „Me
1371 2601 1475 2639 haud
1507 2602 1617 2639 facile

13 2674 16 2698 ῗ
58 2694 71 2723 ·.
129 2673 216 2724 quis
254 2676 468 2712 retraxerit
505 2687 574 2711 nec
611 2677 797 2723 tanquam
834 2672 977 2709 Peliam
1020 2671 1251 2707 recoxerit“.
1313 2669 1422 2708 Unus
1453 2669 1616 2707 Ovidius

13 2728 20 2744 ι
49 2758 54 2762 ·
130 2741 224 2780 Met.
256 2741 351 2789 VII,
387 2743 465 2779 164
495 2755 581 2791 sqq.
613 2741 687 2779 hoc
718 2754 759 2777 re
791 2753 879 2777 vei-u
913 2740 1056 2777 factum
1089 2752 1172 2777 esse
1202 2743 1355 2783 narrat,
1397 2737 1546 2775 scilicet
1576 2739 1615 2775 in

128 2809 276 2848 AEsone
307 2811 458 2848 Iasonis
489 2814 621 2862 patre,
655 2823 769 2860 quem
802 2808 1048 2846 consentiens
1080 2814 1298 2844 ceterorum
1335 2806 1508 2843 narratio
1541 2807 1615 2843 iam
