1963 3243
269 233 321 273 '78
950 225 1069 260 Plauti
1490 223 1556 266 Π,
1580 225 1612 268 2,
1635 219 1752 260 4—1'5
1830 214 1838 223 “

856 351 890 392 Ρ
902 365 922 393 s
933 364 955 392 e
965 365 994 392 u
1006 349 1033 390 d
1043 363 1067 391 o
1079 349 1131 391 lu
1142 363 1162 391 s

267 425 497 478 Ingredere
526 424 572 466 in
600 424 717 465 uiam
749 421 921 474 dolose3
955 435 1031 473 ego
1062 420 1133 462 hic
1162 421 1208 462 in
1237 419 1407 462 insidiis
1437 433 1521 462 ero.

923 511 1094 553 Simia

267 586 411 628 Habui
440 599 665 628 numerum
696 583 869 636 sedu103
899 583 982 626 hoc
1012 587 1077 625 est
1105 586 1274 625 sextum
1297 595 1322 623 a
1347 586 1472 635 porta
1494 594 1750 635 proxumum

267 658 570 711 Angiportum3
601 657 644 698 in
674 656 721 697 id·
749 655 1025 710 angiportum
1057 667 1123 696 me
1155 654 1324 696 deuorti
1354 653 1552 695 iusserat.
1683 664 1754 698 966

267 729 507 780 Quotumas
538 727 658 770 aedis
690 727 861 778 dixerit,
891 726 936 768 id
968 740 1044 779 ego
1076 725 1307 768 admodum
1340 725 1502 767 incerte
1533 725 1634 766 seio.

920 816 1100 858 Ballio

266 889 371 940 Quis
401 889 471 932 hic
501 889 628 932 homo
661 888 959 942 chlamydatus
991 887 1087 930 est?
1129 891 1206 929 aut
1234 886 1347 928 unde
1379 885 1475 928 est‘?
1517 890 1594 928 aut
1623 899 1751 940 quem

1285 958 1533 1012 quaeritat?

268 1032 500 1086 Peregrina
529 1032 664 1074 facies
694 1031 867 1073 uidetur
897 1030 1082 1073 hominis
1114 1035 1245 1085 atque
1275 1029 1491 1085 ignobilis.

931 1121 1099 1164 Simia

269 1192 352 1236 Sed
385 1207 532 1235 eccum
564 1194 636 1247 qui
668 1207 720 1235 ex
749 1194 914 1235 incerto
944 1193 1076 1235 faciet
1105 1192 1209 1234 mihi
1239 1192 1354 1246 quod
1385 1205 1547 1244 quaero
1579 1191 1753 1234 certius.

918 1283 1103 1326 Ballio
1743 1272 1747 1274 ’

266 1355 332 1396 Ad
369 1369 437 1397 me
478 1354 571 1397 adit
607 1360 738 1398 recta.
813 1354 938 1398 Unde
984 1369 1060 1408 ego
1099 1355 1312 1397 hominem
1343 1354 1456 1396 hunc
1487 1367 1580 1396 esse
1611 1353 1752 1396 dicam
1832 1407 1850 1413 „

1281 1425 1502 1481 gentium?
1685 1437 1748 1471 971
1831 1447 1833 1449 -
1863 1431 1866 1459 ζ

925 1506 1092 1548 simia
1812 1495 1813 1499 ’
1845 1488 1848 1489 ’

270 1577 388 1620 Heus
404 1581 452 1619 tu
471 1577 544 1631 qui
563 1591 660 1619 cum
676 1576 878 1632 hirquina
902 1577 1040 1620 barba
1063 1577 1225 1629 adstaS,
1251 1576 1467 1632 responde
1493 1575 1609 1630 quod
1631 1589 1753 1630 rogo.

922 1668 1100 1711 Ballio

272 1739 365 1782 Eho
397 1753 452 1781 an
483 1753 568 1782 non
599 1740 720 1794 prius
751 1740 942 1782 salutas?

930 1829 1091 1873 Simia

986 1901 1118 1945 Nulla
1149 1908 1215 1945 est
1244 1902 1349 1945 mihi
1381 1902 1499 1944 salus
1531 1901 1715 1943 dataria.

920 1993 1096 2036 Ballio

269 2063 380 2105 Nam
410 2064 482 2118 pol
514 2064 615 2107 hinc
644 2064 914 2108 tantumdem
945 2066 1143 2120 accipies.

856 2155 1160 2199 Pseudolus

1051 2227 1140 2270 Iam
1173 2227 1273 2270 inde
1305 2240 1331 2269 a
1360 2227 1572 2282 principio
1603 2225 1750 2281 probe.

927 2306 1094 2350 Simia

265 2378 456 2432 Ecquem
486 2378 528 2418 in
561 2378 787 2432 angiporto
819 2378 901 2421 hoc
931 2379 1146 2422 hominem
1176 2384 1223 2422 tu
1253 2379 1428 2430 nouisti‚
1467 2384 1509 2420 te
1538 2391 1657 2432 rogo.
1683 2386 1751 2423 975
1829 2430 1833 2433 ,

356 2513 423 2548 964
447 2511 553 2546 dolos
578 2522 648 2557 ego
673 2517 710 2547 et
733 2512 784 2557 B,
817 2513 920 2549 dolos
953 2522 991 2550 et.
1015 2525 1084 2560 ego
1109 2519 1145 2549 et
1173 2514 1202 2550 Ο
1311 2514 1377 2549 965
1408 2516 1516 2558 porta
1539 2512 1585 2548 ad
1610 2523 1745 2558 proxu-
1801 2545 1811 2551 ,

266 2581 365 2605 mum
389 2569 425 2604 A
570 2569 636 2604 966
660 2569 821 2605 iusseras
965 2571 1032 2606 967
1057 2582 1129 2616 quo
1154 2574 1234 2606 tum
1258 2570 1325 2605 has
1353 2569 1383 2606 Ο
1514 2570 1657 2605 incerto
1681 2566 1752 2604 BG
1824 2583 1831 2621 ,ζ
1901 2571 1916 2589 “’

265 2623 332 2662 970
357 2625 413 2660 SI.
439 2635 504 2660 om.
615 2624 746 2661 faciem
769 2625 806 2661 B
915 2631 1007 2672 quot
1030 2639 1121 2672 quer
1143 2627 1180 2662 B
1297 2629 1362 2662 971
1388 2626 1463 2661 BA.
1491 2637 1556 2662 om.
1668 2635 1750 2660 mea

266 2685 408 2720 directa
433 2681 462 2717 c
551 2682 618 2730 972
642 2681 890 2727 hirquinastas
914 2684 1030 2719 barba
1115 2685 1182 2719 973
1208 2683 1261 2718 SI,
1287 2694 1352 2719 om.
1440 2683 1506 2718 9¹74
1530 2683 1603 2718 BA.
1628 2692 1696 2718 om.
1721 2679 1752 2716 o
1810 2685 1815 2693 ¹
1895 2659 1917 2732 ks}

356 2741 390 2776 S.
416 2741 489 2775 iam
571 2738 677 2782 probi
787 2741 853 2775 975
879 2740 935 2775 SI.
960 2751 1025 2776 om.
1052 2740 1081 2776 G
1187 2740 1257 2775 hoc
1281 2750 1346 2776 om.
1372 2738 1409 2775 B
1511 2738 1676 2774 nonuisti
1698 2735 1745 2783 B,
1815 2780 1819 2782 v

264 2810 340 2834 non
365 2798 492 2834 uidisti
519 2797 547 2832 C
