1963 3243
150 210 175 252 l,
206 209 233 251 l,
260 206 391 240 56—71
731 204 836 239 Miles
862 205 1056 248 gloriosus.
1584 210 1606 245 9

149 332 523 390 Pyrgopolinicem
556 336 598 373 te
630 345 763 373 unum
796 331 838 372 in
872 335 989 372 terra
1021 331 1184 382 uiuere,

150 407 323 450 Uirtute
356 409 399 446 et
431 404 568 446 forma
599 407 643 445 et
674 403 801 445 factis
833 403 1210 445 inuictissumum‘?

150 481 307 521 Amant·
339 477 410 519 ted
439 490 585 517 omnes
619 475 834 526 mulieres,
866 490 1006 529 neque
1039 475 1207 525 iniuria,

151 551 231 600 Qui
263 550 321 591 sis
354 554 440 590 tam
474 548 634 603 pulcer.
698 548 778 590 Uel
810 548 909 589 illae
943 561 1053 602 quae
1086 547 1178 589 heri
1214 548 1347 602 pallio

148 623 216 665 Me
248 620 632 676 reprehenderunt.

652 714 1102 769 Pyrgopolinices

692 787 802 838 Quid
837 800 913 828 eae
946 787 1148 828 dixerunt
1180 786 1288 828 tibi?
1564 797 1609 830 60

713 882 1038 934 Artotrogus

148 957 435 1011 Rogitabant:
471 956 649 1006 „Hicine
677 954 863 996 Achilles
894 954 988 996 est‘?
1025 954 1155 1008 inque
1187 953 1230 995 id
1258 952 1402 995 mihi“.

151 1030 309 1080 „immo
342 1030 432 1070 eius
464 1028 620 1070 frater“
655 1027 831 1082 inqam
867 1027 998 1078 ‚‚est“.
1061 1026 1125 1067 Ibi
1157 1026 1329 1067 illarum
1364 1025 1503 1066 altera

150 1103 288 1155 „Ergo
321 1105 536 1144 mecastor
567 1099 715 1154 pulcer
747 1100 836 1141 est“
872 1100 1014 1154 inquit
1046 1098 1149 1140 mihi

152 1176 229 1225 „Et
264 1174 478 1224 liberalis3
510 1173 610 1215 uide
643 1173 859 1214 caesaries
891 1186 1018 1226 quam
1054 1171 1197 1213 decet!

150 1252 237 1299 „Ne
269 1248 370 1290 illae
404 1251 504 1289 sunt
535 1245 800 1295 fortunatae,
833 1258 945 1298 quae
978 1258 1072 1286 cum
1104 1244 1179 1286 illo
1211 1243 1410 1286 cubant.“
1565 1254 1609 1286 65

651 1339 1102 1395 Pyrgopolinices

146 1415 268 1456 Itane
301 1414 450 1457 aibant
480 1413 683 1456 tandem?

714 1498 747 1539 A
759 1501 900 1540 rtotr
911 1511 934 1539 o
944 1511 969 1550 g
980 1512 1007 1538 u
1021 1511 1039 1538 s

718 1570 865 1621 Quaen
899 1584 966 1611 me
999 1569 1152 1611 ambae
1185 1568 1525 1619 obsecratum-int,

147 1643 204 1686 Ut
235 1650 276 1685 te
309 1643 436 1686 hodie
469 1644 592 1697 quasi
626 1656 826 1697 pompam
858 1642 935 1684 illa
967 1642 1359 1696 praeterducerem.

649 1738 1102 1793 Pyrgopolinices

146 1811 333 1854 Nimiast
365 1813 538 1854 miseria
571 1813 698 1854 nimis
729 1811 926 1865 pulcrum
959 1825 1054 1854 esse
1086 1811 1314 1853 hominem.

711 1907 1037 1960 Artotrogus

1316 1963 1449 2004 Immo
1481 1963 1604 2004 itast:

144 2037 353 2079 Molestae
386 2042 505 2089 sunt3
539 2042 676 2088 orant,
711 2037 920 2088 ambiunt,
955 2036 1254 2087 exobsecrant,

149 2108 306 2150 Uidere
339 2114 387 2151 ut
421 2110 571 2162 liceat;
603 2110 657 2151 ad
691 2124 786 2152 sese
818 2111 979 2151 arcessi
1012 2110 1175 2159 iubent,
1563 2119 1608 2151 70

144 2181 202 2222 Ut
231 2186 306 2223 tuo
339 2196 424 2223 non
456 2182 589 2224 liceat
621 2183 724 2224 dare
757 2196 931 2236 operam
965 2183 1154 2234 negotio.

236 2320 279 2353 56
305 2319 440 2364 Pyrigo
465 2319 528 2364 pol
554 2319 717 2354 inicente
741 2319 789 2360 Β,
816 2319 943 2363 Pirigo
970 2322 1032 2354 eet.
1060 2318 1089 2353 C
1178 2319 1321 2353 interra
1348 2316 1377 2352 G
1460 2318 1504 2351 57
1528 2316 1610 2352 Uir-

143 2380 223 2412 tute-2
249 2376 277 2411 C
357 2377 508 2411 inuictis
534 2388 659 2411 sumus
684 2376 730 2420 B,
757 2376 1024 2411 inuictissumis
1046 2375 1112 2411 AO
1190 2377 1234 2411 58
1259 2379 1296 2409 te
1378 2375 1550 2409 iniuriam
1574 2374 1607 2408 A

237 2437 279 2468 59
299 2434 367 2479 Qui
387 2446 426 2470 es
446 2438 509 2469 tan
525 2435 570 2478 A,
592 2434 770 2479 QuietaB
852 2435 1070 2479 pulcherum
1086 2432 1153 2468 BG
1232 2433 1319 2467 here
1338 2433 1382 2476 A,
1405 2433 1530 2467 hercle
1543 2431 1608 2466 BC

235 2493 279 2527 60
305 2493 455 2537 quidere
561 2495 601 2528 61
631 2492 775 2527 achillis
801 2491 869 2527 ΒΟ
970 2491 1092 2536 inquit
1121 2490 1212 2525 mihi
1239 2491 1283 2534 A,
1318 2491 1438 2534 inquit
1469 2490 1534 2524 tibi
1562 2490 1606 2530 B,

145 2549 273 2594 inquid
300 2550 367 2585 tibi
389 2549 418 2584 C
497 2552 540 2585 62
565 2551 717 2594 inquam
744 2550 839 2584 inuit
866 2549 1010 2583 illarum
1093 2550 1137 2583 63
1163 2548 1342 2593 pulchere
1365 2549 1393 2582 si
1422 2547 1549 2592 inquid
1572 2547 1607 2581 B

237 2609 279 2642 64
309 2608 393 2641 uida
420 2608 451 2643 ἀ
476 2608 521 2651 B,
553 2607 682 2642 indaet
707 2610 743 2641 et
771 2606 800 2642 Ο
900 2606 1074 2641 caesariis
1154 2606 1212 2652 ι65
1237 2606 1310 2639 isto
1336 2604 1403 2640 BG
1494 2605 1607 2639 cubat

236 2666 279 2699 66
305 2665 428 2699 aiebat
454 2665 496 2707 A,
520 2678 539 2699 a
566 2666 666 2699 leuat
691 2664 759 2700 BG
857 2676 949 2708 quae
975 2664 1020 2707 B,
1047 2675 1117 2708 que
1146 2663 1175 2698 O
1264 2662 1518 2697 obsecrauerit
1542 2661 1611 2695 BC

236 2724 279 2757 67
305 2723 446 2766 quamsi
474 2722 509 2757 B
602 2734 763 2767 ponpam
791 2721 819 2756 0
901 2722 998 2755 illam
1084 2721 1414 2765 praeterducerent
1437 2720 1471 2754 A
1564 2720 1608 2753 68

146 2778 263 2813 Nimis
288 2779 358 2814 BG
443 2780 559 2814 Immo
586 2780 675 2814 itast
701 2790 766 2814 om.
793 2778 863 2814 BG
945 2780 988 2813 69
1015 2778 1212 2813 obsecrant
1303 2779 1348 2812 '70
1372 2776 1517 2812 Uiderit
1543 2775 1610 2810 BG

238 2837 375 2873 accersi
401 2835 468 2872 BC
557 2839 597 2872 71
628 2836 788 2872 noliceat
813 2835 900 2871 adse
926 2847 1074 2881 operam
1103 2834 1133 2869 0
1221 2835 1364 2879 negotii
1390 2833 1455 2869 Bc
