1963 3243
13 146 21 155 ³
91 150 152 194 IV,
177 151 209 192 2,
233 150 358 189 98—3.
385 149 427 183 10
666 146 775 181 Miles
801 145 996 188 gloriosus.
1497 148 1548 185 93

637 272 1009 326 Milphidippa

93 348 174 391 Hic
205 361 301 390 cum
332 359 423 387 mea
450 360 524 388 era
551 350 628 388 est.
675 344 766 386 Eae
797 344 906 385 clam
940 347 1131 385 nostrum
1165 342 1279 383 hunc
1311 357 1550 385 sermonem

1135 413 1430 468 sublegerunt.
1469 429 1553 461 1085

670 541 975 584 Palaestrio

98 616 257 670 Lepide
281 616 503 663 factumst;
537 616 621 656 iam
648 629 699 656 ex
724 628 919 656 sermone
946 614 1027 656 hoc
1051 613 1358 666 gubernabunt
1382 613 1553 656 doctius

1181 700 1321 740 porro.

641 811 1007 866 Milphidippa

98 872 341 914 Remorare.
405 871 537 912 Abeo.

671 995 701 1036 Ρ
714 995 761 1036 al
775 996 946 1037 aestri
962 1009 985 1037 o

377 1069 528 1123 Neque
547 1081 745 1110 remoror
761 1082 900 1122 neque
919 1072 960 1108 te
979 1073 1111 1122 tango
1131 1082 1268 1123 neque
1286 1074 1328 1109 te
1352 1093 1401 1098 —
1419 1074 1557 1110 taceo.

603 1228 1056 1284 Pyrgopolinices

102 1301 206 1344 Iube
224 1307 443 1344 maturare
462 1302 580 1343 illam
600 1303 716 1343 exire
740 1301 838 1342 huc.
892 1301 982 1342 Iam
1004 1302 1102 1343 istic
1127 1303 1189 1342 rei
1218 1307 1560 1356 praeuortemur.

101 1373 211 1425 Quid
243 1388 354 1416 nunc
388 1373 489 1416 mihi
522 1389 566 1416 es
599 1380 752 1416 auctor
783 1379 831 1414 ut
862 1373 1031 1423 faciam,
1066 1373 1322 1425 Palaestrio,

102 1446 164 1488 De
195 1447 467 1488 concubina?
506 1461 605 1488 nam
636 1447 756 1489 nullo
790 1451 920 1501 pacto
953 1451 1100 1500 potest
1477 1460 1563 1494 1090

106 1518 230 1561 Prius
261 1519 368 1561 haec
400 1520 443 1561 in
477 1520 597 1562 aedis
628 1519 777 1573 recipi,
809 1532 941 1572 quam
973 1518 1092 1561 illam
1125 1521 1356 1561 amiserim.

676 1679 989 1722 Palaestrio

109 1750 220 1801 Quid
253 1767 319 1794 me
351 1752 571 1795 consultas
603 1753 706 1807 quid
739 1753 872 1806 agas?
905 1753 992 1793 dixi
1025 1753 1225 1807 equidem
1257 1753 1350 1802 tibi,

109 1824 200 1875 Quo
231 1831 360 1879 pacto
391 1826 434 1867 id
466 1825 558 1867 fieri
589 1826 729 1880 possit
761 1826 1125 1868 clementissume.

109 1898 270 1939 Aurum
302 1902 431 1952 atque
463 1902 627 1939 uestem
659 1898 913 1940 muliebrem
945 1912 1114 1939 omnem
1147 1898 1309 1940 habeat
1342 1899 1435 1941 sibi.

109 1969 227 2021 Quae
259 1970 321 2012 illi
352 1971 611 2020 instruxisti,
644 1976 801 2018 sumat,
834 1970 1009 2020 habeat,
1043 1971 1234 2023 auferat3
1479 1983 1566 2017 1095

110 2039 323 2097 Uicasque
354 2048 525 2097 tempus
558 2057 804 2084 maxumum
837 2057 929 2084 esse
961 2049 1009 2084 ut
1040 2049 1110 2085 eat
1140 2044 1333 2095 domum,

109 2114 308 2157 Sororem
339 2116 554 2169 geminam
584 2115 738 2157 adesse
771 2121 814 2157 et
838 2120 1020 2157 matrem
1052 2117 1198 2170 dicito,

111 2184 374 2236 Quibuscum
406 2194 619 2230 conuecta
649 2193 765 2230 recte
798 2187 1003 2230 deueniat
1035 2188 1206 2230 domum

202 2374 290 2408 1085
314 2385 465 2409 camera
491 2373 528 2415 C',
553 2386 637 2409 cum
663 2374 741 2410 fera
766 2374 801 2409 Β
895 2375 970 2409 Eae
997 2385 1054 2409 om
1165 2376 1406 2419 sublegerunt
1431 2387 1567 2410 sermo-

111 2441 194 2464 nem
221 2429 250 2465 C
364 2433 451 2467 1086
477 2432 548 2466 PA.
575 2442 640 2467 om.
757 2432 894 2467 factum
927 2433 1039 2466 sciam
1066 2431 1102 2466 Β
1221 2435 1306 2467 1087
1338 2433 1407 2467 ΡΑ.
1435 2433 1565 2468 Reme-

111 2498 267 2523 morare.
305 2487 372 2523 ΜΙ.
411 2489 505 2523 abeo
610 2501 729 2534 neque
767 2495 910 2524 temoro
945 2488 1001 2531 B,
1042 2501 1159 2534 neque
1192 2493 1228 2525 te
1263 2502 1412 2525 remoro
1452 2491 1482 2526 G

51 2548 58 2554 ’
113 2554 232 2588 neque
277 2549 312 2578 et
356 2556 476 2589 agone
514 2558 584 2591 que
629 2551 666 2581 et
703 2545 738 2580 Β
867 2546 955 2582 1089
993 2547 1201 2590 praescribit
1237 2540 1384 2582 titulum
1420 2548 1568 2583 MILES

113 2599 298 2637 SERUUS
322 2601 359 2636 Β
475 2603 564 2637 mihi
597 2615 693 2638 nunc
725 2608 780 2637 est
897 2604 980 2638 1091
1015 2603 1106 2639 haec
1143 2615 1207 2639 om.
1234 2604 1270 2638 B
1376 2605 1570 2640 obmiserit

205 2659 290 2694 1093
315 2659 353 2693 id
378 2664 486 2703 pacto
514 2660 542 2695 C
624 2663 709 2696 1094
735 2672 881 2695 omnem
907 2661 1120 2695 muliebrem
1150 2661 1177 2695 C
1259 2661 1326 2695 tibi
1352 2662 1388 2696 B
1484 2664 1569 2697 1096

114 2718 154 2748 ut
188 2715 315 2751 sedeat
353 2715 389 2751 Β
520 2719 604 2752 1097
642 2718 805 2758 geminat
842 2721 884 2752 Te
910 2716 955 2760 B,
993 2718 1176 2761 geminam
1216 2729 1295 2752 esse
1329 2718 1358 2754 Ο
1485 2721 1570 2754 1098

114 2773 248 2807 efimita
270 2773 318 2818 B,
342 2775 479 2809 comita
505 2774 535 2810 G
