1963 3243
266 225 319 262 40
940 216 1059 251 Plauti
1501 213 1534 258 1,
1559 216 1590 258 5,
1616 214 1755 249 28—213

865 340 1163 383 Pseudolus

272 415 310 453 Ω
340 414 434 461 Ζεῦ,
468 428 596 469 quam
628 414 754 468 pauci
789 413 894 455 estis
926 412 1119 454 homines
1152 411 1385 454 commodi!
1431 411 1523 462 Em,

265 487 358 529 Illic
389 491 456 528 est
486 490 623 540 pater,
657 489 823 538 patrem
857 498 949 525 esse
981 488 1031 525 ut
1061 498 1246 538 aequom
1277 487 1342 525 est
1372 482 1473 525 filio.

942 585 1078 628 Simo

268 660 372 710 Quis
404 659 473 700 hic
504 658 725 712 loquitur?
773 657 892 699 Meus
926 661 992 698 est
1023 656 1090 698 hic
1122 657 1294 711 quidem
1327 616 1476 698 se'ruos
1499 654 1751 696 Pseudolus.

268 731 349 772 Hic
380 730 482 771 mihi
516 730 760 783 conrumpit
789 728 940 780 filium,
972 729 1179 770 scelerum
1213 732 1361 781 caput3
1688 737 1755 770 446

266 803 347 844 Hic
379 802 474 853 dux,
506 801 576 843 hic
606 801 669 842 illi
702 805 769 842 est
800 800 1096 854 paedagogus3
1127 799 1241 841 hunc
1272 813 1349 853 ego

269 874 404 928 Cupio
437 873 688 915 excruciari.

878 957 1129 1012 Callipho

744 1030 836 1071 Iam
866 1031 1004 1072 istaec
1033 1029 1285 1084 insipientia
1316 1033 1394 1080 est,

267 1103 358 1144 Iras
390 1104 432 1144 in
464 1107 666 1157 promptu
698 1115 865 1155 gerere3
899 1105 1061 1155 quanto
1094 1102 1229 1143 satius
1261 1105 1327 1142 est

268 1174 395 1216 Adire
426 1174 597 1216 blandis
629 1173 775 1215 uerbis
807 1178 938 1226 atque
971 1173 1209 1226 exquirere,
1687 1182 1757 1215 450

269 1245 418 1288 Sintne
447 1246 524 1287 illa
553 1259 688 1287 necne
721 1246 807 1286 sint
839 1258 948 1298 quae
980 1244 1060 1284 tibi
1091 1244 1354 1285 renuntiant.

268 1317 410 1359 Bonus
442 1318 609 1359 animus
638 1318 682 1358 in
714 1316 829 1358 mala
860 1330 907 1357 re
939 1315 1161 1356 dimidium
1194 1319 1261 1357 est
1293 1314 1404 1356 mali.

943 1416 1078 1459 Simo

268 1490 364 1532 Tibi
396 1490 664 1532 auscultabo.

860 1560 1159 1602 Pseudolus

730 1634 824 1675 Itur
854 1632 909 1674 ad
940 1637 997 1681 te,
1030 1631 1263 1682 Pseudole3

272 1705 521 1748 Orationem
554 1705 633 1746 tibi
666 1719 772 1759 para
803 1706 1036 1746 aduorsum
1069 1717 1224 1745 senem.

268 1778 398 1819 Erum
432 1767 576 1819 saluto
609 1777 806 1830 primum,
838 1780 886 1817 ut
917 1789 1100 1829 aequom
1135 1780 1220 1826 est,
1252 1778 1407 1828 postea
1690 1784 1758 1818 455

270 1849 313 1891 Si
345 1849 448 1903 quid
481 1848 660 1903 superfit
690 1849 855 1890 uicinos
885 1849 1086 1901 inpertio.

944 1949 1081 1991 Simo

271 2023 408 2065 Saluo.
472 2022 580 2073 Quid
615 2023 787 2076 agitur?

865 2112 896 2153 P
911 2127 929 2154 s
940 2127 961 2154 e
974 2127 999 2153 u
1012 2112 1036 2153 d
1049 2112 1096 2152 ol
1108 2126 1134 2152 u
1146 2125 1164 2152 s

847 2184 998 2226 Statur
1030 2184 1099 2224 hic
1130 2183 1183 2224 ad
1216 2183 1329 2224 hunc
1359 2181 1544 2224 modum.

944 2285 1082 2327 Simo

274 2359 443 2401 Statum
476 2358 575 2399 uide
606 2358 804 2407 hominis,
840 2356 1048 2411 Callipho,
1083 2370 1213 2410 quam
1245 2355 1487 2397 basilicum.

360 2508 427 2539 444
449 2510 554 2549 pat-er·
579 2515 643 2539 om.
671 2503 739 2538 BG
854 2515 945 2547 equo
1040 2504 1105 2537 445
1132 2503 1168 2536 Si
1196 2502 1275 2547 quis
1300 2501 1368 2536 BC
1459 2501 1517 2535 hic
1544 2506 1597 2535 est
1690 2502 1758 2535 446

270 2563 456 2596 Scelerum
482 2565 592 2605 caput
616 2561 676 2595 hic
703 2561 869 2604 corrupit
894 2559 981 2593 mihi
1007 2558 1121 2593 filium
1147 2559 1179 2592 A
1311 2560 1378 2592 447
1402 2558 1461 2592 ille
1585 2558 1650 2591 448
1674 2557 1758 2591 insi-

271 2619 410 2663 pientia
434 2619 463 2653 si
489 2617 557 2653 BC
656 2618 722 2652 449
747 2617 843 2651 Iram
940 2621 1075 2660 proptu
1101 2616 1135 2650 B
1226 2616 1293 2649 450
1321 2625 1540 2659 exquaerere
1566 2614 1599 2647 A
1691 2615 1753 2648 451

271 2676 351 2710 Sint
375 2675 442 2709 BC
580 2686 719 2719 negnes
745 2674 882 2717 iuiquae
909 2672 983 2715 BC,
1011 2684 1099 2706 uera
1125 2683 1240 2706 necne
1268 2683 1360 2715 quae
1386 2671 1418 2704 :l
1557 2671 1624 2704 452
1649 2670 1754 2704 dimi-

271 2732 370 2765 ‹liust
395 2730 465 2766 BG
552 2728 617 2766 453
644 2730 860 2765 abscultabo
880 2729 916 2764 B
1010 2729 1090 2763 adie
1186 2730 1252 2763 454
1277 2728 1471 2762 aduersem
1495 2727 1522 2762 C
1611 2728 1678 2761 458
1702 2726 1757 2760 SI.

270 2799 335 2822 om.
361 2787 396 2821 Β
491 2787 550 2830 qui
578 2788 701 2821 ambas
728 2786 849 2821 ilicum
