1963 3243
337 225 417 263 239.
909 220 1015 254 Miles
1041 219 1237 263 gloriosus.

339 363 416 402 539
453 366 490 399 et
523 363 570 400 ad
604 362 691 400 Aul.
726 363 820 400 781.
851 361 992 399 Bacch.
1021 362 1113 399 878.
1147 381 1200 387 —
1231 362 1348 409 Erqo,
1381 365 1424 398 ut
1441 361 1605 399 Achillis
1635 363 1794 400 fratrem

337 431 460 477 decet,
501 445 536 468 v.
581 431 629 467 ad
661 431 802 479 Amph.
839 431 929 468 172.
974 448 1021 454 —
1058 431 1123 467 64.
1157 430 1335 475 liberalis,
1369 429 1416 467 cf.
1452 430 1545 468 963.
1577 430 1696 480 Epid.
1730 432 1794 470 44.

337 499 443 537 Pers.
487 498 576 536 131.
621 499 712 536 543.
754 499 840 536 Ter.
880 497 1001 535 Andr.
1048 499 1139 535 123.
1186 497 1286 534 Eun.
1335 498 1429 536 473.
1478 515 1529 522 -
1582 496 1795 537 Caesariem

338 580 516 616 magnam
550 566 663 604 miles
696 567 766 603 alit
795 567 994 603 iactantiae
1026 579 1155 613 causa,
1188 579 1265 616 quo
1298 567 1422 613 magis
1453 570 1590 604 torvus
1616 571 1655 604 et
1678 569 1794 605 terri-

338 635 427 671 bilis
458 634 657 680 videatur,
692 634 738 672 cf.
771 635 974 684 Aristoph.
1008 633 1105 671 Rau.
1126 635 1227 672 925:
1262 634 1373 682 ὀφρῖς
1405 634 1530 680 ἔχοντα
1562 635 1621 671 καὶ
1649 636 1793 683 λόφους,

338 702 419 739 δείν’
440 702 524 738 ἄττα
539 703 776 751 μορμορωπά.
811 703 906 739 Inde
938 702 1037 739 hanc
1061 715 1269 752 personam
1298 695 1502 739 ἐπίόεισῑον
1529 703 1793 752 appellabant,

338 784 373 807 v.
407 770 506 807 Poll.
538 770 605 817 IV,
642 771 739 807 147:
791 771 848 818 Τῷ
873 769 903 805 δ’
929 771 1134 818 ἐπισεὶστῳ,
1168 770 1362 819 στρατιώτῃ
1393 770 1464 806 ὄντι
1489 771 1547 807 καὶ
1571 771 1714 814 ἀλαζόνι
1737 772 1796 808 καὶ
1871 782 1874 790 “

337 840 397 884 τὴν
427 840 556 887 χροίαν
584 839 707 886 μέλανι
744 839 803 875 καὶ
841 839 901 884 τὴν
937 839 1062 887 κόμην,
1103 840 1322 875 ἐπισείονται
1361 839 1398 874 αῖ
1427 840 1558 887 τρίχες.
1605 839 1651 876 of.
1692 840 1796 878 infra

340 908 433 944 768.
475 908 568 945 921.
610 927 664 932 —
702 908 766 945 65.
805 907 870 944 illo
908 907 953 945 A.
996 906 1141 945 cubant
1177 907 1263 944 edd.
1303 926 1358 931 —
1399 907 1462 944 66.
1502 908 1636 945 aibant
1664 907 1708 944 R.
1740 926 1796 932 —-

345 975 478 1023 Quaen
524 975 568 1022 A,
622 975 667 1012 cf.
715 988 750 1012 v.
803 975 865 1012 13.
926 994 980 1000 —
1042 976 1105 1013 67.
1151 987 1335 1022 pompam
1389 974 1634 1024 magnificum
1689 989 1794 1026 spec-

339 1043 523 1080 taculum.
569 1062 620 1067 —
660 1042 728 1080 illa
759 1042 979 1092 Scioppius.
1013 1063 1067 1068 —
1110 1043 1173 1080 68.
1206 1043 1376 1081 Nimiast
1404 1043 1437 1080 A
1469 1048 1508 1079 et
1538 1043 1716 1082 Donatus
1747 1045 1795 1082 ad

340 1111 427 1148 Ter.
462 1111 561 1148 Eun.
596 1112 632 1160 4,
667 1111 703 1160 7,
740 1111 786 1148 19
822 1115 859 1147 et
876 1110 949 1149 Ad.
986 1112 1022 1158 3,
1055 1112 1090 1159 3,
1124 1112 1189 1148 45.
1225 1131 1276 1137 -—
1308 1111 1431 1149 Immo
1460 1112 1552 1149 itast
1569 1113 1611 1148 A.
1649 1131 1696 1136 —-
1732 1113 1794 1150 69.

340 1181 525 1218 Dlolestae
564 1180 691 1217 medio
730 1185 914 1229 correpta
952 1193 988 1218 v.
1029 1180 1185 1229 Proleg.
1224 1194 1264 1229 p.
1305 1181 1398 1217 201.
1438 1199 1492 1205 —
1530 1180 1713 1227 ambiunt,
1747 1180 1793 1218 cf.
1851 1228 1854 1231 ὴ

339 1250 428 1288 Ter.
469 1250 591 1287 Andr.
634 1250 725 1295 373,
767 1249 833 1286 ubi
873 1250 1120 1298 scripserim:
1196 1248 1304 1295 „Nisi
1343 1249 1445 1285 senis
1485 1249 1597 1286 uides
1637 1250 1793 1298 amicos,

340 1332 443 1366 oras,
477 1316 642 1355 ambis“.
675 1337 729 1342 —
767 1317 1013 1355 exobsecrant
1043 1318 1088 1364 A,
1121 1317 1169 1355 cf.
1201 1316 1310 1354 Asin.
1345 1318 1440 1355 244.
1475 1336 1522 1342 -—
1558 1311 1795 1367 70.}Uidere

339 1388 385 1424 A.
425 1388 567 1424 arcesse·
603 1387 709 1423 item.
749 1405 802 1410 —
843 1387 907 1423 73.
947 1386 1028 1424 heri
1068 1385 1116 1422 ed
1155 1397 1232 1436 pr„
1273 1385 1452 1423 Loewius
1485 1398 1532 1422 ex
1563 1387 1608 1422 A.
1642 1404 1695 1410 —-
1728 1385 1792 1423 74.

272 1475 274 1477 >
339 1456 543 1502 Latrones,
582 1455 667 1493 ibus
705 1454 852 1492 Nonius
884 1468 922 1504 p.
956 1455 1036 1492 486
1069 1458 1106 1491 et
1140 1453 1317 1491 Donatus
1349 1453 1398 1491 ad
1430 1453 1518 1491 Ter.
1550 1452 1652 1490 Eun.
1686 1453 1723 1496 3,
1759 1453 1792 1501 1,

341 1527 406 1564 42.
481 1523 537 1561 De
575 1523 807 1570 latronibus,
845 1525 869 1561 i.
909 1537 940 1560 e.
983 1523 1244 1568 mercenariis,
1284 1536 1319 1559 v.
1361 1523 1408 1560 ad
1448 1523 1586 1560 Bacch.
1630 1523 1701 1569 253
1747 1521 1794 1558 de
1859 1518 1865 1523 ’

340 1593 580 1644 pronominis
619 1591 746 1628 forma
785 1606 820 1629 v.
862 1591 910 1628 ad
952 1591 1063 1628 Cure.
1109 1592 1201 1628 506.
1263 1590 1457 1629 Biicheler
1496 1591 1582 1628 Lat.
1615 1589 1723 1627 Decl.
1755 1602 1794 1640 p.

344 1663 408 1700 68.
449 1680 490 1685 -
541 1660 777 1697 dinumerent
808 1659 951 1698 Donat.
1002 1680 1047 1684 —
1098 1660 1148 1698 '75
1181 1673 1240 1709 sq.
1273 1658 1411 1696 laudat
1442 1658 1600 1696 Servius
1632 1657 1679 1695 ad
1710 1657 1802 1696 AEu.

340 1729 429 1776 XII,
465 1729 500 1766 7.
533 1748 586 1754 -—-
621 1730 684 1766 77.
717 1729 814 1776 Reqc'
844 1732 883 1765 et
915 1729 1012 1766 diem
1043 1729 1136 1765 olim
1169 1741 1242 1766 em.
1276 1747 1330 1753 —
1364 1727 1428 1765 78.
1460 1725 1542 1775 Aye
1561 1737 1694 1765 eamus
1711 1726 1802 1763 olim

343 1799 606 1836 emendatum.
1789 1813 1797 1817 ⁴

457 2005 663 2042 Palaestrio
694 2016 831 2041 servus
862 2004 945 2040 exit
975 1988 1197 2049 argumenti
1223 2001 1445 2052 explicandi
1471 2014 1596 2039 causa.
1645 1999 1802 2048 Prologi

343 2077 465 2123 igitur
502 2071 683 2123 partibus
723 2071 924 2119 fungitur,
965 2070 1080 2108 huius
1117 2074 1262 2118 autem,
1303 2074 1348 2108 ut
1379 2069 1524 2107 Donati
1556 2068 1685 2106 verbis
1716 2072 1803 2105 utar

344 2145 382 2180 in
425 2144 657 2192 argumento
689 2139 952 2186 Phormionis,
996 2137 1167 2177 officium
1209 2142 1298 2176 ante
1330 2140 1522 2176 actionem
1556 2137 1714 2188 quidem
1746 2136 1803 2173 rei

344 2225 498 2261 semper
529 2215 607 2257 est3
640 2221 774 2245 verum
807 2212 936 2245 tamen
970 2212 1007 2244 et
1037 2211 1130 2257 post
1161 2208 1398 2258 principium
1425 2207 1570 2244 fabulae
1594 2205 1803 2251 inducitur,

344 2284 388 2318 ut
428 2280 529 2329 apud
572 2278 753 2315 Plautum
792 2279 830 2313 in
863 2276 990 2313 Milite
1029 2276 1201 2323 glorioso
1242 2281 1280 2312 et
1321 2275 1424 2326 apud
1464 2279 1616 2312 ceteros
1655 2283 1803 2322 magnae

345 2347 594 2387 auctoritatis
626 2349 779 2382 veteres
810 2349 959 2395 poetas.
1007 2345 1100 2382 Rem
1135 2344 1438 2382 commemoravi
1472 2342 1625 2391 Proleg.
1651 2355 1689 2392 p.
1712 2341 1801 2388 162,

346 2418 557 2466 Plautique
589 2416 754 2452 alterum
793 2414 908 2451 huius
940 2414 995 2450 rei
1028 2414 1246 2462 exemplum
1281 2412 1397 2450 attuli
1430 2412 1712 2456 Cistellariam3
1757 2421 1803 2446 ex

347 2486 492 2523 Graecis
515 2487 660 2533 praeter
676 2483 919 2533 Iphigeniam
939 2482 1191 2518 Aulidensem
1217 2483 1331 2518 etiam
1351 2480 1627 2530 Aristophanis
1644 2478 1804 2528 Equites

349 2560 386 2592 et
405 2554 556 2602 Vespas
582 2551 720 2589 afferre
746 2554 964 2601 potueram,
992 2563 1156 2599 quarum
1182 2551 1354 2586 narratio
1386 2549 1466 2586 illic
1499 2563 1519 2585 a
1552 2563 1587 2585 v.
1622 2547 1687 2592 40,
1706 2545 1765 2582 hic
1782 2557 1804 2582 a

347 2637 380 2660 v.
432 2622 495 2659 54.
529 2621 679 2670 incipit.
742 2619 832 2656 Haec
879 2619 1001 2665 igitur
1046 2631 1160 2655 scena
1208 2619 1302 2668 quin
1351 2618 1398 2654 ab
1445 2618 1560 2654 initio
1609 2615 1802 2652 Plautinae

350 2690 489 2727 fabulae
533 2702 624 2738 pars
663 2688 795 2734 fuerit,
837 2686 1021 2723 dubitare
1062 2699 1140 2723 non
1176 2686 1285 2732 licet,
1326 2686 1391 2722 sed
1427 2688 1463 2722 in
1496 2685 1691 2734 principio
1723 2683 1804 2719 eius

351 2772 426 2796 non
467 2770 652 2807 negamus
692 2758 816 2794 inesse
856 2769 940 2805 quae
979 2755 1204 2803 scrupulum
1247 2753 1444 2790 obiiciant.
1507 2753 1605 2790 Nam
1646 2752 1676 2787 si
1715 2761 1804 2786 vere
1862 2793 1907 2806 ,Χ

351 2818 541 2865 traditum
575 2831 635 2862 est
667 2825 796 2863 Plauti
828 2823 1073 2874 temporibus
1105 2827 1248 2874 praeter
1281 2826 1484 2860 senatores
1516 2821 1708 2871 reliquum
1739 2830 1806 2869 po-
