1963 3243
88 216 129 258 11,
154 218 184 257 5,
215 218 352 250 31-39
647 216 750 250 Miles
776 216 963 258 gloriosus
1488 222 1538 257 39

588 342 1033 383 Philocomasium

864 414 1084 455 Geminam
1118 428 1367 466 gernmnam
1405 431 1536 456 meam

88 486 165 527 Hic
198 500 387 526 sororem
421 502 511 526 esse
544 486 785 535 indaudiui;
819 500 910 527 eam
945 487 1041 527 ueni
1075 488 1334 540 quaesitum.

669 610 958 653 Sceledrus

1333 668 1448 710 Mala
1480 684 1538 711 es.

588 759 1033 801 Philocomasium

83 832 216 873 Immo
249 838 420 873 ecastor
451 831 585 873 stulta
618 832 814 880 multum,
848 845 959 886 quae
991 831 1213 872 uobiscum
1247 832 1448 874 fabulem.
1475 847 1540 878 445

83 904 212 946 Abeo.

668 983 954 1025 Sceledrus

224 1056 353 1098 Abire
384 1070 469 1098 non
503 1057 641 1098 sinam
673 1061 727 1097 te.

584 1193 1036 1235 Philocomasium

749 1265 889 1307 Mitte.

666 1392 693 1433 S
705 1405 726 1433 c
735 1391 779 1432 el
791 1406 813 1433 e
825 1391 851 1433 d
865 1406 885 1432 r
895 1406 921 1433 u
934 1405 953 1433 s

962 1463 1275 1506 Manufestaria
1308 1480 1353 1506 es
1367 1481 1374 1516 3

80 1537 177 1579 Non
208 1539 373 1580 omitto.

583 1651 1035 1694 Philocomasium

353 1726 407 1766 At
438 1725 523 1766 iam
557 1725 798 1779 crepabunt
829 1723 933 1765 mihi
965 1738 1129 1773 manus,
1162 1724 1302 1764 malae
1336 1723 1426 1772 tibi,

81 1797 170 1838 Nisi
203 1811 268 1838 me
302 1797 477 1839 omittis.

663 1888 952 1931 Sceledrus

382 1960 508 2011 Quid,
539 1961 713 2011 malum,
747 1961 928 2003 adstas?
962 1962 1062 2014 quin
1095 1966 1218 2001 tenes
1251 1960 1539 2001 altrinsecus?

650 2086 957 2128 Palaestrio

80 2158 198 2200 Nihil
232 2173 374 2200 moror
405 2161 676 2211 negotiosum
709 2160 812 2200 mihi
846 2172 937 2200 esse
972 2164 1150 2211 tergum.
1213 2156 1294 2206 Qui
1327 2158 1430 2204 scio,

82 2233 143 2272 An
191 2232 274 2272 ista
319 2246 402 2273 non
451 2232 508 2273 sit
550 2231 910 2273 Philocomasium
952 2236 1082 2285 atque
1123 2229 1209 2272 alia
1251 2230 1344 2270 eius
1386 2229 1538 2269 similis

1160 2302 1266 2343 siet?
1474 2313 1540 2344 450

585 2384 1032 2425 Philocomasium

81 2455 218 2498 Mittis
251 2470 316 2497 me
349 2470 403 2497 an
435 2471 517 2497 non
553 2456 715 2497 mittis?

170 2618 238 2650 444
262 2615 428 2650 inaudiui
535 2615 644 2649 uenio
679 2614 713 2648 Β
824 2615 890 2648 445
924 2613 1079 2648 &castor
1104 2611 1140 2646 Β
1200 2637 1204 2641 .
1244 2612 1437 2655 multumq'

79 2674 145 2707 446
171 2672 386 2708 SCE.Abeo
413 2683 433 2705 a
458 2672 541 2705 uiro
567 2671 602 2705 Β
695 2670 964 2706 manufestaria
989 2681 1047 2704 ros
1073 2676 1092 2704 ἐ
1185 2670 1252 2702 447
1276 2669 1327 2701 At.
1352 2667 1439 2701 mihi
1465 2668 1536 2701 iam

80 2729 282 2774 crepabunt
298 2729 346 2772 B,
377 2731 423 2762 At
450 2729 521 2762 iam
538 2728 744 2773 crepabunt
759 2727 788 2762 G
877 2728 972 2761 male
1065 2728 1132 2760 448
1157 2725 1218 2769 qui
1234 2724 1386 2758 detenes
1413 2725 1538 2758 alteris

80 2787 225 2820 insecus
239 2787 282 2825 B,
309 2787 370 2830 qui
386 2785 531 2819 detines
557 2785 790 2819 adtrinsecus
814 2784 842 2819 O
932 2786 999 2818 449
1024 2783 1166 2827 quisico
1182 2781 1217 2816 B
1310 2783 1378 2815 450
1402 2782 1491 2815 istas
1506 2780 1540 2814 Β

170 2849 258 2877 sunt
280 2842 328 2885 Β,
358 2843 406 2876 sit.
433 2841 460 2876 C
