1963 3243
341 174 418 213 128
834 167 956 204 Plauti
1005 168 1110 204 Miles
1135 168 1332 212 gloriusus.
1588 167 1630 211 V,
1654 170 1789 205 38—44

971 294 1030 335 Se
1038 308 1096 335 ru
1107 308 1128 335 o
1139 309 1160 335 s

747 366 1063 409 Philocomasio
1095 370 1277 407 amator.

845 478 1286 532 Pyrqopoliniees

1367 550 1449 601 Qui
1481 558 1530 594 tu
1561 553 1673 595 scis?

964 662 1163 705 Seruos

1554 737 1668 789 Sci03
1701 750 1788 783 1425

335 809 447 850 Nam
479 813 712 862 postquam
744 814 873 863 porta
904 809 1114 857 exierunt,
1146 807 1257 848 nihil
1287 815 1511 850 cessarunt
1541 809 1640 851 ilico

337 879 538 922 Osculari
569 885 701 933 atque
733 880 970 933 amplexari
1001 881 1115 921 inter
1146 894 1204 921 se.

850 992 1287 1045 Pyryopolinz'ces

1355 1064 1443 1106 Uae
1476 1067 1631 1108 misero
1665 1066 1786 1107 mihil

337 1137 483 1178 Uerba
514 1137 618 1177 mihi
650 1137 754 1178 data
786 1151 881 1178 esse
912 1136 1054 1178 uideo.
1117 1135 1265 1177 Scelus
1297 1137 1379 1177 uiri
1411 1137 1667 1187 Palaestrio,

335 1209 377 1251 Is
409 1224 476 1250 me
507 1210 548 1249 in
582 1208 694 1249 hanc
725 1209 878 1249 inlexit
910 1208 1117 1249 fraudem.
1178 1208 1276 1250 Iure
1307 1209 1469 1250 factum
1501 1211 1658 1251 iudico.

336 1281 379 1322 Si
413 1282 475 1322 sio
507 1281 603 1322 aliis
635 1280 826 1322 moechis
858 1280 946 1330 fiat,
982 1281 1123 1322 minus
1156 1279 1224 1321 hic
1256 1280 1530 1322 moechorum
1566 1282 1668 1333 siet3
1703 1293 1789 1326 1430

336 1353 475 1405 Magis
509 1358 717 1404 metuant,
759 1353 898 1394 minus
937 1352 1017 1393 has
1050 1367 1118 1393 res
1150 1352 1367 1394 studeant.
1429 1353 1590 1395 Eamus
1623 1353 1676 1394 ad
1708 1368 1786 1395 me.

1045 1464 1083 1494 ,Ω

1463 1580 1676 1622 Plaudite.

427 1705 514 1737 1425
539 1703 631 1746 Quid
656 1704 692 1738 B
783 1703 856 1737 PY.
882 1704 967 1738 Scio
1063 1705 1151 1737 1426
1176 1710 1328 1748 portam
1353 1705 1387 1738 Α
1480 1706 1650 1740 exierunt
1674 1715 1740 1740 om·
1764 1704 1792 1739 O

426 1765 669 1796 cessauerunt
693 1760 729 1795 Β
846 1762 934 1794 1427
957 1772 1076 1804 neque
1100 1760 1135 1794 B
1250 1763 1337 1795 1428
1362 1762 1419 1795 uir
1442 1761 1509 1796 BG
1622 1762 1709 1796 1429
1733 1772 1791 1795 me

335 1818 465 1852 inlexit
489 1817 618 1852 fraude
643 1819 680 1851 in
699 1817 746 1860 B,
771 1829 829 1852 me
854 1817 940 1852 hinc
964 1818 1083 1852 illexit
1108 1817 1235 1853 fraude
1252 1817 1281 1853 G
1372 1820 1459 1853 1430
1485 1818 1546 1853 Sic
1571 1819 1624 1853 sic
1635 1818 1705 1854 ΒΟ
1789 1817 1795 1820 ’

336 1885 486 1909 moecus
511 1874 581 1908 fuit
605 1873 676 1909 BC
763 1875 1099 1919 moecorumfliaet
1122 1875 1158 1908 B
1251 1876 1335 1909 1431
1364 1875 1513 1910 studeat
1536 1875 1573 1910 B
1666 1881 1697 1910 ,Ω
1721 1886 1787 1911 om.
