1963 3243
131 214 180 255 Π,
204 215 238 251 6.
261 216 391 249 22--41
693 212 799 247 Miles
824 212 1021 257 gloriosus.
1535 218 1588 255 45

132 338 223 380 Nisi
256 338 357 380 mihi
391 339 653 393 supplicium
686 338 908 392 uirgarum
941 338 992 379 de
1026 343 1068 379 tc
1102 338 1232 379 datur

132 411 323 464 Longum
356 411 656 465 diutinumque
690 424 716 450 a
749 424 872 451 mane
905 410 958 451 ad
992 424 1234 463 uesperum,
1525 423 1589 455 505

131 482 255 533 Quod
288 496 405 524 meas
437 482 689 536 confregisti
720 482 921 524 imbrices
953 487 996 524 et
1027 482 1209 535 tegulas,

131 555 195 597 Ibi
226 555 326 596 dum
360 554 620 609 condignam
652 559 695 595 te
727 554 932 596 sectatu's
964 555 1146 604 simiam,

131 626 342 682 Quodque
373 627 471 668 inde
504 627 807 681 inspectauisti
841 640 982 668 meum
1013 626 1130 680 apud
1164 641 1230 668 me
1263 627 1474 681 hospitem

131 699 384 753 Amplexum
418 700 614 745 amicam,
648 713 776 753 quom
810 698 1105 748 osculabatur,
1139 712 1275 747 suam,

129 772 341 826 Quodque
374 771 660 813 concubinam
691 771 840 812 erilem
872 771 1125 812 insimulare
1158 785 1290 813 ausus
1323 786 1366 813 es
1525 784 1593 816 510

128 844 282 886 Probri
314 843 515 898 pudicam
547 857 699 897 meque
732 845 887 886 summi
919 843 1071 897 flagiti,

128 916 236 958 Tum
269 917 384 971 quod
418 917 667 958 tractauisti
698 916 918 970 hospitam
949 921 1050 958 ante
1083 916 1203 958 aedis
1237 929 1368 959 meas,

130 989 222 1031 Nisi
255 989 357 1030 mihi
390 989 652 1044 supplicium
685 989 932 1031 stimuleum
966 989 1017 1031 de
1052 990 1086 1030 te
1118 989 1261 1037 datur,

129 1061 364 1104 Dedecoris
396 1061 631 1116 pleniorem
666 1076 784 1104 erum
817 1062 976 1103 faciam
1008 1066 1145 1112 tuum,

131 1133 267 1184 Quam
301 1148 457 1189 magno
488 1139 620 1176 uento
654 1134 870 1188 plenumst
901 1133 1117 1175 undarum
1150 1147 1282 1175 mare.
1527 1146 1593 1179 515

719 1260 1011 1302 Sceledrus

130 1333 199 1374 Ita
230 1347 323 1374 sum
357 1337 551 1378 coactus,
584 1332 948 1387 Periplecomene‚
979 1338 1028 1374 ut
1058 1333 1262 1376 nesciam.

131 1404 283 1447 Utrum
319 1419 383 1446 me
414 1405 687 1460 expostulare
721 1407 841 1460 prius
875 1412 1018 1448 tecum
1051 1419 1231 1460 aequom
1268 1407 1334 1455 sit,

130 1479 206 1527 An,
239 1479 271 1518 si
305 1479 444 1519 istaec
476 1492 562 1520 non
595 1484 660 1520 est
693 1479 800 1520 haec
832 1492 971 1532 neque
1003 1478 1103 1519 haec
1134 1479 1272 1518 uisast
1303 1478 1421 1524 mihi,

131 1549 229 1591 Med
261 1563 503 1604 expurgare
536 1551 643 1592 haec
674 1551 754 1592 tibi
787 1551 962 1593 uidetur
993 1551 1193 1606 aequius3
1528 1561 1594 1593 520

133 1622 255 1665 Sicut
285 1623 415 1664 etiam
450 1637 561 1665 nunc
591 1624 738 1665 nescio
772 1624 875 1677 quid
907 1623 1113 1674 uiderim3

133 1695 243 1737 Itast
273 1697 360 1737 ista
389 1695 516 1737 huius
549 1695 702 1738 similis
734 1697 899 1738 nostrai
930 1701 1019 1747 tua,

135 1767 178 1810 Si
209 1767 382 1822 quidem
414 1782 497 1810 non
531 1768 683 1811 eadem
715 1773 793 1810 est.

624 1894 1102 1949 Periplecomenus

802 1967 904 2010 Uise
936 1968 991 2010 ad
1025 1982 1091 2009 me
1121 1968 1256 2025 intr*0;
1288 1968 1372 2008 iam
1405 1968 1525 2008 scies

722 2094 1011 2136 Sceledrus

136 2166 341 2208 Licetne?

624 2269 1104 2324 Periplecomenus

407 2340 520 2390 Quin
551 2347 593 2383 te
623 2343 773 2394 iubeo;
805 2348 850 2385 et
881 2342 1049 2397 placide
1080 2342 1263 2384 noscita.

225 2501 292 2535 504
318 2500 480 2535 detebat’
507 2499 542 2534 Β
646 2501 712 2536 506
745 2501 902 2536 inbricis
928 2501 974 2543 Β,
1014 2502 1182 2536 imbricis
1223 2501 1251 2536 O
1353 2501 1418 2535 507
1445 2501 1596 2545 condig-

135 2569 218 2592 num
245 2557 281 2592 Β
385 2558 451 2592 508
476 2557 624 2601 hospite
650 2557 686 2592 Β
791 2560 857 2593 509
883 2570 956 2603 quo
982 2558 1016 2593 B
1123 2570 1188 2593 sua
1210 2557 1245 2592 B
1337 2559 1404 2593 510
1443 2558 1542 2603 quod
1571 2557 1600 2593 G

226 2621 245 2650 ἓ
270 2613 305 2649 Β
411 2615 476 2648 512
502 2614 712 2649 tractabisti
749 2615 934 2659 hospitem
968 2615 1004 2650 Β
1128 2618 1209 2650 513-
1231 2616 1298 2650 tibi
1330 2615 1366 2659 G,
1405 2620 1441 2649 te
1470 2615 1505 2650 Β

136 2672 247 2706 datur
269 2671 316 2715 B,
346 2672 505 2706 dedatur
522 2670 551 2706 G
640 2673 705 2706 515
731 2677 845 2706 uentu
871 2673 1001 2716 plenus
1098 2674 1165 2706 517
1189 2673 1380 2716 postulare
1475 2685 1595 2718 aequo

135 2729 182 2763 sit
207 2727 257 2773 Β,
294 2733 440 2774 aeqffist
466 2727 496 2762 O
597 2729 664 2762 518
697 2727 774 2763 Nisi
896 2730 968 2763 ista
1005 2730 1072 2764 hec
1098 2729 1132 2763 B
1238 2741 1355 2774 neque
1387 2732 1498 2765 istast

135 2787 202 2820 519
225 2785 287 2820 Ma
310 2785 357 2825 B,
391 2785 451 2819 Me
479 2784 508 2820 C
608 2786 671 2819 521
700 2785 795 2820 Istas
828 2786 936 2821 huius
969 2785 1005 2821 B
1106 2791 1243 2821 nostrae
1344 2789 1410 2821 522
1437 2787 1506 2821 PE.
1534 2789 1593 2833 qui

134 2843 264 2877 sedeat
287 2842 323 2878 Β
415 2843 482 2876 524
508 2844 643 2887 aequin
739 2844 848 2878 niueo
874 2842 922 2885 B,
948 2845 1058 2878 iuneo
1085 2843 1112 2878 C
