1963 3243
143 202 189 245 11,
215 203 246 245 3,
272 203 407 237 29—43
709 197 816 233 Miles
840 197 1038 241 gloriosus.
1551 196 1602 233 25

732 324 1024 367 Sceledrus

587 396 699 446 Quid
731 397 810 438 tibi
843 397 909 438 uis
942 396 1095 444 dicam,
1126 393 1208 435 nisi
1241 391 1357 447 quod
1390 390 1603 432 uiderim?

144 472 254 523 Quin
289 471 419 512 etiam
452 484 565 511 nuuc
597 470 712 511 intus
745 468 815 510 hic
847 469 889 510 in
922 481 1133 522 proxumo
1165 470 1244 508 est.

723 582 1031 625 Palaestrio

1072 653 1177 703 Eho,
1211 666 1265 694 an
1297 665 1382 693 non
1414 650 1604 692 domist?

730 758 1021 800 Sceledrus

143 832 255 879 Uise,
284 832 355 874 abi
382 832 495 873 intro
522 835 632 882 tute;
665 845 763 872 nam
789 845 867 884 ego
895 829 999 871 mihi
1024 831 1111 871 iam
1138 828 1244 869 nihil
1268 826 1384 869 credi
1418 825 1602 880 postulo.

711 944 743 985 P
755 944 805 986 al
822 957 847 985 a
858 958 879 986 e
891 948 937 985 st
948 944 1029 984 rio

140 1016 315 1059 Certum
332 1021 398 1058 est
413 1016 567 1059 facere.

726 1118 1023 1160 Sceledrus

509 1192 591 1233 Hic
609 1197 651 1233 te
671 1192 885 1246 opperiar.
934 1190 1095 1232 Eadem
1114 1190 1177 1231 illi
1195 1189 1378 1231 insidias
1397 1188 1523 1238 dabo,
1541 1199 1607 1232 305

140 1265 278 1316 Quam
302 1278 399 1306 mox
427 1263 602 1306 horsum
631 1263 686 1305 ad
713 1263 928 1305 stabulum
957 1264 1075 1304 iunix
1101 1263 1286 1317 recipiat
1313 1276 1359 1304 se
1383 1277 1404 1303 e
1428 1260 1602 1315 pabulo.

107 1344 112 1348 '
139 1337 250 1387 Quid
284 1351 362 1389 ego
393 1351 508 1378 nunc
538 1337 724 1377 faciam?
772 1335 1002 1378 Custodem
1039 1350 1103 1376 me
1135 1335 1196 1375 illi
1231 1335 1351 1376 miles
1384 1334 1574 1384 addidit3

139 1408 262 1450 Nunc
293 1409 327 1450 si
359 1409 564 1450 indicium
596 1408 724 1452 facio.
757 1409 926 1460 interii;
958 1408 1111 1457 interii,
1145 1408 1179 1449 si
1212 1412 1350 1455 taceo,
1384 1410 1544 1455 tamen,

138 1482 181 1523 Si
214 1481 297 1523 hoc
328 1481 473 1536 palam
506 1480 648 1523 suerit.
713 1481 823 1531 Quid
858 1481 980 1534 peius
1013 1480 1192 1522 muliere
1226 1484 1303 1520 aut
1335 1478 1573 1520 audacius?

138 1554 247 1595 Dum
284 1568 361 1607 ego
393 1555 435 1595 in
476 1554 635 1607 tegulis
675 1567 783 1603 sum,
830 1553 956 1594 illaec
996 1568 1040 1594 se
1079 1565 1155 1594 suo
1193 1566 1244 1593 ex
1282 1551 1473 1605 hospitio
1513 1550 1604 1592 edit

1250 1625 1391 1675 foras;
1536 1633 1603 1666 310

135 1698 302 1751 Edepol
336 1697 503 1739 facinus
535 1697 640 1740 fecit
671 1698 825 1740 audax.
887 1697 981 1740 Hoc
1013 1711 1126 1740 nunc
1157 1699 1190 1739 si
1224 1697 1346 1739 miles
1380 1696 1501 1745 sciat,

136 1770 275 1812 Credo
301 1770 445 1812 hercle
471 1770 549 1811 has
575 1770 780 1812 sustollat
797 1771 918 1813 aedis
936 1776 1053 1813 totas
1073 1776 1205 1824 atque
1223 1770 1336 1811 hunc
1353 1769 1394 1809 in
1414 1781 1598 1809 crucem.

136 1842 303 1894 Hercle,
329 1842 540 1896 quidquid
567 1849 645 1893 est,
672 1843 912 1884 mussitabo
931 1844 1077 1897 potius
1096 1856 1227 1896 quam
1244 1843 1455 1884 inteream
1474 1839 1598 1880 male.

133 1914 229 1956 Non
261 1928 338 1968 ego
371 1929 545 1970 possum
577 1928 688 1968 quae
719 1916 816 1969 ipsa
847 1930 942 1957 sese
974 1915 1172 1957 uenditat
1202 1914 1399 1956 tutarier.

712 2018 742 2059 P
754 2019 802 2060 al
817 2032 843 2060 a
855 2032 876 2059 e
888 2033 908 2060 s
919 2023 937 2059 t
947 2019 1025 2059 rio

133 2090 346 2138 Sceledre,
381 2089 595 2142 Sceledre,
636 2091 731 2144 quis
765 2091 891 2132 homo
924 2092 964 2131 in
1000 2095 1119 2131 terra
1149 2095 1192 2132 te
1224 2089 1336 2131 alter
1368 2095 1447 2130 est*
1465 2088 1598 2129 auda—

1251 2162 1371 2203 cior?
1531 2172 1598 2205 315

133 2234 238 2285 Quis
256 2235 390 2288 magis
409 2234 475 2275 dis
493 2234 678 2276 inimicis
696 2240 826 2278 natus
846 2249 975 2290 quam
994 2241 1042 2276 tu
1061 2239 1192 2288 atque
1209 2234 1365 2276 iratis?

223 2373 291 2406 302
317 2372 396 2406 nesi
422 2372 458 2407 Β
563 2373 629 2407 303
655 2372 740 2406 hinc
764 2371 800 2407 Β
905 2372 1165 2415 inproxumust
1195 2370 1231 2405 Β
1338 2382 1380 2404 eo
1405 2370 1440 2404 B
1533 2369 1600 2404 304

130 2427 235 2463 Uisse
330 2429 422 2463 abiit
445 2430 480 2464 B
573 2429 646 2464 iam
672 2440 737 2464 om.
766 2429 795 2464 0
885 2430 952 2464 305
986 2429 1140 2463 Pertum
1171 2428 1208 2462 B
1300 2428 1443 2462 faceret
1469 2425 1506 2461 Β

131 2487 273 2530 operiat
366 2487 420 2521 illi
442 2498 506 2522 om.
530 2486 558 2521 O
649 2488 715 2521 306
734 2485 850 2530 Quam
876 2497 969 2521 uxor
994 2486 1040 2520 ad
1067 2486 1256 2520 stabulum
1284 2485 1426 2519 iuuenis
1520 2483 1551 2518 si
1571 2483 1599 2517 G

223 2555 241 2577 e
261 2554 326 2578 om.
408 2545 476 2578 307
500 2543 654 2578 tradidit
725 2544 790 2578 308
814 2544 938 2578 interii
963 2545 1070 2578 semel
1148 2544 1214 2577 309
1239 2546 1304 2577 aut
1329 2554 1396 2577 om.
1414 2541 1450 2576 Β
1532 2542 1598 2574 310

131 2611 220 2643 ergo
324 2601 408 2636 illac
433 2602 500 2635 hec
537 2613 575 2635 se
611 2601 773 2644 hospitio
809 2601 862 2644 B,
907 2601 992 2635 illac
1038 2601 1128 2635 haec
1172 2612 1251 2640 sum
1290 2600 1427 2644 ospitio
1466 2598 1494 2633 G

130 2659 193 2692 311
230 2658 300 2692 hoc
325 2658 385 2692 ine
418 2658 536 2692 simile
570 2658 664 2692 sciat
772 2659 838 2692 312
870 2658 956 2693 erde
983 2658 1011 2692 C
1114 2668 1216 2691 assus
1243 2657 1355 2692 tollat
1460 2661 1539 2690 tota
1564 2657 1592 2689 si

130 2714 238 2749 tollat
263 2719 373 2759 atque
397 2715 456 2749 hic
481 2716 518 2750 in
614 2716 680 2749 313
707 2714 830 2749 Herde
858 2714 888 2750 G
987 2726 1099 2759 quum
1125 2713 1161 2748 B
1258 2715 1326 2748 314
1350 2714 1424 2749 issa
1451 2725 1530 2748 sese
1556 2713 1594 2757 G,

131 2783 147 2805 s
160 2797 261 2808 .....
276 2770 313 2806 Β
413 2774 478 2807 315
505 2772 706 2806 interemat
730 2777 749 2807 e
775 2771 871 2806 alter
895 2771 1069 2806 audatior
1169 2771 1234 2805 316
1260 2771 1306 2805 de
1330 2771 1387 2805 his
1480 2781 1594 2814 quan-

130 2833 208 2864 tum
234 2834 343 2873 atque
369 2830 442 2864 irat
