1963 3243
292 197 373 236 240
926 193 1140 228 Pseudolus.

291 322 340 360 ad
384 319 587 371 „parabit“
629 322 810 361 refertur.
871 320 918 361 id
946 318 1010 360 hic
1039 323 1085 359 A.
1134 342 1183 347 —
1230 323 1321 361 Lor.
1364 337 1518 361 versum
1555 325 1701 362 iniuria
1737 326 1777 362 in

291 390 552 439 suspicionem
584 391 750 428 vocavit.
777 410 832 415 —-
857 392 949 428 287.
982 387 1020 427 Si
1043 385 1209 428 amabas
1226 392 1270 438 A,
1304 404 1338 429 v.
1365 392 1412 428 ad
1431 391 1532 429 Men.
1556 393 1654 439 1933
1687 392 1776 430 add.

290 458 394 494 infra
427 458 519 495 804.
566 457 684 495 Poen.
713 459 804 497 524.
853 458 951 495 Rud.
988 458 1079 496 379.
1126 458 1263 495 Bacch.
1297 459 1392 496 421.
1442 459 1488 496 cf.
1521 459 1776 507 Wesenberg.

291 524 445 562 Tidskr.
474 525 498 562 f.
525 524 720 574 Philologi
747 510 800 571 X,
829 526 921 563 230.
955 545 1009 550 -
1038 526 1226 562 mutuum
1257 527 1301 572 A,
1344 540 1379 563 v.
1413 526 1584 565 Studem.
1619 526 1728 564 stud.
1762 526 1780 563 1

291 607 329 641 p.
364 593 429 630 28.
467 612 523 617 -
563 594 655 630 289.
696 587 951 641 Surrzeperes
982 594 1026 630 A.
1069 612 1118 617 —
1162 594 1254 631 290.
1287 591 1533 642 periclum-st
1571 595 1615 632 A.
1675 594 1778 631 Plat.

291 660 406 710 Apol.
433 673 469 708 p.
491 661 540 697 28
568 659 618 697 Β;
652 660 752 697 οὐδὲν
783 661 907 697 δεινόν.
933 680 987 685 -
1014 657 1223 698 lenonium
1248 661 1463 699 Scutarius.
1510 661 1596 700 Non
1627 662 1778 699 lenonis

292 741 375 764 esse
407 728 510 772 dicit,
542 732 587 764 ut
617 727 931 766 adulescentibus
965 729 1059 765 bene
1092 733 1292 775 monstret,
1326 729 1373 766 cf.
1407 729 1544 767 Bacch.
1576 730 1646 767 38:
1686 729 1779 776 „Pol

291 795 396 832 haud
421 794 763 832 meretriciumst“.
785 815 833 821 —
865 797 956 833 292.
989 793 1027 833 Si
1041 792 1176 844 facere
1188 806 1366 844 possem,
1398 798 1537 846 inquit,
1571 797 1677 847 quod
1703 810 1781 834 non

292 864 345 900 ita
378 866 455 909 est,
487 876 564 899 non
596 863 780 910 facerem3
827 877 915 900 nam
949 859 1087 911 pietas
1115 859 1311 912 prohibet.
1362 883 1410 889 —
1457 851 1618 913 Audio,
1664 878 1699 902 v.
1733 864 1781 901 ad

293 931 401 979 Capt.
451 932 542 968 239.
589 950 645 955 —
699 932 890 969 293—96
937 931 1120 968 librarius
1167 932 1311 970 codicis
1357 934 1390 969 A
1435 934 1586 970 incuria
1631 933 1780 980 omisit3

291 1003 445 1048 partem
477 1000 623 1036 erroris
655 1000 824 1036 correxit
855 999 958 1048 quod
989 1003 1080 1048 post
1108 1000 1186 1036 297
1218 1013 1371 1037 versum
1399 1001 1476 1037 293
1510 1002 1680 1050 scripsit,
1713 999 1781 1037 sed

292 1072 385 1113 tres,
419 1067 485 1115 qui
509 1068 621 1115 sequi
645 1066 850 1113 debebant,
884 1079 959 1104 non
986 1066 1148 1104 addidit.
1200 1068 1277 1105 293
1306 1067 1421 1104 affert
1438 1068 1615 1106 Diomed.
1641 1081 1679 1116 p.
1703 1069 1780 1106 330

293 1135 433 1171 omisso
466 1147 547 1171 voc.
583 1132 764 1182 „istam“.
793 1155 848 1159 —
880 1136 972 1172 294.
1007 1144 1128 1183 quom
1151 1131 1348 1182 pietatem
1380 1135 1417 1172 te
1447 1140 1485 1173 et
1516 1149 1587 1185 ego
1619 1136 1710 1172 olim
1744 1139 1783 1173 et

292 1202 446 1239 Miiller.
480 1202 642 1239 Nachtr.
675 1215 711 1251 p.
749 1202 839 1240 140.
909 1202 1013 1239 Cam.
1050 1204 1260 1250 „quoniam
1299 1202 1508 1251 pietatem“
1552 1205 1782 1253 scripserat;

293 1269 362 1306 sed
396 1271 432 1307 te
463 1282 564 1317 aegre
596 1270 853 1307 desideratur.
906 1271 1189 1318 praemortere,
1223 1284 1256 1307 v.
1291 1270 1339 1307 ad
1364 1271 1505 1321 Amph.
1541 1273 1632 1308 524.
1687 1270 1782 1308 Cist.

294 1339 391 1375 615:
429 1337 662 1383 „Praeuorti
684 1338 757 1375 hoc
781 1342 928 1375 certum
956 1342 1015 1375 est
1044 1338 1160 1375 rebus
1193 1339 1280 1376 aliis
1314 1336 1531 1376 omnibus“.
1592 1338 1649 1375 De
1685 1338 1783 1376 indi-

294 1407 420 1443 cativo
458 1411 548 1454 post
585 1415 705 1455 quom
746 1419 780 1442 v.
813 1405 862 1442 ad
894 1406 1033 1455 Amph.
1068 1407 1167 1452 7463
1214 1406 1261 1443 de
1299 1406 1491 1443 brevitate
1530 1409 1568 1443 in
1606 1405 1784 1444 addenda

293 1473 457 1522 apodosi
488 1473 617 1511 Madv.
654 1473 719 1511 Gr.
754 1473 839 1510 Lat.
874 1474 953 1512 440
987 1478 1116 1510 annot.
1152 1475 1186 1511 6.
1248 1473 1325 1511 Cic.
1359 1473 1446 1511 Nat.
1475 1474 1591 1512 Deor.
1617 1473 1685 1520 III,
1718 1475 1784 1521 21,

300 1542 370 1579 54;
422 1541 571 1588 „Quum
609 1545 653 1578 tu
685 1541 811 1578 Solem
854 1542 947 1590 quia
986 1542 1090 1578 solus
1132 1547 1232 1578 esset
1271 1543 1509 1590 appellatum
1553 1555 1635 1579 esse
1667 1542 1783 1588 dicas,

297 1609 406 1647 Soles
460 1610 536 1659 ipsi
588 1622 702 1659 quam
757 1609 867 1646 multi
920 1623 940 1646 a
986 1610 1180 1658 theologis
1232 1606 1531 1659 proferuntur!“
1582 1628 1633 1635 —-
1693 1611 1784 1648 295.
1811 1654 1819 1657 .
1893 1655 1898 1658 ι

298 1674 484 1715 homines
526 1677 614 1714 add.
645 1676 759 1713 Both.
799 1697 854 1702 ——
893 1679 986 1715 296.
1032 1673 1230 1715 Mutuum
1269 1677 1328 1714 ed.
1363 1691 1422 1727 pr.
1469 1673 1577 1725 Qum
1607 1678 1785 1715 Beroald.

299 1765 350 1770 —
399 1746 588 1783 297—99
629 1744 798 1782 Ballioni
835 1758 974 1794 parum
1012 1747 1219 1782 convenire
1252 1749 1436 1794 apparet;
1470 1745 1634 1783 Bothius
1666 1745 1785 1783 Pseu-

300 1813 388 1850 dolo
436 1813 552 1851 dedit.
630 1813 729 1850 Eum
770 1814 826 1850 ita
865 1818 1082 1862 sequuntur
1124 1813 1329 1860 Kiessling.
1363 1813 1464 1850 Mus.
1498 1813 1620 1850 Rhen.
1654 1812 1787 1850 XXIII

298 1894 336 1930 p.
369 1882 448 1918 415
489 1894 545 1930 sq.
588 1885 626 1918 et
661 1881 765 1927 Lor.‚
806 1885 848 1918 ut
894 1885 982 1918 ante
1029 1881 1110 1918 haec
1155 1894 1308 1918 versum
1355 1881 1545 1918 excidisse
1592 1885 1785 1926 censeant,

299 1961 376 1998 quo
407 1949 534 1986 Ballio
567 1947 791 1986 Calidorum
821 1949 1062 1995 hortaretur,
1105 1953 1147 1986 ut
1178 1949 1336 1986 faenore
1368 1953 1571 1998 argentum
1604 1953 1785 1994 sumeret,

301 2017 345 2053 cf.
380 2030 413 2053 v.
449 2018 540 2054 288.
616 2017 706 2054 Iure
745 2016 880 2064 credo,
921 2017 1116 2066 talemque
1156 2017 1249 2054 mihi
1290 2018 1372 2066 ipse
1404 2017 1631 2054 informavi:
1683 2016 1785 2064 „BA.

299 2085 351 2120 At
391 2086 422 2121 si
460 2085 594 2122 faenus
640 2086 900 2131 nominasses,
957 2090 1159 2134 argentum
1204 2083 1315 2122 fieret
1360 2083 1510 2122 tuum“.
1600 2084 1662 2121 Ad
1708 2084 1787 2121 haec

301 2152 518 2190 Pseudolus
552 2152 799 2202 respondisse
830 2153 998 2198 videtur,
1031 2153 1108 2189 iam
1141 2165 1216 2189 non
1246 2153 1302 2189 ita
1333 2165 1426 2199 esse,
1460 2155 1667 2201 postquam
1692 2152 1787 2189 certi

300 2221 457 2270 quidam
496 2221 670 2257 homines
701 2225 906 2268 argentum
940 2220 1095 2257 faenore
1137 2220 1230 2256 dare
1269 2220 1466 2266 desierint,
1509 2220 1571 2256 vel
1602 2232 1624 2256 a
1654 2231 1787 2256 mensa

301 2290 555 2325 surrexerint.
617 2287 693 2325 Sed
717 2301 792 2337 quo
812 2289 925 2326 modo
946 2290 1064 2334 „satis
1089 2286 1197 2337 poti“
1220 2283 1293 2336 (sic
1310 2288 1412 2324 enim
1429 2288 1461 2324 A
1477 2291 1577 2324 teste
1595 2282 1786 2334 Studem.)
1823 2332 1825 2335 ι

303 2356 486 2393 dicuntur
518 2356 803 2402 faeneratores,
852 2358 918 2405 qui
958 2359 1106 2405 argenti
1149 2369 1262 2405 quam
1306 2356 1385 2392 vini
1418 2355 1639 2405 cupidiores
1671 2350 1788 2392 sunt?

303 2427 421 2461 Aiunt
454 2437 519 2461 eos
550 2423 783 2461 creditorum
817 2425 1047 2471 sanguinem
1081 2424 1303 2460 hirudinum
1337 2436 1441 2460 more
1467 2435 1666 2471 exsugere.
1714 2421 1788 2460 Sed

303 2493 373 2529 hoc
404 2498 447 2528 ut
478 2492 776 2540 intelligeretur,
811 2493 952 2529 clarius
985 2492 1189 2528 dicendum
1221 2495 1316 2528 erat.
1379 2490 1489 2536 Quod
1517 2492 1549 2527 si
1574 2491 1659 2540 quis
1685 2490 1789 2528 dicat

303 2559 429 2596 lusum
469 2560 528 2596 hic
571 2572 652 2597 esse
691 2561 917 2605 verborum,
965 2563 1009 2596 ut
1048 2573 1177 2596 mensa
1216 2559 1427 2608 dupliciter
1466 2558 1705 2607 intelligatur
1750 2560 1788 2594 et

304 2628 349 2663 de
383 2628 693 2676 argentariorum
725 2641 856 2665 mensa
889 2632 926 2664 et
959 2628 1006 2664 de
1038 2629 1302 2672 convivarum,
1338 2626 1440 2675 quod
1473 2629 1601 2663 autem
1634 2626 1673 2662 in
1700 2637 1786 2662 con·

305 2696 409 2731 vivas
443 2683 682 2741 conveniret,
731 2700 774 2733 ut
803 2697 886 2746 poti
918 2700 1136 2744 surgerent,
1184 2695 1260 2732 alio
1302 2707 1416 2731 sensu
1448 2693 1495 2730 ad
1526 2693 1788 2730 faeneratores

303 2764 525 2809 transferri,
574 2764 677 2812 apud
719 2765 900 2812 antiquos
941 2763 1096 2812 quidem
1138 2763 1306 2800 convivae
1346 2774 1425 2799 non
1458 2775 1479 2797 a
1511 2773 1640 2798 mensa
1671 2759 1737 2798 sed
1768 2772 1787 2796 e
