1963 3243
747 245 786 282 V.
811 246 1000 281 790-838.
1533 251 1612 290 345

154 376 333 428 Dorippa
363 378 601 429 colloquens
646 379 808 432 „Min-eris
847 378 1050 416 libidinem
1082 377 1262 423 hominisu
1295 379 1361 427 qui
1396 378 1491 414 talia
1523 391 1608 415 con-

152 445 310 484 finxerit
340 460 423 485 cum
457 452 686 499 argumento
716 447 859 485 sabulae
890 447 1046 484 minime
1078 446 1363 483 convenientia.

267 722 360 760 818.
394 722 600 769 Charinus,
634 723 699 772 qni
732 723 771 759 in
803 721 983 759 exsilium
1016 722 1072 758 ire
1096 723 1307 767 statuerat,
1340 721 1457 758 semel
1481 724 1611 758 tamen

152 788 308 827 domum
341 792 512 840 patriam
545 791 678 828 videre
706 794 950 840 matremque
978 793 1015 827 et
1037 792 1192 840 patrem
1218 789 1390 826 salutare
1417 789 1609 836 voluerat,

151 870 184 896 v.
218 858 310 897 651.
357 860 438 897 Iam
470 859 560 897 inde
592 860 724 897 exiens
756 859 860 896 fores
892 871 1048 908 quoque
1079 862 1118 895 et
1150 858 1267 895 limen
1299 857 1447 895 salutat
1479 861 1518 894 et
1549 871 1610 895 ex-

150 931 319 964 tremum
360 928 446 965 vale
484 929 533 966 iis
572 929 678 966 dicit.
754 927 980 966 Trochaicis
1019 927 1256 976 septenariis
1295 938 1410 963 scena
1450 927 1610 976 scripta.

150 1015 204 1020 —
235 1007 496 1045 superumque
534 997 579 1035 R.
613 1017 664 1022 —
697 996 786 1035 uale
824 996 884 1033 ed.
923 1009 982 1046 pr.
1016 1015 1070 1020 ——
1102 996 1195 1033 821.
1229 997 1487 1042 interemptus.
1548 993 1610 1031 Ad

149 1076 392 1102 communem
430 1078 579 1104 morem
623 1062 878 1114 „ademptus“
915 1064 1130 1111 diceret-ur,
1170 1063 1239 1101 sed
1271 1064 1411 1102 fortius
1442 1062 1609 1100 vocabu-

149 1132 226 1169 lum
275 1135 479 1183 quaesitum
512 1138 588 1183 est,
637 1147 707 1172 nec
752 1134 824 1171 hoc
870 1137 1078 1171 contentus
1124 1136 1244 1182 poeta
1290 1131 1445 1170 addidit
1491 1132 1610 1168 etiam

149 1202 385 1248 interfectus,
426 1207 590 1254 propter
629 1203 731 1253 quod
774 1202 925 1240 Nonius
970 1215 1008 1251 p.
1049 1203 1129 1240 449
1171 1202 1271 1239 hunc
1308 1201 1433 1238 locum
1474 1199 1608 1237 affert:

152 1271 270 1318 „mihi
312 1269 448 1309 haruin
488 1273 616 1309 edium
656 1273 829 1309 Interius
869 1272 1098 1309 interfectus
1137 1269 1236 1308 est'‘.
1273 1290 1324 1296 -—-
1358 1270 1451 1308 822.
1491 1269 1608 1315 fami-

149 1340 218 1377 liae·
254 1340 368 1378 Both.
409 1360 462 1366 ——-
503 1342 597 1378 824.
631 1351 862 1389 persequar,
903 1353 1065 1389 sequar,
1106 1352 1301 1389 quaeram,
1342 1352 1377 1376 v.
1417 1337 1464 1375 ad
1497 1337 1609 1375 Cure.

150 1409 242 1446 211.
283 1429 336 1434 —
377 1411 470 1447 827.
517 1409 590 1448 Ubi
625 1410 691 1457 qui
730 1409 835 1446 Pius.
897 1409 975 1446 sint
1013 1407 1118 1446 Cam.
1161 1427 1214 1432 -
1255 1408 1347 1445 828.
1394 1407 1538 1454 Ubique
1574 1407 1613 1444 id

149 1476 305 1515 Gruter.
338 1498 392 1503 —
424 1479 518 1516 829.
557 1479 600 1523 si,
644 1479 668 1514 i.
703 1491 734 1515 e.
768 1478 940 1522 etiamsi,
982 1490 1015 1514 v.
1058 1476 1106 1513 ad
1140 1478 1249 1514 Asin.
1294 1474 1384 1513 163.
1419 1495 1470 1500 --
1505 1476 1610 1522 clepi-

148 1548 224 1583 tast
252 1545 387 1593 Weis.‚
420 1546 479 1593 R.;
514 1546 695 1584 Mueller.
729 1546 890 1583 Nachtr.
926 1559 963 1596 p.
1000 1546 1065 1582 39:
1106 1558 1207 1589 „non
1239 1550 1299 1582 est
1332 1542 1501 1582 lubita“.

261 1615 354 1652 830.
395 1615 596 1664 Eutychus
635 1615 751 1653 domo
789 1628 859 1652 sua
891 1617 984 1652 exit.
1047 1613 1295 1662 Pasicompsa
1325 1614 1486 1650 inventa
1517 1626 1608 1662 gau-

147 1682 211 1720 dio
243 1683 417 1721 exsultat
448 1697 524 1721 non
556 1683 741 1721 dubitans
773 1685 867 1733 quin
899 1685 975 1720 iam
1008 1682 1182 1721 sodalem
1214 1684 1251 1719 in
1282 1683 1412 1732 patria
1436 1682 1609 1719 retinere

146 1753 293 1800 possit3
334 1752 715 1807 eumque-studiose
753 1753 908 1801 quaerit.
971 1751 1058 1789 Duo
1097 1752 1214 1801 primi
1247 1763 1383 1788 versus
1422 1751 1462 1787 in
1494 1749 1609 1788 codd.

147 1833 279 1858 errore
316 1821 392 1858 iam
432 1821 551 1858 semel
590 1822 727 1871 scripti
768 1825 895 1867 erant,
935 1824 1027 1870 post
1057 1833 1091 1857 v.
1129 1821 1221 1858 590.
1283 1819 1376 1866 Quae
1408 1819 1460 1856 ibi
1494 1819 1610 1856 aliter

147 1894 265 1938 atque
299 1889 335 1927 h.
362 1890 386 1927 l.
413 1890 561 1939 scripta
585 1895 688 1937 sunt,
720 1891 759 1926 in
784 1891 978 1926 varietate
1002 1890 1209 1938 scripturae
1233 1888 1342 1925 uncis
1368 1888 1609 1926 inclusimus.

148 1976 196 1982 —
230 1958 447 1996 Fortunam
487 1959 706 2008 alloquitur
743 1959 856 2008 eique
892 1959 1041 2006 gratias
1081 1958 1176 2005 agit.
1238 1956 1298 1994 Ea
1328 1958 1412 1995 iure
1445 1956 1607 1994 deorum

146 2030 182 2063 et
220 2026 419 2064 hominum
458 2028 684 2076 imperatrix
722 2026 887 2074 dicitur3
926 2027 982 2063 sic
1020 2027 1123 2063 enim
1160 2025 1422 2073 scribendum,
1456 2038 1532 2063 non
1567 2029 1609 2062 ut

145 2095 272 2132 adhuc
302 2095 449 2133 editum
483 2099 541 2133 est
575 2090 859 2145 „spectatrix“.
894 2114 941 2120 —
979 2096 1072 2132 831.
1106 2095 1340 2143 insperatam
1372 2094 1480 2131 Brix.
1505 2094 1606 2132 Ann.

145 2164 240 2214 phil.
283 2163 331 2201 CI
370 2178 408 2214 p.
444 2166 536 2210 773,
571 2164 618 2202 cf.
651 2164 756 2201 Men.
795 2165 914 2202 1061.
949 2183 1001 2188 —-
1033 2163 1110 2200 Pro
1141 2163 1242 2201 hanc
1273 2163 1316 2200 R.
1354 2159 1521 2210 ,‚nunc“.
1554 2182 1609 2187 —

146 2233 239 2270 832.
271 2233 363 2279 fuat
393 2233 511 2279 Cam„
544 2234 568 2270 i.
603 2246 635 2270 e.
669 2234 732 2270 sit.
788 2233 947 2279 Quaerit,
979 2245 1071 2270 num
1105 2234 1192 2281 quis
1224 2231 1321 2269 deus
1353 2232 1423 2268 tali
1456 2231 1606 2277 laetitia,

145 2301 297 2351 qualem
339 2304 423 2352 ipse
464 2315 566 2339 nunc
598 2302 740 2352 capiat,
775 2301 944 2338 fruatur.
982 2321 1028 2326 —
1066 2301 1159 2339 833.
1192 2300 1286 2338 Post
1317 2300 1434 2338 Domi
1463 2299 1606 2336 hiatus.

145 2369 189 2407 R.
233 2368 322 2417 „id“
367 2371 488 2408 addit.
551 2370 686 2408 Muell.
729 2382 814 2406 cum
846 2369 981 2407 Acid.:
1046 2369 1185 2417 „Domi
1225 2374 1322 2413 erat,
1360 2369 1456 2406 foris
1501 2368 1607 2418 quod

144 2436 452 2488 quaeritabam“.
483 2459 536 2464 —
571 2440 664 2477 834.
697 2439 910 2476 amicitiam
941 2443 980 2475 et
1012 2439 1209 2477 ciuitatem·
1239 2439 1385 2487 reperit
1420 2438 1544 2475 amico
1569 2440 1608 2474 et

144 2508 227 2545 cive
273 2512 518 2558 recuperate.
590 2507 667 2545 Sed
713 2508 867 2545 numeri
913 2507 1141 2558 scrupulum
1187 2511 1354 2544 movent.
1425 2506 1606 2555 Spengel.

143 2575 272 2615 Plaut.
312 2590 348 2626 p.
381 2578 432 2615 96
466 2577 562 2614 duas
592 2578 742 2626 primas
780 2575 950 2624 syllabas
981 2577 1086 2614 vocis
1122 2573 1373 2622 „ciuitatem“
1410 2577 1449 2612 in
1490 2587 1605 2611 unam

143 2645 352 2691 contrahit,
379 2658 450 2695 ego
473 2645 682 2682 secundam
712 2648 752 2681 et
775 2646 935 2682 tertiam
963 2646 1071 2683 vocis
1092 2641 1369 2690 „a1nicitiam“,
1389 2656 1423 2680 v.
1449 2643 1605 2691 Proleg.

143 2725 180 2762 p.
214 2714 306 2751 211.
344 2733 391 2739 —
427 2715 521 2752 835.
552 2713 703 2752 Eorum
736 2714 898 2752 inuenta
927 2725 987 2752 res
1018 2713 1136 2760 Cam„
1175 2713 1241 2762 qui
1274 2711 1379 2761 quod
1411 2715 1608 2762 praeterea

148 2780 327 2827 „decem“
364 2781 529 2827 addidit,
562 2781 602 2818 id
634 2795 770 2819 versus
801 2796 876 2820 non
909 2783 1000 2819 fert.
1036 2802 1082 2807 —
1120 2782 1199 2818 836
1233 2793 1290 2829 sq.
1353 2780 1490 2817 Goetz.
1525 2780 1607 2817 cod.

144 2847 173 2886 C
210 2851 400 2901 sequitur.
434 2870 487 2876 -
528 2851 620 2889 838.
662 2850 854 2888 precatur
892 2855 937 2888 ut
977 2850 1156 2888 celeriter
1189 2850 1354 2887 amicum
1387 2849 1606 2886 conveniat.
