1963 3243
726 241 765 275 V.
792 244 980 277 550—554.
1514 251 1593 288 ⁴253

112 368 168 407 Cf.
199 369 308 406 Trin.
346 370 463 407 1002.
495 389 550 394 —
590 371 667 408 575
708 385 754 407 ex
796 373 823 407 A
866 372 1044 417 accessit3
1098 373 1297 421 supplevit
1339 374 1441 411 Low.
1482 376 1591 412 Anal.

111 450 148 486 p.
186 438 261 474 168
293 451 350 486 sq.
383 458 437 461 —
471 439 562 474 576.
597 433 772 482 Tibicen,
806 453 839 475 v.
873 439 1025 487 Proleg.
1060 453 1096 489 p.
1136 442 1209 477 108
1242 455 1299 490 sq.

225 643 318 679 577.
352 641 569 680 Pseudolus
593 646 802 692 postquam
828 638 920 692 quas
933 647 1015 680 arte
1045 656 1124 680 rem
1157 644 1317 694 aggredi
1343 645 1437 682 velit
1467 659 1595 683 secum

112 711 334 756 constituit,
377 711 415 746 in
454 722 606 747 scenam
649 711 750 747 redit
781 724 858 748 non
889 713 1038 749 minore
1071 725 1185 761 quam
1218 716 1333 749 antea
1363 713 1597 751 confidentia

111 779 289 816 refertus.
350 778 497 816 Novam
537 791 690 815 scenam
726 779 788 816 hic
818 780 952 829 incipi,
984 779 1169 817 librarius
1201 780 1284 818 cod.
1317 780 1346 818 C
1377 794 1452 818 non
1484 782 1595 819 vidit.

114 845 238 884 Huius
277 847 417 884 cantici
454 847 563 896 prior
593 859 704 896 pars,
749 848 982 893 577—585‚
1014 850 1243 897 anapaestico
1278 853 1358 895 est;
1407 851 1498 895 577,
1534 851 1596 896 78,

114 916 186 961 82,
227 915 276 953 85
317 916 507 953 octonarii
546 926 657 960 sunt,
705 916 894 953 579—81
931 915 1209 954 additamentis
1247 918 1392 966 spuriis
1424 919 1597 967 corrupti

0 1014 24 1047 *e
112 983 315 1030 videntur3
363 984 554 1021 583—84
586 985 803 1020 tetrametri
835 983 1031 1021 bacchiaci
1061 987 1171 1030 sunt;
1217 983 1285 1021 sed
1322 985 1401 1021 haec
1443 998 1598 1034 quoque

112 1051 357 1101 parenthesis
389 1065 479 1088 num
512 1053 680 1101 genuina
711 1053 774 1100 sit,
807 1051 989 1088 dubitare
1021 1052 1123 1088 licet.
1149 1071 1203 1076 —
1229 1053 1308 1089 577
1340 1052 1453 1090 affert
1483 1056 1599 1091 etiam

113 1118 313 1156 Charisius
342 1133 381 1170 p.
415 1121 507 1157 214.
555 1116 752 1157 eueniunt
782 1121 826 1156 A.
876 1129 1077 1168 prospere
1106 1120 1275 1157 mediam
1308 1121 1497 1168 syllabam
1528 1134 1599 1171 per

113 1200 308 1237 syncopen
340 1189 518 1226 amittere
550 1187 727 1234 videtui-3
761 1189 975 1237 speciosior
1005 1201 1120 1237 quam
1152 1190 1284 1225 verior
1314 1188 1470 1226 videtur
1499 1189 1597 1228 Use-

113 1257 197 1293 neri
235 1257 333 1293 coni.
370 1269 466 1307 „pro
505 1256 693 1306 speque‘⁴.
740 1276 792 1280 —
841 1257 932 1293 578.
979 1256 1196 1293 Pseudolus
1236 1258 1291 1293 ait
1328 1270 1368 1294 se
1406 1271 1481 1295 non
1522 1258 1600 1295 tale

115 1325 319 1362 consilium
349 1325 389 1361 in
420 1329 576 1374 pectore
608 1324 842 1370 condidisse,
875 1325 899 1361 i.
933 1337 964 1360 e.
997 1325 1197 1371 struxisse,
1230 1325 1277 1361 de
1309 1338 1386 1374 quo
1417 1325 1598 1363 dubitan-

115 1391 207 1429 dum
247 1396 316 1429 aut
345 1393 563 1430 timendum
595 1394 659 1430 sit.
721 1389 832 1441 quod
868 1388 1049 1430 dubitem
1087 1393 1230 1430 dicitur
1260 1397 1304 1429 ut
1335 1392 1435 1432 Plin.
1467 1393 1540 1443 Ep.
1573 1395 1601 1441 I,

120 1461 181 1506 18,
216 1463 260 1498 5:
312 1460 441 1510 „quod
473 1460 650 1506 dubitas,
686 1473 733 1497 ne
765 1459 941 1498 feceris“.
975 1481 1025 1485 —
1067 1457 1318 1498 conclz'twnst
1346 1462 1483 1499 ultima
1513 1475 1599 1500 cor-

115 1532 228 1578 repta
265 1528 440 1566 admittit
472 1529 703 1578 Spengelius
736 1528 1123 1577 Reformvorschlage
1156 1543 1226 1566 zur
1258 1529 1404 1566 Metrik
1434 1543 1471 1580 p.
1504 1531 1601 1577 1763

115 1596 175 1634 Fl.
205 1600 355 1646 transp.
393 1597 617 1644 „conditum
650 1595 932 1634 consiliumst“.
976 1617 1023 1622 —
1067 1598 1144 1635 579
1178 1611 1235 1646 sq.
1269 1599 1480 1646 septenarii
1518 1602 1599 1634 tro-

117 1665 238 1702 chaici
268 1670 371 1711 sunt,
403 1678 499 1715 quos
530 1679 602 1716 pro
633 1667 777 1714 spuriis
808 1665 933 1702 habeo
964 1666 1130 1715 primum
1164 1669 1326 1715 propter
1360 1663 1507 1712 ‚,Nam“
1542 1669 1603 1702 ter

116 1735 339 1783 repetitum,
372 1733 513 1770 deinde
544 1737 711 1783 propter
741 1735 974 1771 sententiam
1004 1734 1305 1783 ineptissimam:
1350 1745 1507 1780 „omnes
1538 1746 1601 1770 res

114 1801 278 1851 perinde
301 1806 392 1839 sunt
414 1805 459 1838 ut
485 1800 615 1851 agas“.
678 1802 892 1851 Aliquanto
915 1801 1174 1847 tolerabilius,
1208 1803 1349 1839 omisso
1375 1804 1444 1849 „ut
1467 1799 1598 1850 agas“‚

116 1869 329 1907 diceretur:
377 1870 564 1919 „perinde
596 1875 686 1906 sunt
717 1875 760 1906 ut
791 1884 854 1907 eas
885 1872 1017 1919 magni
1048 1867 1208 1915 facias“‚
1247 1870 1273 1906 i.
1306 1882 1337 1906 e.
1371 1882 1448 1905 non
1478 1870 1601 1917 magis

115 1937 297 1975 timendae
328 1941 418 1975 sunt
449 1951 562 1988 quam
596 1939 670 1988 ipsi
701 1939 986 1984 existimamus3
1031 1937 1098 1974 sed
1137 1937 1217 1974 haec
1258 1950 1410 1986 quoque
1440 1950 1602 1987 prorsus

116 2005 281 2043 inutilia.
342 2005 385 2043 In
418 2006 552 2044 eadem
586 2007 789 2051 sententia,
828 2007 899 2043 nisi
931 2005 1058 2059 fallor,
1091 2004 1165 2041 fuit
1198 2004 1360 2052 Winter,
1392 2004 1602 2042 Metrische

117 2072 440 2112 Reconstruction
472 2074 542 2111 der
568 2073 856 2111 Plautinischen
882 2073 1042 2110 Cantica
1076 2072 1286 2120 (Miinchen
1316 2069 1439 2121 1880)
1472 2086 1509 2123 p.
1530 2073 1601 2120 723

117 2141 185 2179 sed
215 2142 248 2178 is
286 2142 389 2191 quod
432 2141 574 2179 deinde
611 2142 729 2179 talem
770 2143 1058 2179 reconcinnavit
1099 2142 1342 2178 octonarium
1372 2141 1599 2178 iambicum:

121 2209 242 2257 „Nam
276 2223 361 2248 meo
401 2211 473 2247 hoc
511 2211 548 2248 in
587 2215 746 2259 pectore
784 2222 853 2259 ego
893 2211 1001 2259 prius
1043 2222 1148 2246 meas
1178 2210 1233 2246 ita
1264 2211 1399 2257 paravi
1429 2207 1600 2259 copias“,

36 2279 47 2303 -'
116 2276 232 2315 huius
263 2291 420 2328 quoque
450 2284 541 2315 sunt
572 2291 656 2328 quae
686 2278 781 2314 ferri
814 2290 888 2314 non
919 2279 1081 2326 possint,
1124 2278 1187 2324 „in
1227 2289 1309 2313 meo
1341 2275 1520 2326 pectore“
1556 2290 1603 2314 ex

121 2346 199 2383 578
236 2347 448 2396 repetitum
493 2350 533 2383 et
573 2344 748 2396 „prius“.
831 2345 898 2383 His
939 2347 1091 2383 omissis
1135 2341 1371 2394 relinquitur
1415 2345 1603 2383 iambicus

21 2409 49 2461 'j
119 2412 302 2459 dimeter,
350 2417 417 2464 qui
455 2414 619 2452 forsitan
659 2415 760 2451 inter
798 2416 1055 2463 anapaesticos
1096 2413 1188 2450 ferri
1227 2415 1360 2463 possit.
1413 2431 1458 2436 —
1508 2413 1600 2450 582.

20 2463 45 2517 3
120 2477 234 2518 dolos
260 2477 476 2530 perfidias,
509 2481 738 2531 asyndeton,
772 2481 818 2519 ef.
851 2481 899 2518 ad
930 2481 1070 2531 Amph.
1099 2482 1192 2518 891.
1216 2501 1270 2505 -
1293 2477 1478 2518 hostibus
1508 2490 1602 2518 con·

22 2554 57 2614 ,ζ
117 2546 289 2599 yrediar
325 2551 377 2596 A,
425 2551 618 2600 quomodo
660 2550 772 2598 Verg.
814 2554 853 2586 et
891 2548 1002 2586 Ovid.
1043 2549 1161 2585 locuti
1199 2553 1289 2586 sunt
1329 2552 1445 2598 atque
1486 2549 1603 2586 etiam

35 2611 49 2653 ,ἶ
119 2616 277 2655 Curtius
307 2617 374 2664 IX,
409 2620 445 2662 7,
480 2619 544 2655 20.
592 2619 685 2654 Aur.
714 2616 813 2654 Vict.
840 2616 933 2654 Caes.
962 2617 1032 2654 39:
1070 2616 1256 2663 „Carinus
1275 2645 1282 2652 .
1303 2645 1310 2653 .
1331 2645 1338 2652 .
1358 2616 1602 2654 Diocletiano

28 2684 44 2700 ἱ

32 2703 45 2737 ᾗ,
120 2684 388 2735 congressus“.
463 2685 563 2722 Num
604 2685 765 2722 Plautus
802 2686 858 2721 sic
896 2684 1058 2729 dixerit,
1107 2684 1263 2732 dubito,
1309 2684 1375 2721 sed
1408 2693 1499 2721 cum
1529 2685 1603 2722 nisi

30 2729 88 2813 ξ
119 2752 299 2803 pluribus
336 2756 495 2792 mutatis
534 2755 659 2790 teneri
691 2765 766 2790 non
799 2756 943 2802 potest.
984 2771 1039 2777 -
1081 2753 1172 2789 583.
1213 2748 1427 2789 Maiorum
1460 2751 1602 2799 Dousa,

38 2815 65 2886 ᾗ
121 2820 168 2858 cf.
201 2820 287 2859 Cas.
322 2823 412 2859 395.
468 2820 575 2858 Pers.
611 2822 684 2858 391
718 2821 766 2857 al.
798 2839 851 2844 —
892 2821 983 2857 584.
1026 2816 1123 2857 Mea
1160 2820 1205 2857 A.
1242 2815 1297 2844 ἕ-
1332 2815 1602 2869 fraudulenta
