1963 3243
790 238 832 273 V.
856 239 1045 273 429—463.
1582 244 1626 282 31
1638 243 1661 282 '7

173 378 287 403 versu
329 363 437 411 „est“
479 366 611 410 omisi,
660 366 794 404 Both:
842 371 926 413 „est
955 367 1106 417 Oedipo
1139 366 1246 417 Opus
1277 367 1536 405 coniectore&
1601 369 1659 406 Ad

174 447 254 471 rem
286 434 333 471 cf.
365 433 452 471 Ter.
485 433 607 471 Andr.
645 435 741 471 194:
793 434 950 482 „Dauos
981 448 1083 482 sum,
1127 448 1202 472 non
1234 434 1447 485 Oedipus‘'.
1484 456 1531 461 —
1567 438 1659 474 443.

175 498 270 540 Illic
299 497 406 546 hinc,
445 513 480 539 v,
513 501 559 538 ad
593 502 679 538 Aul.
716 504 808 541 257.
851 524 902 528 —
941 504 1035 541 440.
1083 503 1224 540 Hiatur
1257 504 1292 540 in
1326 515 1490 549 caesura,
1537 504 1660 554 Gepp.

177 569 266 615 „Me
297 570 542 607 obedientem
575 583 660 607 meo
692 569 823 617 esse“;
857 571 966 609 Mun.
1005 570 1118 618 „Meo
1149 569 1421 608 oboedientem
1456 572 1554 608 me“.

286 776 380 813 447.
427 774 535 813 Hanc
566 788 720 813 scenam
753 775 989 813 Ritschelius
1021 777 1249 826 recognovit
1280 780 1320 813 et
1350 789 1434 813 cum
1468 780 1659 825 apparatu

173 843 310 881 critico
348 842 473 880 edidit
516 843 601 881 Iud.
643 844 760 881 schol.
802 844 925 881 Bonn.
972 845 1090 881 1865.
1137 864 1191 869 —
1237 843 1363 893 Lycus
1409 844 1497 881 leno
1543 857 1659 892 quum

174 911 315 949 Veneri
347 925 459 949 sacra
484 912 629 949 faceret.
655 925 781 958 orans,
814 916 858 950 ut
889 912 962 949 sibi
996 913 1149 960 largum
1182 917 1371 962 quaestum
1404 912 1562 952 faceret,
1596 925 1662 948 sex

172 981 284 1028 agnis
323 980 534 1017 immolatis
574 980 688 1017 litare
726 994 802 1018 non
845 982 993 1030 potuit,
1041 984 1079 1017 et
1120 981 1316 1030 haruspex
1362 993 1516 1030 semper
1561 981 1662 1016 mala

173 1049 305 1085 omnia
335 1049 369 1086 ei
402 1048 585 1098 portendi
614 1048 845 1086 affirmabat.
908 1048 1036 1086 Iratus
1063 1049 1184 1099 igitur
1212 1061 1352 1086 avarus
1375 1048 1490 1085 homo
1517 1049 1662 1085 omisso

173 1115 363 1154 sacrificio
401 1129 449 1153 ne
488 1120 579 1153 exta
619 1116 774 1166 quidem
815 1117 1031 1154 hostiarum
1072 1121 1346 1163 mactatarum,
1395 1129 1480 1166 quae
1519 1118 1556 1153 in
1596 1129 1661 1153 ara

173 1185 321 1222 adoleri
354 1184 570 1226 debebant,
617 1185 698 1223 deae
730 1184 879 1232 reddit,
926 1185 994 1222 sed
1032 1198 1159 1223 secum
1199 1188 1377 1235 asportat
1415 1186 1526 1222 laetus
1559 1184 1662 1234 quod

171 1253 243 1290 tali
275 1253 412 1290 fraude
442 1252 552 1290 deam
578 1254 653 1290 sibi
678 1267 815 1303 parum
840 1254 1051 1303 propitiam
1077 1254 1183 1291 ultus
1208 1255 1272 1291 sit.
1334 1254 1509 1290 Lenones
1533 1257 1661 1290 autem

173 1333 306 1358 omnes
337 1321 376 1358 in
407 1325 608 1371 posterum
642 1325 749 1359 vetat
781 1322 958 1370 malignae
990 1322 1070 1360 deae
1111 1335 1220 1360 sacra
1252 1322 1389 1359 facere.
1430 1342 1483 1346 —
1528 1317 1661 1366 illum,

172 1387 245 1438 qui
290 1386 402 1437 leno,
447 1390 493 1427 cf.
543 1389 590 1426 ad
641 1391 731 1427 193.
778 1409 830 1414 —
881 1386 1112 1437 infelicent,
1158 1405 1191 1427 v.
1241 1390 1288 1426 ad
1334 1389 1448 1440 Epid.
1501 1391 1561 1427 14.
1610 1410 1662 1414 -—

173 1459 266 1496 450.
301 1455 369 1496 (HS
400 1454 506 1495 milei
537 1454 798 1496 iratissumis
828 1457 967 1508 Gepp.,
1000 1472 1086 1495 nam
1119 1459 1150 1495 si
1180 1458 1323 1506 „meis⁴⁴
1355 1457 1550 1504 scribitur,
1583 1457 1663 1495 haec

171 1539 245 1576 pro
278 1526 429 1564 obiecto
459 1527 659 1576 personali
692 1540 776 1564 cum
806 1524 1040 1574 „inmolaui“
1070 1526 1262 1576 iungenda
1294 1530 1395 1572 sunt,
1429 1526 1663 1563 sacrificavit,

172 1598 300 1631 autem
346 1596 413 1631 uni
452 1595 594 1632 Veneri
641 1608 675 1632 v.
717 1596 810 1633 452.
851 1615 905 1620 —
947 1597 1040 1633 451.
1080 1595 1175 1632 Post
1214 1591 1416 1633 immolani
1455 1595 1583 1632 hiatus
1623 1596 1661 1632 in

172 1675 318 1700 caesura
365 1668 409 1700 ut
448 1664 548 1709 4543
595 1663 681 1700 edd.
727 1677 822 1700 rece.
863 1668 1128 1714 transponunt
1174 1676 1319 1711 „agnos
1358 1660 1582 1700 immolaui“
1626 1666 1661 1699 et

178 1735 291 1777 „exta
330 1728 482 1769 uotui“.
521 1751 575 1756 —
621 1733 716 1769 452.
762 1731 809 1769 ut
837 1732 888 1778 A,
933 1731 1001 1769 sed
1039 1736 1129 1782 post
1174 1732 1243 1768 hoe
1282 1731 1431 1781 aliquid
1472 1731 1662 1769 excidisse

173 1799 343 1836 videtur.
398 1799 443 1836 R.
474 1801 555 1846 „uti
586 1800 662 1837 iam
694 1797 833 1847 esset“,
867 1799 934 1837 sed
965 1804 1047 1838 tum
1084 1797 1304 1850 „propitia“
1340 1799 1660 1850 exspectabatur;

172 1867 298 1917 Gepp.
320 1871 388 1915 „ut
412 1867 663 1918 prodesset“;
697 1867 852 1905 Miiller.
875 1870 956 1915 „uti
982 1867 1104 1915 siet“;
1129 1881 1200 1917 ego
1225 1868 1376 1905 malim:
1415 1873 1480 1915 „ut
1503 1871 1660 1918 praesto

173 1933 316 1973 esset“.
356 1956 411 1960 —
457 1937 549 1974 453.
597 1936 694 1974 Post
729 1946 884 1986 nequeo
922 1935 1071 1983 hiatus3
1119 1936 1164 1973 R.
1201 1934 1321 1986 ‚,ego“
1357 1936 1487 1983 addit;
1534 1935 1659 1986 Gepp.

177 2017 280 2052 „non
311 2005 452 2055 queo“.
477 2025 531 2029 —
563 2001 649 2042 abii
679 2004 765 2042 edd.
803 2024 850 2029 —
884 2000 1004 2051 illim,
1038 2018 1072 2042 v.
1106 2004 1154 2041 ad
1185 2004 1323 2042 Bacch.
1359 2005 1451 2042 317.
1480 2023 1532 2029 —
1564 2005 1659 2042 454.

165 2069 444 2121 prosicarier,
493 2073 537 2110 cf.
572 2072 611 2110 C.
645 2073 673 2110 I.
706 2072 750 2110 L.
783 2072 800 2109 I
839 2085 875 2109 n.
912 2073 987 2109 199
1021 2085 1054 2108 v.
1090 2073 1141 2109 40
1187 2070 1377 2120 ,‚sieare“,
1425 2073 1474 2109 37
1512 2072 1660 2120 „foeni-

172 2138 305 2179 sicei“.
375 2140 637 2179 Prosecantur
667 2145 757 2178 exta
788 2140 874 2186 diis,
907 2153 942 2177 v.
976 2139 1060 2177 Liv.
1087 2140 1130 2188 V,
1167 2141 1231 2187 21,
1265 2142 1300 2178 8.
1361 2139 1468 2178 Suet.
1496 2141 1596 2190 Aug.
1626 2143 1659 2178 l.

175 2209 245 2256 al.;
277 2209 418 2247 deinde
441 2205 741 2258 porriciantur,
783 2222 818 2246 v.
850 2208 990 2246 Pseud.
1026 2209 1118 2246 267.
1179 2208 1261 2246 Hoc
1291 2208 1451 2246 verbum
1482 2209 1660 2258 proximo

174 2289 289 2314 versu
328 2278 504 2315 restituit
541 2277 718 2326 Seyffert.
752 2276 892 2314 Philol.
924 2276 1016 2314 XIX
1056 2290 1092 2327 p.
1126 2277 1227 2322 4033
1275 2289 1351 2325 quo
1389 2277 1547 2314 invento
1586 2289 1660 2314 non

175 2349 246 2392 est,
279 2344 383 2395 quod
415 2359 499 2383 cum
532 2345 656 2396 Gepp.
683 2350 721 2382 et
744 2345 788 2382 R.
807 2358 867 2381 vv.
888 2346 1081 2383 455—56
1105 2343 1244 2395 potius
1266 2346 1422 2394 spurios
1453 2345 1662 2382 habeamus

175 2427 291 2463 quam
322 2414 361 2451 in
391 2414 426 2451 A
456 2414 609 2450 incuria
639 2414 811 2450 omissos.
846 2433 899 2437 —-
932 2414 1027 2450 457.
1066 2421 1240 2460 auarae,
1281 2413 1392 2462 quasi
1423 2425 1468 2450 eo
1500 2414 1661 2451 consilio

174 2495 262 2520 eum
294 2482 410 2519 litare
450 2481 637 2527 noluerit,
686 2494 762 2530 quo
802 2481 917 2531 plura
955 2480 1206 2518 sacrificaret.
1257 2500 1305 2505 —
1354 2477 1444 2519 adii
1481 2491 1660 2526 mamam,

174 2549 323 2600 decepi,
354 2563 388 2587 v.
422 2549 470 2587 ad
501 2549 590 2586 Aul.
619 2549 711 2586 370.
745 2569 798 2573 -
830 2550 923 2587 459.
954 2558 1141 2598 pausam,
1175 2549 1221 2587 cf.
1248 2549 1404 2586 Trucul.
1426 2550 1518 2588 718.
1559 2549 1659 2587 Rud.

180 2619 297 2655 1205.
352 2617 460 2655 Pers.
494 2617 587 2655 815.
639 2617 737 2655 Non.
771 2631 807 2667 p.
846 2617 936 2654 158.
977 2637 1022 2644 -—
1069 2617 1161 2654 461.
1210 2614 1498 2664 contentiores,
1538 2619 1661 2658 macie

175 2687 357 2731 contenti,
390 2685 594 2732 moderati,
627 2685 672 2722 cf.
698 2684 817 2723 Mero.
840 2686 957 2722 1005.
1012 2694 1128 2734 maye
1151 2698 1494 2735 supervacaneum,
1519 2685 1565 2723 ef.
1594 2685 1657 2723 82.

175 2773 230 2777 —
267 2753 362 2791 463.
399 2749 630 2801 Οοηᾱῖἶῃηε,
664 2753 863 2799 similiter,
897 2767 931 2790 v.
963 2751 1012 2789 ad
1043 2752 1131 2790 Aul.
1164 2754 1258 2791 457.
1321 2752 1508 2790 Similiter
1539 2753 1658 2791 haru-

175 2822 321 2871 spicem
338 2821 394 2858 uit
421 2821 495 2857 sibi
521 2821 726 2858 mentitum
750 2834 847 2867 esse,
871 2821 937 2870 qui
962 2821 1063 2858 mala
1087 2823 1217 2858 omina
1240 2816 1451 2869 nuntiaret,
1484 2825 1660 2871 quamvis
