1963 3243
359 217 438 255 228
920 212 1026 246 Miles
1053 212 1247 253 gloriosus.

359 344 405 382 cf.
448 343 587 380 Pseud.
634 344 726 380 603.
767 341 864 379 Rud.
910 342 1033 380 1021:
1101 341 1201 382 ..Ubi
1246 346 1289 379 tu
1329 341 1391 378 hic
1436 339 1641 379 habitas‘?“
1703 342 1809 382 Trin.

358 413 458 450 873:
495 411 779 458 „Lesbonicum
813 423 958 460 quaero
989 411 1030 447 in
1062 411 1122 447 his
1145 409 1369 458 regionibus
1393 408 1461 446 ubi
1485 409 1672 448 habitet.“
1721 411 1808 450 Ter.

358 480 479 518 Andr.
514 481 606 518 965.
639 500 694 505 -—
728 481 788 517 11,
826 479 921 516 Tam
953 478 1079 524 Both.,
1114 478 1160 516 cf.
1194 478 1324 516 Madv.
1355 478 1421 516 Gr.
1449 478 1531 515 Lat.
1568 480 1643 517 301
1679 494 1698 517 c
1728 485 1808 519 not.

358 551 393 586 2.
435 549 542 586 Pers.
583 550 682 586 531:
735 552 837 593 „tam
879 544 1104 584 matulam“.
1148 547 1224 584 Cic.
1264 546 1311 583 ad
1348 547 1391 593 Q.
1435 546 1498 584 Fr.
1531 547 1560 593 I,
1598 549 1632 594 1,
1666 550 1702 596 6,
1738 551 1807 589 19:

362 621 466 663 „tam
509 618 751 667 corruptrice
792 613 1034 665 provincia“.
1068 635 1121 639 -—
1154 615 1267 652 sslars
1306 614 1366 652 ed.
1399 628 1459 664 pr.
1503 627 1542 654 se
1572 616 1661 653 add.
1695 617 1807 656 Both.

356 684 465 722 haud
494 686 538 721 A.
572 703 626 710 —
662 685 724 721 12.
758 684 809 721 ad
840 686 939 727 tuas,
973 682 1020 720 cf.
1054 683 1140 720 Ter.
1160 682 1259 719 Eun.
1280 683 1382 720 681:
1421 682 1501 729 „Ne
1526 685 1808 733 comparandus

356 753 417 790 hic
448 752 605 802 quidem
638 752 686 788 ad
719 752 829 788 illum
863 749 961 788 est“.
994 751 1096 788 infra
1129 752 1221 788 964.
1261 751 1381 788 Merc.
1415 752 1508 788 419.
1543 751 1653 788 Varr.
1688 752 1732 790 L.
1765 753 1807 792 L.

354 820 422 867 IX,
457 821 521 857 28.
567 821 653 858 Liv.
687 820 757 868 III,
791 822 855 869 26,
889 822 924 857 2.
962 840 1008 845 —
1048 821 1109 857 13.
1149 819 1325 867 Quemne,
1359 821 1382 857 i.
1416 833 1448 857 e.
1495 819 1581 857 Isne
1613 834 1740 870 quem,
1772 835 1805 860 v.

355 889 403 926 ad
432 889 573 938 Amph.
607 890 698 927 690.
744 888 1005 926 Continuatur
1035 889 1310 936 interrogatio,
1343 888 1413 924 sed
1445 887 1492 924 de
1523 889 1701 937 persona,
1732 903 1808 928 non

357 957 404 993 de
450 958 550 1003 loco,
598 957 800 1006 quaeritur.
862 956 1087 1005 Sequuntur
1134 958 1292 993 nomina
1336 956 1502 993 ridicula
1548 960 1586 993 et
1624 958 1808 995 vanitatis

354 1039 471 1063 causa
516 1025 608 1062 ficta
654 1021 718 1072 (cf.
752 1024 906 1062 Curcul.
947 1025 1028 1061 444
1068 1037 1151 1073 sqq.
1185 1022 1251 1069 al.)
1290 1023 1359 1060 sed
1392 1025 1430 1060 in
1463 1021 1575 1062 codd.
1609 1030 1806 1076 corrupta.

355 1093 509 1145 Campis
555 1094 804 1132 Camerarius
856 1106 996 1130 nomen
1050 1092 1160 1129 dedit
1209 1091 1582 1142 ‚‚Gurgustidoniis“
1632 1097 1743 1144 quasi
1787 1111 1809 1135 a

354 1164 574 1212 gurgustio,
615 1163 779 1200 Guietus
823 1158 1140 1210 „Gurgulioniis“
1182 1174 1323 1210 parum
1362 1161 1542 1209 feliciter,
1574 1153 1808 1214 Ritschelius

353 1236 420 1267 aut
469 1228 828 1280 „Gorgonidoniis“
878 1234 948 1267 aut
998 1226 1348 1276 ‚‚Croeodiloniis“,
1396 1242 1562 1278 quorum
1611 1233 1807 1280 posterius
1858 1246 1860 1248 ’

352 1299 446 1335 mihi
477 1300 682 1349 probatur,
725 1298 792 1335 sed
831 1302 875 1335 ut
920 1296 1194 1336 Corcodilom'z's
1224 1298 1404 1345 scribam,
1444 1311 1531 1335 nam
1571 1300 1807 1339 corcodilum

352 1368 486 1405 Latini
520 1368 717 1415 dicebant,
751 1381 785 1405 v.
819 1366 972 1414 Proleg.
1007 1381 1044 1417 p.
1079 1367 1180 1412 2093
1221 1366 1312 1403 item
1345 1366 1516 1404 Schoene
1549 1367 1650 1406 Mus.
1683 1369 1806 1409 Rhen.

351 1435 482 1473 XVIII
522 1450 560 1486 p.
606 1437 695 1474 162.
733 1456 780 1461 —
819 1436 880 1474 14.
924 1435 1266 1473 Bumbomachides
1298 1435 1437 1482 Pyladi
1470 1435 1646 1485 debetur,
1685 1435 1806 1486 Clyto-

349 1505 743 1553 mestoridysarclnkks
784 1501 923 1553 (Clut.)
965 1504 1199 1550 Ritscheli03
1239 1503 1306 1540 illo
1338 1504 1466 1552 proelii
1498 1505 1703 1553 strepitus,
1735 1506 1807 1544 hoc
1862 1536 1868 1540 .

351 1575 557 1612 celebritas
586 1575 683 1612 male
710 1573 939 1623 imperando
965 1577 1079 1622 parta
1110 1569 1366 1619 significatur.
1415 1571 1633 1610 Posteriori
1665 1575 1809 1613 nomini

351 1642 456 1690 quod
498 1642 612 1680 codd.
652 1642 823 1691 genetivi
862 1641 1025 1678 formam
1059 1640 1167 1686 dant,
1208 1646 1321 1690 pater
1351 1639 1564 1687 significari
1595 1643 1739 1691 potuit,
1770 1656 1804 1681 v.

351 1710 466 1747 Riese
506 1712 545 1748 in
577 1711 678 1748 Mus.
713 1711 834 1748 Rhen.
868 1709 961 1747 XXI
1003 1723 1039 1759 p.
1073 1710 1166 1755 478,
1208 1708 1275 1745 sed
1315 1709 1399 1745 veri
1430 1709 1595 1748 similius
1627 1713 1686 1748 est
1717 1724 1806 1762 cog-

351 1792 491 1817 nomen
530 1784 688 1829 poetam
720 1781 906 1829 posuisse,
942 1783 985 1815 ut
1017 1777 1127 1815 Curc.
1161 1778 1253 1814 408.
1291 1796 1342 1802 -
1378 1778 1439 1814 15.
1473 1777 1647 1824 Neptuni
1674 1791 1807 1833 nepos-3
1870 1832 1875 1837 .

352 1849 572 1895 Antigonus
614 1847 800 1895 Gonatas,
844 1847 1082 1884 Macedoniae
1123 1859 1201 1891 rex,
1243 1845 1416 1895 Neptuni
1455 1845 1577 1883 filium
1617 1848 1808 1897 appellari

352 1929 393 1952 se
426 1917 563 1954 voluit.
598 1936 652 1941 —
686 1917 748 1954 16.
784 1927 882 1961 cum,
924 1915 970 1952 cf.
1014 1914 1105 1952 659,
1150 1914 1288 1951 Pseud.
1336 1915 1425 1951 157.
1488 1913 1588 1951 Enn.
1629 1928 1689 1964 ap.
1731 1915 1806 1954 Cic.

353 1984 435 2022 Cat.
471 1998 519 2022 m.
556 1986 590 2029 1,
628 1985 669 2022 l:
720 1985 810 2032 „ille
848 1987 910 2022 vir
949 1984 1051 2021 haud
1085 1995 1225 2031 magna
1257 1996 1341 2019 cum
1374 1980 1457 2020 1·e“.
1491 1996 1579 2020 ann.
1613 1984 1673 2022 ad.
1705 1983 1807 2022 Men.

358 2054 475 2091 1017.
508 2055 627 2091 armis
661 2055 722 2091 ed.
757 2067 814 2102 pr.
852 2073 899 2078 —
946 2054 1007 2090 17.
1042 2052 1202 2098 lemones
1232 2051 1381 2089 Nonius
1412 2065 1450 2101 p.
1485 2053 1556 2089 97:
1623 2051 1808 2099 „Difflare

353 2126 413 2159 est
452 2121 549 2160 flatu
587 2122 810 2160 disturbare
850 2120 946 2159 cet.“
984 2140 1035 2146 ——
1072 2122 1134 2159 18.
1172 2123 1243 2158 aul
1282 2120 1341 2158 ed.
1373 2133 1432 2170 pr.
1469 2139 1516 2145 —
1552 2119 1675 2166 Quum
1700 2121 1807 2168 peni-

355 2191 487 2229 culum
527 2192 737 2232 tectorium.
784 2193 808 2228 i.
849 2203 881 2228 e.
922 2189 1173 2240 penicillum,
1218 2202 1294 2238 quo
1340 2189 1548 2226 tectorium
1593 2190 1808 2239 parietibus

352 2249 563 2306 inducitur,
605 2260 788 2297 foliorum
828 2259 944 2296 modo
983 2256 1138 2295 difflare
1177 2261 1336 2295 ventum
1371 2270 1446 2294 non
1479 2271 1591 2307 posse
1622 2258 1810 2296 vidissent.

353 2329 428 2366 viri
488 2328 604 2375 docti,
651 2328 856 2366 Turnebus
916 2327 1162 2377 „paniculum
1215 2325 1447 2364 tectoriam⁴⁶
1505 2326 1622 2364 scribi
1673 2326 1805 2373 voluit,

353 2397 585 2434 arundinem
624 2396 850 2446 intelligens
890 2409 967 2445 qua
1006 2395 1242 2445 tegebantur
1282 2395 1383 2432 aedes
1424 2391 1542 2443 (Rud.
1587 2391 1702 2443 123);
1739 2393 1808 2431 sed

352 2466 548 2515 paniculae
580 2465 809 2502 arundineae
841 2477 912 2514 pro
944 2463 1200 2501 arundinibus
1231 2464 1324 2513 poni
1356 2476 1430 2500 non
1456 2467 1631 2513 possunt,
1654 2475 1689 2500 V.
1709 2462 1807 2500 Plin.

356 2534 401 2572 ΙΙ.
434 2534 480 2572 N.
500 2534 603 2579 VIII,
640 2535 729 2571 117.
778 2533 862 2570 Non
900 2534 1045 2569 maiore
1078 2534 1162 2569 iure
1195 2531 1408 2569 Salmasius
1441 2532 1663 2580 lanuginem
1696 2543 1807 2568 arun·

353 2602 486 2640 diuum
525 2603 732 2648 intellexit,
774 2614 888 2650 quam
930 2603 1099 2638 tectorio
1141 2601 1347 2638 admisceri
1388 2601 1546 2637 solitam
1587 2612 1670 2637 esse
1701 2598 1806 2645 dicit,

353 2671 457 2721 quod
502 2671 606 2709 uude
651 2673 750 2708 sciat
796 2671 945 2719 ignoro.
1009 2670 1315 2707 permanserunt
1360 2674 1492 2706 tamen
1537 2670 1576 2705 in
1619 2665 1808 2706 eiusmodi

353 2741 684 2786 enarrationibus,
718 2753 750 2777 v.
771 2738 936 2776 Lorenz.
957 2737 1097 2775 Philol.
1116 2737 1229 2776 XXX
1253 2750 1289 2787 p.
1311 2738 1404 2784 598,
1437 2750 1482 2775 ac
1513 2737 1659 2775 Ritsch.
1692 2737 1806 2773 etiam

361 2806 636 2857 ,‚paniculum“
682 2807 817 2845 eadem
858 2807 895 2843 vi
933 2807 1111 2856 scripsit,
1151 2806 1258 2856 praef.
1301 2805 1423 2843 Stichi
1462 2819 1499 2856 p.
1532 2804 1654 2842 XVII.
1714 2802 1808 2841 Mihi
1849 2811 1891 2824 Ἀ
