1963 3243
328 207 408 246 250
959 207 1170 242 Pseudolus.

327 335 420 372 493.
452 345 553 373 suus
583 335 671 373 add.
704 335 872 383 Mallem,
908 335 1068 384 „suum“
1104 336 1208 375 Cam.
1239 357 1293 362 —
1324 338 1418 375 494.
1455 333 1620 375 Iuberes
1651 337 1709 375 ed.
1742 350 1800 387 pr.

327 401 601 452 Interrogandi
639 404 870 453 particulam
918 404 1071 442 addidit
1109 404 1221 441 Both.
1260 426 1315 430 —-
1352 407 1445 443 495.
1493 402 1626 451 Simo,
1658 414 1802 454 pecca-

330 470 457 507 tumst
485 471 597 508 Both.
640 491 694 496 —-
731 472 824 509 496.
865 468 1045 517 Desiste,
1084 473 1163 510 noli
1201 486 1286 509 eum
1326 473 1546 510 defendere.
1621 472 1804 510 Editores

327 538 417 574 inde
448 552 469 573 a
502 538 646 586 Pylade
678 539 753 576 hoc
783 539 976 577 Pseudolo
1008 541 1114 586 dant,
1147 541 1255 590 quasi
1288 543 1318 577 is
1350 541 1497 578 talibus
1528 541 1659 578 verbis
1690 539 1804 578 Calli-

327 605 493 654 phonem
525 619 566 642 se
597 605 805 643 defendere
836 608 1011 644 iussurus
1038 612 1151 645 esset.
1221 608 1360 646 Versus
1387 610 1578 647 497-99
1625 608 1806 645 Pseudoli

328 678 432 719 sunt,
458 673 525 710 sed
549 674 631 710 sine
655 675 773 711 dubio
799 676 934 725 spurii.
980 675 1226 725 Ineptissime
1251 678 1350 712 enim
1369 680 1578 714 renovatur
1593 675 1807 725 disputatio

328 755 363 778 v.
389 742 468 778 490
501 755 557 790 sq.
583 741 736 789 habita,
770 747 809 779 et
838 744 893 780 ita
924 743 1077 792 quidem
1110 748 1154 780 ut
1183 757 1343 792 prorsus
1375 744 1480 780 aliud
1512 743 1806 793 responde-atur.

330 810 426 846 Tum
474 814 512 846 et
557 811 749 846 orationis
797 816 835 847 et
884 824 1129 848 numerorum
1178 813 1274 848 vitia
1309 815 1387 848 tam
1429 813 1566 861 gravia
1610 815 1718 856 sunt,
1765 815 1809 848 ut

329 877 436 914 nulla
467 877 662 925 probabili
692 878 886 915 medicina
917 880 1044 915 sanari
1075 880 1238 927 possint.
1300 879 1429 925 Quare
1466 880 1563 917 nihil
1594 879 1806 926 emendavi,

329 946 402 982 nisi
435 958 520 993 quae
552 945 643 982 solis
675 946 846 983 librariis
878 946 1010 983 deberi
1042 947 1272 996 apparebat,
1305 968 1359 972 —
1387 948 1505 993 recte,
1538 947 1630 985 Lor.
1661 946 1810 984 confert

329 1013 417 1050 Ter.
449 1013 523 1050 Ad.
557 1014 650 1050 832.
692 1034 747 1038 —
791 1015 886 1051 497.
935 1011 1105 1052 Peccata
1142 1025 1232 1053 mea
1261 1015 1371 1053 sunt.
1447 1015 1582 1063 Both„
1622 1015 1688 1061 R.‚
1729 1014 1808 1052 FL:

335 1081 575 1127 „Peccatane
606 1095 651 1118 ea
682 1080 825 1118 sunt‘?“
859 1102 904 1106 —
933 1083 1026 1120 498.
1063 1085 1168 1130 „nati
1201 1084 1342 1120 amoris
1373 1088 1411 1120 te
1443 1080 1666 1133 expertem“
1696 1083 1808 1120 Both.

330 1169 385 1173 —
415 1149 508 1186 499.
548 1146 593 1186 m
622 1147 776 1187 mundo
807 1150 911 1188 Cam.
944 1163 991 1186 ex
1022 1150 1199 1188 Charisio
1231 1165 1268 1200 p.
1306 1152 1402 1196 180,
1435 1164 1549 1200 quem
1581 1151 1708 1187 locum
1737 1150 1811 1186 huc

331 1218 529 1266 pertinere
559 1221 766 1266 putarunt,
809 1219 854 1255 cf.
888 1219 937 1255 ad
968 1218 1076 1256 Asin.
1111 1220 1202 1256 262.
1262 1215 1402 1267 famem
1440 1232 1511 1268 pro
1542 1209 1716 1255 fecissem
1749 1218 1812 1254 vix

331 1298 514 1333 umquam
560 1286 598 1321 in
637 1299 708 1322 usu
746 1286 831 1323 fuit.
905 1286 1036 1324 Madv.
1071 1287 1212 1336 Opusc.
1243 1287 1280 1323 II
1320 1300 1356 1336 p.
1392 1288 1442 1324 69
1487 1289 1550 1335 „ni
1588 1285 1628 1322 id
1666 1284 1806 1322 faxim“

332 1354 509 1402 scripsit3
555 1352 600 1390 R.
638 1354 694 1400 „si
726 1353 894 1401 dixem“‚
937 1359 975 1391 et
1016 1355 1156 1392 deinde
1197 1368 1244 1392 ex
1274 1354 1451 1392 Charisio
1494 1352 1624 1401 „fore“
1667 1359 1707 1390 et
1743 1353 1814 1390 hoc
1878 1350 1882 1354 ⁴

333 1435 447 1458 versu
479 1426 643 1458 exeunte
667 1426 706 1458 et
731 1423 921 1471 proximo.
982 1423 1057 1460 Sed
1082 1423 1233 1460 facilius
1257 1436 1432 1460 caremus
1455 1422 1650 1460 infinitivo
1679 1419 1809 1468 „esse“

334 1503 449 1538 quam
488 1491 618 1526 dativo
657 1503 848 1539 personae.
887 1510 941 1515 -—
983 1492 1074 1529 501.
1121 1500 1167 1528 ea
1204 1485 1458 1529 ‘mussitabas
1497 1490 1557 1528 ed.
1595 1503 1677 1540 pr.,
1723 1491 1748 1528 i.
1780 1502 1812 1527 e.

333 1558 503 1595 taoebas.
545 1578 596 1582 —
641 1553 725 1596 Cur
763 1564 835 1596 cet.
909 1558 1069 1596 Numeri
1102 1560 1295 1608 corrupti3
1345 1559 1387 1596 R.
1423 1559 1549 1605 „Quin
1580 1555 1812 1605 dictumst“;
1944 1597 1952 1614 ι

335 1638 405 1674 ego
444 1626 596 1663 malim:
648 1626 751 1672 „Cur
787 1624 1028 1673 tacitumst“‚
1068 1627 1115 1665 cf.
1157 1627 1264 1665 Pers.
1306 1628 1406 1664 256:
1456 1627 1659 1674 „Tacitum
1699 1623 1819 1663 erit“.-
1894 1646 1896 1649 ·
1950 1618 1957 1624 ’

335 1695 445 1731 Asin.
478 1695 570 1732 809.
612 1714 665 1719 —
704 1695 795 1732 502.
847 1690 955 1743 Quia
984 1691 1094 1733 illud
1121 1695 1271 1732 Acidal.
1309 1714 1363 1719 —
1403 1696 1482 1732 502
1523 1707 1579 1744 sq.
1625 1690 1813 1732 istuc...

330 1772 528 1811 praesens
558 1765 668 1800 uncis
699 1763 787 1800 incl.
821 1762 865 1800 R.
899 1766 1013 1809 cett.‚
1059 1776 1291 1812 quamquam
1323 1762 1491 1800 variatio
1523 1761 1817 1800 demonstrativi

336 1827 590 1881 (istuc-huic)
637 1832 823 1881 exemplis
862 1844 937 1868 non
976 1836 1099 1878 caret,
1146 1845 1181 1868 v.
1216 1831 1264 1867 ad
1302 1829 1414 1879 Cape.
1449 1831 1540 1868 543.
1573 1830 1709 1868 Horat.
1741 1828 1813 1879 Ep.

334 1899 370 1946 I,
412 1901 455 1946 6,
498 1900 548 1937 67
580 1913 636 1949 sq.
687 1919 741 1923 —
794 1901 884 1937 503.
928 1896 1089 1937 diecula
1127 1901 1285 1948 scripsi,
1334 1899 1379 1936 cf.
1419 1898 1507 1936 Ter.
1549 1897 1670 1936 Andr.
1715 1897 1814 1935 710:

341 1968 437 2016 „tibi
462 1968 653 2005 dieculam
680 1965 821 2005 addo“.
868 1967 966 2004 Edd.
993 1968 1083 2004 inde
1111 1981 1132 2004 a
1156 1967 1322 2016 Pylade:
1359 1970 1496 2014 „erant
1519 1963 1731 2004 dieculae“.
1763 1985 1816 1989 —

340 2038 431 2074 508.
476 2033 599 2074 uiuos
644 2036 732 2073 add.
772 2035 817 2073 R.
861 2035 946 2073 coll.
990 2036 1082 2073 340.
1130 2055 1180 2060 —
1231 2036 1323 2073 509.
1372 2029 1545 2072 Strenue
1589 2033 1818 2084 imperative

337 2104 633 2153 intelligendum
665 2108 734 2149 est,
766 2107 809 2140 ut
840 2104 1023 2141 audiatur
1054 2116 1145 2152 age,
1179 2104 1225 2141 cf.
1257 2103 1363 2140 Trin.
1401 2104 1519 2140 1102.
1579 2101 1663 2139 Mil.
1700 2101 1816 2139 1365.

337 2173 482 2210 Errore
514 2173 634 2220 igitur
666 2172 746 2209 haec
778 2184 851 2209 vox
883 2171 1079 2209 Pseudolo
1111 2172 1206 2208 data
1237 2174 1313 2217 est3
1360 2170 1527 2208 Simonis
1566 2169 1692 2207 oratio
1731 2180 1817 2206 con-

338 2243 533 2288 tinuatum
580 2254 649 2277 nec
689 2252 774 2277 cum
813 2239 1050 2288 Kiesslingio
1090 2239 1192 2276 Mus.
1231 2239 1301 2276 Rh.
1342 2238 1475 2276 XXIII
1518 2251 1555 2287 p.
1597 2237 1676 2274 420
1719 2236 1818 2273 hunc

339 2322 492 2347 versum
524 2309 700 2358 proximo
724 2309 1025 2357 postposuerim.
1042 2326 1098 2332 —
1124 2308 1215 2345 510.
1243 2302 1492 2354 Exsculpil‘o
1519 2304 1649 2342 Lamb.
1667 2307 1712 2342 ut
1737 2302 1817 2340 cod.

340 2377 473 2414 Bemb.
506 2376 592 2413 Ter.
618 2375 774 2413 Phorm.
805 2377 905 2413 989:
941 2375 1039 2423 „Uel
1070 2375 1223 2412 oculum
1256 2371 1479 2424 exsculpe“.
1527 2372 1571 2410 R.
1594 2367 1818 2419 ,‚exlidit0“,

342 2445 446 2495 quod
479 2448 607 2482 exstat
630 2444 728 2481 Rud.
756 2445 847 2489 659,
880 2442 948 2480 sed
979 2456 1054 2480 non
1086 2442 1220 2479 eodem
1253 2442 1381 2479 modo.
1406 2461 1461 2466 —
1486 2441 1577 2478 513.
1611 2434 1821 2477 abstulerit

343 2514 480 2563 scripsi
510 2515 714 2560 totumque
745 2523 959 2548 sermonem
992 2510 1213 2560 Calliphoni
1246 2509 1347 2546 dedi.
1415 2508 1460 2546 R.
1493 2510 1604 2545 cett.:
1655 2506 1736 2554 „SL
1767 2507 1821 2543 At

344 2582 375 2618 si
406 2594 482 2618 non
514 2578 751 2630 apstuleris?
805 2578 874 2616 PS.
908 2578 1037 2625 Virgis
1070 2575 1263 2615 caedito“.
1289 2596 1342 2601 —
1371 2578 1461 2615 515.
1495 2575 1676 2621 aetatem,
1708 2585 1820 2624 quam

345 2649 411 2685 diu
450 2650 574 2694 vives,
622 2661 656 2686 v.
691 2647 740 2685 ad
778 2646 917 2695 Amph.
954 2646 1073 2682 1016.
1146 2642 1302 2693 inpune
1339 2641 1594 2691 habiturum,
1641 2655 1692 2679 sc.
1724 2641 1821 2679 hanc

346 2717 607 2753 f1·aunem.—-
633 2716 712 2752 516
743 2715 921 2764 proximo
953 2713 1268 2762 anteponendum
1301 2724 1383 2748 esse
1408 2710 1507 2747 vidit
1529 2710 1649 2758 Bugg.
1668 2708 1820 2747 Tidskr.

346 2785 371 2821 f.
406 2783 501 2822 Phil.
535 2783 605 2821 VII
636 2797 672 2833 p.
718 2783 781 2820 22.
822 2802 874 2806 —
918 2781 1007 2819 517.
1045 2776 1308 2829 praedicitur
1344 2778 1403 2815 ed.
1443 2791 1502 2827 pr.
1541 2797 1595 2802 —
1643 2777 1733 2816 518.
1779 2774 1822 2814 tu
