1963 3243
319 223 399 262 210
994 217 1115 252 Plauti
1542 217 1587 261 V,
1611 218 1642 262 6,
1671 219 1800 253 11-21

317 345 540 386 Neminem
569 344 729 394 uenire,
763 344 836 397 qui
866 343 972 384 istas
1004 342 1228 384 adsereret
1259 355 1401 384 manu.
1677 347 1679 351 '
1715 354 1802 390 1345

317 416 440 458 Meae
471 415 644 468 quidem
675 414 871 469 profecto
902 428 985 455 non
1019 418 1132 455 sunt.

854 508 1265 549 Antamoem'des

1183 578 1311 628 Leno,
1342 579 1386 619 in
1416 579 1484 620 ius
1517 592 1602 620 eas.

969 658 1138 711 Lycus

316 731 378 772 De
409 730 594 784 prandio
626 735 674 772 tu
707 729 837 782 dieis3
870 730 1063 780 debetur,
1096 729 1221 771 dabo.

869 831 1246 885 Agorastocles

315 903 503 958 Duplum
536 917 612 956 pro
645 903 760 945 furto
794 903 897 944 mihi
929 917 1037 956 opus
1070 907 1144 944 est.

970 1004 1136 1058 Lycus

1203 1074 1332 1117 Sume
1362 1075 1462 1117 hine
1494 1074 1733 1129 quidlubet.

965 1169 1014 1211 H
1019 1182 1147 1211 anno

314 1242 368 1283 Et
400 1241 505 1283 mihi
536 1242 760 1296 suppliciis
793 1242 950 1283 multis.

974 1335 1141 1389 Lycus

1005 1406 1132 1448 Sume
1162 1407 1266 1448 hinc
1297 1405 1539 1460 quidlubet.

845 1509 1259 1551 Antamoenides

315 1581 370 1622 Et
401 1581 505 1622 mihi
538 1582 711 1635 quidem
745 1582 861 1622 mina
892 1582 1071 1634 argenti.

967 1683 1138 1736 Lycus

1100 1754 1226 1796 Sume
1257 1754 1357 1795 hine
1389 1753 1627 1808 quidlubet.
1709 1765 1798 1799 1350

313 1824 433 1867 Collo
465 1840 555 1867 rem
587 1826 754 1868 soluam
785 1827 870 1868 iam
903 1826 1100 1867 omnibus
1134 1826 1256 1879 quasi
1287 1825 1468 1867 baiolus.

312 1897 551 1951 [Numquid
581 1912 755 1940 recusas
787 1903 940 1940 contra
972 1912 1037 1939 me
1067 1897 1094 1949 ’1-
1125 1898 1355 1939 aduersum
1387 1897 1572 1952 quidem.

861 2000 1238 2053 Ayorastocles

309 2071 373 2112 Ite
405 2072 536 2124 igitur
568 2072 696 2123 intro,
729 2071 941 2113 mulieres.
1005 2071 1089 2113 Sed
1121 2076 1275 2126 patrue
1306 2071 1374 2123 mi,

310 2142 458 2192 Tuam,
491 2148 539 2184 ut
571 2143 728 2194 dixisti,
761 2143 864 2184 mihi
898 2143 1116 2197 desponde
1146 2143 1290 2184 filiam.

962 2252 1146 2294 Hanno

310 2324 437 2365 Haud
470 2324 600 2366 aliter
631 2325 778 2365 ausim.

864 2403 1232 2456 Ayorastoeles

839 2474 955 2515 Bene
986 2474 1096 2515 nale.

399 2622 486 2655 1345
510 2632 658 2655 manum
744 2622 828 2655 1347
855 2620 1003 2654 debitur
1028 2619 1062 2653 B
1149 2621 1234 2654 1348
1258 2619 1422 2664 proferto
1450 2619 1480 2655 Ο
1553 2619 1642 2654 mihi
1666 2629 1731 2655 om.
1757 2618 1791 2653 A

397 2677 603 2721 quodlubet
619 2677 671 2720 A,
699 2677 846 2722 quidem
871 2676 939 2711 BC
1016 2677 1101 2711 1349
1127 2677 1312 2721 supplices
1336 2675 1385 2719 B,
1410 2676 1582 2720 supplicis
1608 2675 1638 2711 G
1705 2676 1795 2711 1350

307 2743 372 2767 om.
400 2733 434 2767 A
534 2734 722 2769 minimam
748 2733 816 2768 BG
919 2735 999 2767 1351
1031 2733 1196 2767 Colorem
1221 2732 1289 2768 BG
1378 2733 1464 2767 1353
1490 2743 1549 2768 see
1574 2731 1610 2767 B
1701 2731 1791 2768 mihi

398 2791 483 2824 1354
510 2790 599 2824 dixti
626 2791 658 2824 A
752 2789 864 2824 fillam
888 2789 923 2823 B
1018 2791 1104 2823 1355
1131 2789 1252 2824 aliiter
1275 2787 1321 2831 B,
1349 2789 1436 2823 alias
1461 2788 1496 2822 A
