1963 3243
743 236 785 272 V.
814 238 1046 273 1186-1237.
1561 243 1637 284 281

149 367 281 406 finxit:
319 366 456 414 „Satin
487 365 651 404 confidit
684 365 882 417 nequam?
913 379 1037 416 nugas
1059 366 1156 404 haut
1181 371 1241 405 est
1264 368 1475 406 meditatus
1500 367 1640 407 male“.

150 435 194 473 In
224 434 259 472 A
291 434 397 472 Low.
429 447 466 484 p.
504 435 580 472 172
612 436 835 483 suspicatur
870 431 1160 484 „sycophanta“
1204 436 1388 474 omissum
1426 437 1555 474 fuisse.
1588 457 1644 463 —

155 503 272 541 1209.
305 498 522 540 abduceret
551 505 590 540 et
613 502 647 539 A
672 505 710 540 et
734 502 797 540 BC
820 502 857 540 h.
883 502 907 541 l.
940 521 995 528 —
1032 503 1150 540 1210.
1183 504 1285 540 Ante
1316 500 1429 542 Nam
1461 504 1645 542 audiatur

154 583 302 620 „nugas
333 583 416 608 esse
448 567 636 620 apparet“
672 574 740 607 aut
771 571 895 608 simile
927 570 1033 620 quid,
1065 584 1100 609 v.
1133 570 1181 608 ad
1212 572 1321 609 Asin.
1354 572 1443 618 122,
1484 584 1553 609 nec
1585 576 1645 609 est

151 638 255 689 quod
286 650 369 676 cum
403 637 437 675 R
468 637 618 688 aliquid
651 637 840 676 excidisse
872 639 1128 688 suspicemur.
1170 659 1225 665 —
1267 641 1385 677 1212.
1419 635 1644 689 Sycophan-

152 703 254 745 tiose
271 707 334 744 ἃπ.
353 705 416 755 εἶρ.
445 725 492 731 -
528 707 632 744 1215
667 706 836 744 Ballioni
861 706 972 744 dedit
997 706 1057 744 ed.
1082 721 1166 757 pr.;
1204 709 1309 746 1216
1342 707 1488 745 Simoni
1519 707 1643 754 idem3

149 774 196 813 R.
229 773 397 812 Ballioni
429 774 686 820 continuavit,
728 773 897 812 Simonis
928 774 1048 812 verba
1078 788 1100 812 a
1136 772 1283 822 „mira“
1318 777 1498 825 proximo
1530 788 1646 813 versu

150 842 328 889 ordiens;
360 855 431 892 ego
463 844 592 880 omnia
624 842 813 880 Ballionis
844 843 931 880 feci.
968 863 1015 868 —
1042 840 1341 894 perfriyefacit
1370 845 1430 880 ἅπ.
1455 843 1529 893 εἶρ.,
1560 844 1644 882 ani-

151 923 252 949 mum
294 914 400 948 metu
441 912 554 960 quasi
595 911 741 961 frigore
787 914 1027 949 contractum
1073 910 1280 960 significat.
1327 932 1381 937 —
1431 913 1549 950 1217.
1595 907 1646 950 ab

150 978 265 1017 Both.
300 978 411 1025 add.;
451 975 497 1016 ni
526 978 706 1028 Pylades.
739 999 793 1005 —
834 976 940 1018 mira
983 979 1092 1025 sunt,
1133 993 1168 1016 v.
1203 980 1250 1018 ad
1281 980 1423 1030 Amph.
1460 981 1551 1018 279.
1594 999 1642 1005 -

38 1073 41 1078 -
83 1099 86 1102 ’
156 1048 273 1086 1218.
307 1043 463 1085 dedisti
494 1047 554 1084 ed.
574 1060 632 1098 pr.
658 1067 715 1073 —
743 1048 862 1086 1219.
895 1043 1011 1086 suris
1035 1046 1140 1086 Cam.
1167 1068 1219 1073 —
1256 1049 1373 1086 1221.
1409 1043 1647 1086 Perdidisti

151 1119 240 1154 cett.
259 1115 429 1154 Ballioni
454 1114 564 1152 dedit
582 1115 769 1164 Scaliger,
789 1135 844 1140 —
865 1117 984 1153 1222.
1017 1113 1168 1154 Actum
1185 1116 1244 1154 est
1260 1113 1309 1154 de
1324 1126 1405 1163 me;
1438 1114 1523 1154 iam
1539 1115 1643 1154 Cam.

149 1204 205 1210 —
235 1184 353 1221 1223.
388 1183 424 1221 te
454 1179 535 1221 Izan
567 1180 704 1221 sinam
734 1180 884 1222 moriri
915 1197 961 1221 ex
993 1185 1025 1222 A
1050 1184 1155 1222 Low.
1218 1184 1275 1222 De
1306 1184 1492 1222 infinitivi
1522 1185 1648 1223 forma

149 1266 186 1290 v.
218 1252 267 1290 ad
298 1253 406 1290 Asin.
445 1252 534 1290 120.
578 1271 624 1277 -
674 1253 793 1292 1225.
840 1248 1029 1300 Auferen
1068 1252 1112 1290 tu
1152 1254 1186 1289 A
1227 1257 1327 1290 teste
1368 1252 1542 1290 Studem.
1582 1266 1644 1303 ap.

150 1320 306 1358 Mffller.
340 1319 502 1358 Nachtr.
535 1333 572 1370 p.
612 1321 701 1358 101.
738 1339 785 1344 —
810 1317 1006 1369 promisi,
1038 1334 1075 1358 v.
1109 1322 1226 1359 1078.
1259 1340 1313 1346 -
1353 1322 1471 1359 1227.
1505 1317 1643 1368 dedas,

151 1388 200 1426 ad
231 1389 479 1440 supplicium.
513 1407 566 1413 —
602 1388 722 1425 1228.
753 1388 800 1426 ut
828 1397 1009 1435 caneres,
1041 1387 1225 1428 centiens
1256 1389 1316 1427 ed.
1345 1403 1403 1439 pr.
1439 1409 1487 1415 —
1526 1389 1644 1428 1229.

151 1454 305 1508 uiyinti
334 1453 480 1503 minis,
529 1457 575 1494 cf.
613 1458 704 1495 537.
780 1454 976 1504 modieis,
1029 1457 1092 1505 „id
1125 1457 1229 1507 quod
1261 1458 1454 1495 modicum
1487 1461 1567 1504 est,
1614 1458 1647 1494 si

152 1539 236 1564 cum
277 1529 346 1562 tuo
379 1525 521 1562 damno
555 1523 843 1575 comparatur“.
913 1525 1098 1575 Plerique
1140 1527 1378 1563 sententiam
1416 1539 1494 1563 non
1531 1525 1646 1563 intel-

154 1595 346 1641 lexerunt,
379 1605 518 1642 parum
550 1596 640 1642 apte
669 1591 931 1639 ⁷‚commodis“
959 1598 1028 1631 aut
1055 1591 1324 1642 „immodicis“
1352 1593 1646 1632 substituentes.

154 1681 208 1688 —
257 1662 376 1699 1231.
425 1661 569 1699 Versus
619 1674 735 1699 causa
777 1659 896 1709 „hac“
939 1661 1014 1699 del.
1058 1662 1195 1708 Both.;
1256 1660 1355 1709 „sis“
1400 1661 1549 1705 Guiet.;
1602 1660 1649 1699 R.

153 1734 350 1780 transpos.
387 1730 481 1775 „hac
523 1731 575 1767 sis
615 1742 674 1767 me
713 1727 847 1779 ergo“.
879 1749 934 1754 —
978 1730 1095 1767 1232.
1146 1726 1214 1768 SI.
1259 1726 1369 1779 Quid
1398 1725 1505 1779 eqo?
1549 1725 1647 1767 BA.

156 1794 409 1849 Pereyrinos
449 1797 565 1836 Both.
612 1817 667 1823 —-
713 1792 950 1843 absoluam,
998 1812 1033 1835 v.
1075 1798 1124 1836 ad
1163 1798 1252 1835 Aul.
1287 1799 1379 1836 509.
1428 1817 1476 1823 —
1530 1798 1648 1835 1233.

154 1868 256 1905 Ante
294 1863 439 1904 habuit
474 1866 607 1904 hiatur
648 1867 686 1903 in
728 1866 894 1903 diaeresi.
965 1866 1072 1904 Leno
1110 1879 1151 1904 se
1189 1868 1346 1904 omnino
1378 1866 1577 1916 perditum
1611 1868 1652 1903 et

155 1936 266 1985 quasi
307 1935 447 1985 capitis
487 1935 712 1972 damnatum
752 1947 835 1972 esse
874 1934 979 1972 dicit.
1049 1933 1242 1980 Quoniam
1273 1947 1367 1972 vero
1409 1947 1455 1972 ex
1486 1934 1561 1971 XII
1591 1937 1650 1971 ta-

84 2031 92 2038 .
154 2003 255 2041 bulis
288 2003 335 2041 de
367 2004 496 2053 capite
535 2003 631 2040 civis
662 2003 737 2040 nisi
769 2003 973 2040 comitiatu
1004 2004 1172 2041 maximo
1203 2001 1367 2040 iudicari
1399 2015 1475 2040 non
1506 2001 1651 2040 licebat

155 2069 250 2119 (Cic.
284 2071 378 2120 Leg.
418 2070 496 2116 ΙΙΙ,
537 2073 604 2118 19,
645 2067 730 2119 44),
779 2068 1006 2109 centuriata
1045 2067 1213 2109 comitia
1251 2071 1298 2108 de
1335 2084 1376 2108 se
1416 2070 1651 2108 Pseudolum

153 2139 336 2177 habuisse
377 2139 492 2186 dicit3
539 2139 587 2176 cf.
627 2139 677 2176 ad
716 2139 848 2176 Aulul.
882 2140 975 2176 692.
1016 2158 1068 2164 -
1111 2139 1229 2176 1234.
1278 2135 1406 2177 illunc
1443 2138 1556 2177 Both.
1596 2158 1652 2164 —

160 2208 278 2246 1235.
314 2208 358 2245 tu
389 2208 448 2245 ed.
481 2220 540 2257 pr.
574 2227 627 2232 —
660 2207 704 2244 In
736 2207 844 2244 exitu
875 2220 1012 2244 versus
1044 2208 1097 2244 A:
1148 2210 1186 2253 fi,
1219 2206 1322 2245 unde
1354 2206 1482 2244 Low:
1533 2206 1650 2254 „dum

154 2275 236 2333 hac
257 2277 322 2313 uia
352 2276 506 2314 redeam
541 2272 737 2313 domum“.
783 2294 830 2300 —
870 2285 921 2313 ne
953 2271 1210 2323 exspectetis.
1264 2274 1515 2324 Spectatores
1556 2274 1650 2312 allo-

155 2345 291 2393 quitur
321 2357 361 2382 se
391 2357 465 2381 non
497 2344 666 2394 amplius
698 2344 861 2381 visuros.
937 2343 1094 2380 Veritus
1126 2343 1267 2391 autem,
1298 2356 1344 2380 ne
1375 2344 1414 2380 in
1445 2343 1507 2380 ius
1538 2355 1650 2380 voce·
1672 2330 1681 2339 ⁹

154 2415 240 2458 tur,
287 2411 483 2449 hominum
532 2411 758 2462 adspectum
800 2424 839 2448 se
886 2411 939 2448 ait
980 2411 1114 2459 fugere
1161 2412 1340 2461 latasque
1384 2412 1468 2448 vias
1512 2411 1651 2459 vitare,

155 2477 376 2529 angiporta
419 2480 595 2518 solitaria
633 2480 754 2528 sequi.
831 2478 887 2516 Cf.
922 2480 1030 2517 Asin.
1067 2480 1144 2517 734
1177 2492 1234 2529 sq.
1272 2480 1516 2529 „Angiporto
1555 2479 1653 2517 Illac

154 2560 226 2597 per
263 2547 418 2585 hortum
459 2548 638 2585 circumit
674 2547 792 2593 clam,
839 2560 887 2585 ne
927 2549 1015 2596 quis
1047 2560 1088 2584 se
1125 2545 1319 2584 nineret“.
1401 2547 1509 2585 Pers.
1549 2548 1649 2585 445:

159 2615 259 2662 „Abi
296 2615 396 2652 istac
442 2616 593 2652 auorsis
639 2617 861 2664 angiportis
907 2615 954 2652 ad
1001 2613 1169 2652 forum“.
1259 2614 1351 2653 Voc.
1395 2612 1537 2659 „haec“
1585 2627 1651 2652 ne-

156 2685 324 2722 cessario
364 2683 570 2722 delendum
612 2687 682 2720 est.
724 2702 778 2707 —
822 2678 889 2720 Ita
918 2691 986 2720 res
1015 2682 1132 2732 qesta
1162 2682 1241 2729 est,
1290 2695 1325 2720 V.
1359 2683 1407 2720 ad
1438 2682 1523 2720 Mil.
1558 2684 1650 2721 207.

154 2769 210 2776 —
246 2752 365 2789 1237.
400 2751 558 2802 Harpax
590 2763 737 2788 moram
771 2752 854 2788 eius
886 2754 1058 2788 accusat.
1121 2750 1319 2799 quantum
1350 2750 1437 2788 add.
1472 2750 1652 2799 Pyladea.
