1963 3243
367 215 446 254 150
1043 210 1163 244 Plauti
1564 208 1632 252 ΠΙ,
1656 211 1689 253 2,
1714 210 1846 245 23--31
1917 211 1920 214 ’

934 334 1279 377 Collabiscus

365 407 448 449 Sed
478 408 541 449 ita
571 407 888 458 adsimulatote,
921 407 1047 460 quasi
1079 420 1157 459 ego
1191 407 1270 448 sim
1301 405 1566 460 peregrinus.

972 496 1240 538 Aduocati

1663 566 1847 608 Scilicet.

365 641 420 682 Et
443 641 613 695 quidem
643 641 766 693 quasi
792 645 840 681 tu
866 639 1092 681 nobiscum
1117 639 1351 681 adueniens
1378 638 1508 680 hodie
1537 639 1742 689 oraueris,
1781 650 1849 684 600

365 713 568 754 Liberum
600 717 647 753 ut
679 717 1100 753 conmonstraremus
1131 711 1211 753 tibi
1242 710 1384 752 locum
1416 714 1459 751 et
1489 710 1794 763 uoluptarium,

363 783 445 825 Ubi
477 798 594 825 ames
627 788 750 837 potes
781 797 1072 837 pergraecere.

933 872 963 914 C
976 873 1083 914 olla
1093 873 1119 914 b
1133 873 1174 914 is
1186 886 1208 913 c
1219 886 1246 912 u
1258 887 1277 914 s

1174 944 1240 985 Eu
1270 940 1660 997 edep01·m0rtales
1692 942 1846 985 malos!

911 1034 1298 1087 Agorastocles

361 1108 453 1160 Ego
486 1109 598 1149 enim
629 1108 769 1149 docui.

994 1178 1222 1232 Milphio

761 1251 865 1300 Quis
896 1254 941 1291 te
971 1250 1132 1304 porro?

929 1340 1280 1382 Collabiscus

1051 1413 1190 1466 Agite,
1223 1413 1337 1453 intro
1370 1410 1500 1462 abite,
1530 1410 1847 1464 Agorastocles,

361 1485 423 1526 Ne
454 1485 523 1526 hic
554 1499 632 1526 uos
664 1498 828 1526 mecum
861 1485 1138 1538 conspicetur
1167 1485 1277 1535 leno,
1309 1497 1392 1525 neu
1422 1482 1623 1524 fallaciae

361 1556 767 1611 Praepedimentum
798 1556 1023 1597 obiciatur.

904 1635 1297 1689 Agorastocles

1073 1707 1154 1748 Hic
1183 1706 1311 1748 homo
1344 1706 1561 1759 sapienter
1592 1705 1718 1758 sapit.
1783 1715 1850 1749 605

363 1779 510 1820 Facite
543 1779 659 1832 quod
690 1778 819 1820 iubet.
856 1802 903 1807 ——
937 1778 1167 1820 Abeamus.
1231 1777 1313 1819 Sed
1346 1791 1424 1818 uos
1453 1800 1508 1805 —

976 1870 1016 1911 A
1028 1871 1120 1911 cluo
1132 1882 1152 1910 c
1163 1883 1184 1911 α
1197 1870 1238 1910 ti

1094 1939 1097 1942 ’
1304 1939 1419 1982 Satis
1451 1939 1613 1981 dictum
1645 1942 1730 1989 est3
1763 1937 1847 1979 abi.

911 2020 1297 2073 Agorastocles

365 2093 496 2134 Abeo.

969 2165 1002 2205 A
1017 2159 1238 2205 duooat'i

557 2235 738 2286 Quaeso,
773 2236 815 2277 di
847 2236 1111 2286 inmortales,
1145 2236 1248 2289 quin
1279 2235 1403 2277 abis‘?

913 2325 1302 2380 Agorastocles

1481 2396 1614 2438 Abeo.

976 2470 1242 2511 Aduocati

1675 2538 1812 2592 Sapis.

453 2671 517 2705 601
545 2670 677 2705 librum
705 2668 734 2703 0
846 2672 1196 2703 commostraremus
1222 2667 1255 2701 A
1370 2667 1436 2701 602
1461 2675 1617 2710 peregre
1645 2665 1675 2700 0
1784 2664 1850 2699 605

365 2726 475 2761 domo
493 2726 522 2763 G
603 2727 670 2761 606
694 2726 797 2759 lubet
821 2725 1018 2759 habeamus
1045 2729 1101 2759 set
1125 2736 1190 2758 uos
1218 2724 1305 2758 satis
1327 2723 1465 2758 dictum
1485 2722 1579 2757 stabi
1656 2722 1723 2756 607
1748 2719 1850 2754 Abeo
1890 2758 1894 2761 ,

365 2794 478 2827 queso
505 2783 555 2818 dii
581 2783 765 2818 mortales.
792 2781 834 2816 Η.
861 2780 955 2824 Quin
1053 2782 1089 2814 Β.
1115 2783 1223 2826 sapis.
