1963 3243
110 229 159 273 ῙῙ,
185 233 216 273 4,
242 231 372 266 53-61
745 231 947 266 Pseudolus
1544 242 1598 277 (53

702 356 1003 399 Pseudolus

108 426 331 481 Eugepae3
363 427 519 482 lepide,
552 426 752 479 Charine,
783 442 878 471 meo
912 443 978 470 me
1011 429 1113 471 ludo
1147 431 1373 473 lamberas.

110 498 191 541 Sed
226 499 331 554 quid
360 514 513 542 nomen
547 513 641 543 esse
674 500 815 542 dicam
848 514 924 553 ego
957 502 1025 543 isti
1060 502 1216 543 seruo?

717 593 987 637 Charinus

1420 668 1593 713 Simiae.

700 738 997 780 Pseudolus

107 808 249 851 Scitne
280 810 321 850 in
354 824 399 851 re
431 809 622 851 aduorsa
652 811 848 852 uorsari?

714 903 984 947 Charinus

912 976 1056 1018 Turbo
1089 991 1172 1019 non
1205 991 1342 1033 aeque
1374 980 1516 1022 oitust.

699 1071 729 1112 P
743 1085 761 1112 s
774 1085 794 1112 e
806 1085 831 1112 u
844 1071 869 1112 d
881 1085 903 1113 o
915 1071 929 1112 l
940 1085 966 1112 u
979 1086 997 1112 s

103 1140 267 1195 Ecquid
300 1143 529 1195 argutust?

713 1229 743 1272 C
756 1231 782 1271 h
796 1231 910 1271 arin
921 1245 948 1271 u
960 1244 978 1271 s

579 1302 791 1344 Malorum
823 1302 1064 1344 facinorum
1098 1305 1378 1357 saepissume.
1528 1318 1596 1351 750

703 1396 997 1438 Pseudolus

103 1468 213 1520 Quid
247 1482 375 1522 quom
408 1468 650 1512 manufesto
684 1468 882 1512 tenetur?

714 1571 782 1613 Ch
795 1573 947 1614 arinu
962 1587 980 1613 s

946 1645 1148 1698 Anguilla
1181 1650 1271 1697 est3
1302 1645 1499 1688 elabitur.

698 1738 998 1781 Pseudolus

101 1808 269 1864 Ecquid
302 1811 336 1852 is
368 1809 495 1852 homo
529 1811 713 1853 scitust?

713 1901 981 1945 Charinus

768 1974 890 2017 Plebi
921 1976 1078 2016 scitum
1111 1989 1193 2017 non
1228 1980 1294 2017 est
1325 1976 1491 2019 scitius.

697 2069 992 2111 Pseudolus

100 2137 266 2182 Probus
298 2140 426 2182 homo
459 2147 536 2192 est,
569 2146 616 2182 ut
647 2141 904 2195 praedicare
937 2148 979 2183 te
1012 2141 1153 2184 audio.

710 2234 978 2278 Charinus

1158 2309 1294 2350 Immo
1326 2309 1360 2350 si
1392 2309 1504 2351 scias
1539 2333 1590 2338 —

104 2376 183 2420 Ubi
215 2383 258 2420 te
291 2379 552 2433 adspexerit,
585 2379 782 2422 narrabit
815 2380 930 2422 ultro
963 2381 1065 2435 quid
1099 2395 1193 2423 sese
1214 2380 1349 2423 ¹uelis.

102 2448 183 2491 Sed
215 2451 318 2504 quid
351 2465 400 2493 eo
434 2465 477 2493 es
508 2451 731 2493 facturus?

143 2607 147 2610 ·
186 2598 253 2631 747
277 2609 335 2632 me
360 2608 443 2632 meo
468 2597 534 2632 BC
659 2599 725 2632 748
751 2599 810 2642 qui
943 2598 1012 2633 CA.
1130 2600 1196 2633 749
1223 2598 1295 2633 CA.
1413 2599 1508 2634 citus
1535 2602 1591 2634 est

99 2699 164 2732 750
188 2704 340 2743 argutus
367 2699 447 2735 est?
475 2699 535 2735 CA
671 2702 733 2734 751
767 2700 836 2734 CA.
865 2667 1017 2745 angiilas
1044 2704 1080 2734 te
1105 2701 1244 2735 labitur
1270 2700 1305 2736 B
1439 2702 1504 2736 752
1531 2705 1590 2737 est

99 2755 210 2790 scitus
237 2756 266 2792 C
365 2756 436 2791 CA.
537 2757 630 2791 citus
730 2758 794 2791 753
820 2756 890 2791 CA.
991 2758 1042 2793 sci
1069 2758 1161 2792 scias
1186 2757 1221 2791 B
1313 2759 1380 2792 754
1404 2759 1593 2803 aspexeris

189 2823 267 2847 esse
361 2815 427 2847 755
453 2813 616 2858 quideles
643 2818 792 2848 acturus
818 2812 863 2852 Β,
892 2814 973 2858 quis
999 2825 1036 2848 es
1063 2818 1213 2848 acturus
1241 2813 1270 2849 C
