1963 3243
295 196 375 235 286
933 192 1145 228 Pseudolus.

294 323 462 358 creticus
493 334 578 358 cum
610 320 776 358 dimetro
807 320 972 358 iambico
1004 321 1241 359 catalectico.
1313 322 1531 359 1336—37
1562 323 1781 360 tetrametri

294 390 501 426 bacchiaci.

411 457 529 495 1288.
575 465 639 493 me
669 455 757 494 edd.
797 476 852 480 —
895 457 1013 493 1289.
1057 454 1163 503 „tu“,
1203 469 1250 494 ex
1286 457 1466 506 proxima
1500 457 1650 505 syllaba
1680 458 1782 495 male

294 526 464 574 repetita
494 529 636 570 ortum,
670 537 744 562 om.
769 525 815 561 A.
859 542 908 548 -
953 524 1072 561 1290.
1110 533 1204 561 cum
1233 533 1401 570 corona,
1440 528 1483 561 ut
1514 537 1561 561 ex
1591 525 1779 572 convivio,

294 593 340 630 cf.
379 593 496 630 1265.
553 591 693 642 Amph.
727 593 820 629 992.
856 610 905 616 —-
950 592 1069 629 1291.
1107 586 1274 639 Libere,
1313 591 1428 629 liberi
1464 592 1631 629 hominis
1661 605 1780 630 more.

296 680 337 686 —
377 657 476 699 uide
505 659 669 705 Statum,
701 672 816 708 quam
848 659 1099 710 impudenter
1129 659 1269 697 adstet.
1298 679 1346 685 —
1378 661 1496 697 1292.
1521 656 1785 709 pertimescit

294 729 339 775 D,
374 729 432 765 ed.
466 740 525 778 pr.
558 747 605 752 —
643 728 763 765 1293.
794 724 988 773 saeuiter,
1021 742 1055 765 v.
1090 727 1139 765 ad
1160 727 1279 765 Poen.
1308 728 1401 766 332.
1429 747 1477 752 -
1516 729 1634 766 1294.
1668 727 1725 764 De
1748 728 1782 765 A

293 797 354 833 hic
386 802 425 833 et
454 797 494 832 in
525 797 779 844 sequentibus
810 809 845 832 v.
879 795 995 832 Lowe
1025 795 1139 832 Anal.
1172 807 1211 844 p.
1248 785 1338 833 173.
1371 814 1424 820 —
1461 796 1588 843 1295.
1620 792 1667 832 in
1696 791 1779 843 hoc,

294 866 333 902 in
371 863 590 910 Pseudolo;
637 876 728 900 nam
765 867 810 900 ut
846 876 917 912 pro
960 861 1120 906 „huius“
1162 867 1350 912 ponatur,
1396 863 1483 900 fieri
1527 864 1591 901 vix
1636 868 1780 913 potest.

294 933 407 979 Quod
445 932 797 970 demonstrativum
836 944 912 968 non
951 931 1146 975 variatur,
1185 945 1220 968 v.
1255 930 1304 967 ad
1334 931 1455 968 Merc.
1489 932 1553 968 31.
1591 951 1645 956 —
1684 941 1783 981 spes

295 1002 446 1048 argenti
488 1005 555 1037 aut
594 1000 716 1037 omnis
758 1004 826 1036 aut
864 999 1036 1048 aliquam
1074 1002 1225 1047 partem
1264 999 1463 1045 servandi,
1512 999 1559 1037 cf.
1595 1001 1700 1038 1324
1743 1005 1783 1038 et

299 1070 416 1106 1325.
450 1088 503 1092 —
539 1069 658 1105 1296.
692 1067 787 1104 Post
814 1063 910 1104 uiro
944 1067 1086 1112 hiatur,
1120 1081 1154 1103 v.
1188 1065 1291 1103 Prol.
1323 1079 1360 1116 p.
1396 1067 1488 1105 220.
1549 1068 1583 1104 A
1612 1068 1653 1104 in
1685 1067 1781 1106 duos

294 1150 429 1174 versus
461 1136 613 1173 dividit.
645 1154 699 1160 —
733 1130 856 1183 me',
896 1137 1076 1172 ructatur
1106 1134 1341 1181 Pseudolus,
1382 1135 1427 1172 cf.
1460 1134 1578 1172 Most.
1614 1136 1663 1173 37
1697 1148 1782 1174 cum

295 1219 382 1242 ann.
421 1224 470 1230 —
508 1200 533 1241 1
561 1203 649 1240 add.
683 1203 742 1240 ed.
774 1216 848 1253 pr.,
881 1217 916 1240 v.
950 1202 998 1239 ad
1033 1203 1125 1240 336.
1170 1221 1223 1227 —
1268 1203 1374 1240 1298
1406 1216 1454 1239 ex
1482 1203 1536 1251 A,
1574 1203 1649 1241 nisi
1679 1203 1784 1252 quod

294 1274 427 1310 L6wio
459 1272 668 1310 videbatur
697 1271 862 1308 fortasse
897 1267 1125 1316 „adflicter“
1160 1270 1240 1318 legi
1271 1283 1398 1320 posse,
1442 1273 1486 1308 ut
1516 1271 1647 1308 Herm.
1681 1273 1781 1310 coni.

294 1342 377 1378 loco
409 1353 487 1377 non
517 1339 731 1377 intellecto.
793 1338 995 1388 Significat
1025 1340 1127 1375 enim
1164 1337 1267 1385 „Cur
1295 1335 1502 1388 pulsor?“,
1549 1353 1584 1376 v.
1618 1339 1668 1376 ad
1692 1339 1781 1376 Aul.

297 1411 388 1448 624.
421 1429 475 1433 —
519 1408 637 1445 1299.
679 1403 742 1444 sis
774 1406 863 1444 tene
891 1416 954 1442 me
985 1408 1100 1443 etiam
1133 1407 1179 1443 A.
1217 1426 1272 1430 —
1315 1407 1433 1444 1301.
1474 1403 1701 1454 interdius,
1748 1421 1782 1445 v.

295 1477 343 1514 ad
375 1476 482 1513 Asin.
518 1476 609 1512 591.
645 1494 693 1500 —
732 1475 836 1512 1303
869 1488 926 1523 sq.
960 1474 1096 1511 laudat
1126 1473 1277 1512 Nonius
1307 1488 1345 1524 p.
1375 1476 1452 1513 164
1485 1479 1670 1525 corrupte
1705 1477 1783 1523 „sic

294 1547 396 1582 sines
418 1541 564 1588 imon“,
590 1543 694 1580 unde
718 1542 934 1580 Gulielmus
965 1543 1001 1588 „i
1025 1541 1181 1587 m0d0“‚
1215 1543 1319 1591 quod
1344 1543 1520 1591 quamvis
1544 1544 1661 1580 etiam
1684 1545 1725 1581 in
1750 1544 1783 1581 A

292 1617 431 1658 exstet,
462 1616 592 1649 tamen
625 1625 710 1648 cum
742 1610 953 1660 Spengelio
979 1609 1309 1647 Reformvorschl.
1341 1623 1378 1659 p.
1400 1611 1448 1647 91
1483 1610 1784 1660 improbandum
1814 1636 1818 1641 -
1893 1639 1896 1643 -

293 1695 440 1719 censeo.
501 1676 602 1724 Sine,
636 1693 670 1716 v.
697 1679 745 1716 ad
770 1679 910 1716 Bacch.
933 1680 999 1716 97.
1026 1697 1082 1704 -
1112 1679 1230 1716 1305.
1254 1674 1371 1726 potis
1401 1687 1486 1716 esse
1509 1679 1555 1716 A.
1584 1697 1632 1704 —-
1665 1680 1782 1717 1306.

296 1744 512 1786 Massicus
542 1757 661 1784 mons
685 1746 905 1795 Campaniae
932 1759 979 1783 ex
1003 1746 1168 1784 Horatio
1199 1750 1326 1783 notus.
1351 1766 1408 1770 —
1436 1747 1552 1784 1307.
1587 1742 1782 1792 Fructus,

293 1829 442 1854 annuos
474 1816 636 1858 reditus,
671 1815 895 1860 vindemias,
938 1815 984 1852 cf.
1010 1815 1097 1852 Ter.
1126 1814 1285 1851 Phorm.
1308 1815 1427 1852 1013.
1481 1814 1557 1852 Cic.
1590 1815 1615 1852 l.
1648 1814 1781 1852 Manil.

296 1886 330 1930 6,
371 1886 431 1922 15.
473 1903 526 1908 —
569 1878 767 1929 Hiberna,
815 1895 900 1932 quae
940 1883 1097 1921 brevior
1128 1886 1187 1919 est
1225 1895 1341 1932 quam
1364 1879 1519 1920 'aestiva.
1560 1903 1615 1908 -—
1663 1883 1781 1921 1308.

294 1952 401 1989 Duas
433 1964 568 1989 versus
600 1955 732 2000 partes
762 1952 1009 2000 transposuit
1040 1950 1149 1988 Acid.
1181 1970 1235 1975 —
1270 1951 1388 1988 1309.
1422 1950 1612 1988 onustam
1637 1951 1696 1988 ed.
1724 1963 1781 2000 pr.

297 2020 455 2066 Quaerit,
499 2032 547 2056 ex
579 2032 655 2068 qua
687 2020 977 2069 compotatione
1009 2019 1141 2055 ebrius
1171 2018 1346 2061 incedat,
1387 2019 1452 2056 ubi
1491 2031 1531 2055 se
1562 2019 1784 2068 impleverit

295 2088 407 2136 quasi
439 2100 590 2133 navem,
634 2100 724 2124 nam
756 2083 869 2125 celox
900 2088 1088 2124 naviculae
1119 2100 1241 2136 genus
1273 2092 1351 2130 est,
1395 2100 1428 2123 v.
1462 2086 1511 2123 ad
1542 2087 1648 2124 Asin.
1683 2087 1781 2132 2563

295 2155 341 2192 cf.
375 2155 468 2192 Cist.
507 2156 603 2192 122:
647 2155 738 2201 „ubi
770 2156 1000 2193 saburratae
1032 2152 1203 2192 sumus“.
1239 2173 1286 2180 -
1334 2155 1450 2192 1310.
1481 2151 1707 2203 perpotaui
1736 2155 1780 2190 A.
1853 2154 1856 2158 ’

293 2242 349 2248 —
392 2224 509 2261 1313.
557 2219 758 2269 Derides,
799 2222 905 2272 quod
946 2223 993 2259 ab
1024 2223 1057 2259 A
1089 2222 1220 2270 abest,
1252 2224 1420 2261 libenter
1457 2223 1689 2260 omitterem.
1730 2241 1783 2247 —

296 2291 372 2328 Pro
403 2287 501 2329 llaec
531 2291 763 2328 emendatur
799 2288 941 2338 „hoc“;
988 2303 1058 2327 nec
1097 2290 1194 2327 illud
1234 2291 1327 2328 ferri
1359 2295 1509 2340 potest3
1556 2290 1622 2327 sed
1652 2303 1700 2328 ne
1729 2291 1783 2327 sic

296 2359 454 2408 quidem
486 2359 592 2396 locus
623 2372 740 2397 sanus
765 2358 932 2396 videtur.
957 2378 1012 2383 —
1042 2359 1160 2396 1316.
1193 2355 1268 2396 Ius
1289 2357 1411 2407 petis,
1447 2359 1487 2396 id
1510 2358 1615 2408 quod
1639 2359 1783 2395 iustum

296 2430 374 2473 est,
418 2440 452 2464 v.
487 2426 535 2463 ad
566 2425 681 2477 Epid.
717 2427 781 2464 26.
823 2446 878 2451 -
922 2427 1040 2464 1317.
1081 2423 1141 2464 At
1179 2423 1377 2476 neyaba35
1423 2426 1490 2463 ubi
1529 2426 1600 2463 hoc
1638 2425 1784 2463 factum

297 2494 384 2531 est‘?
439 2494 483 2531 In
515 2494 586 2531 hac
617 2495 774 2544 quidem
807 2494 940 2531 fabula
970 2507 1192 2543 numquam.
1256 2494 1398 2532 Versus
1428 2495 1584 2544 spurius
1614 2493 1782 2530 videtur.

296 2562 341 2599 R.
376 2567 464 2611 post
496 2575 581 2599 eum
613 2565 744 2612 posuit
775 2576 834 2599 vv.
866 2563 1097 2600 1324—-26.
1130 2575 1207 2611 quo
1240 2562 1336 2600 nihil
1369 2564 1557 2598 iuvamur.
1583 2580 1636 2586 --
1666 2559 1781 2597 1318.

296 2626 402 2667 hune
432 2626 638 2667 hominem
669 2631 692 2667 i.
726 2644 759 2668 e.
797 2627 923 2677 „1ne“,
955 2643 990 2666 v.
1023 2630 1070 2666 ad
1103 2629 1214 2679 Capt.
1248 2631 1339 2668 334.
1401 2628 1592 2666 crumena
1622 2641 1662 2665 se
1694 2640 1783 2665 one-

297 2699 377 2734 rari
418 2699 519 2744 vult3
568 2684 655 2735 nam
697 2698 843 2735 erravit
883 2697 927 2734 R.
960 2698 998 2733 in
1038 2698 1227 2746 proximis
1265 2693 1338 2735 hac
1376 2710 1460 2733 cum
1494 2691 1779 2745 „consequere“

296 2766 480 2812 iungens3
513 2766 560 2802 cf.
587 2766 635 2802 ad
659 2767 764 2802 Asin.
791 2766 883 2802 650.
947 2764 989 2801 R.
1021 2765 1146 2811 „hunc
1178 2764 1400 2801 humerum⁴‘
1438 2764 1594 2812 scripsit
1624 2763 1780 2808 tacitus,
