1963 3243
349 181 400 220 76
1012 177 1130 212 manti
1512 178 1582 221 111,
1606 180 1638 219 3,
1662 179 1797 214 57—69

350 301 613 344 Conueniam
641 307 772 356 atque
796 302 859 344 illi
885 302 1000 343 hunc
1023 302 1196 344 anulum
1224 303 1347 353 dabo,
1380 310 1510 356 atque
1536 304 1796 357 praedicabo
1833 302 1845 306 ”

350 375 384 414 Α
417 379 491 415 tua
522 387 655 414 uxore
688 374 789 415 mihi
823 374 970 415 datum
1004 388 1095 416 esse
1128 388 1308 428 eamque
1340 375 1460 415 illum
1493 375 1701 429 deperire.
1731 387 1799 427 930

349 445 471 486 Hanc
503 446 557 486 ad
590 459 678 492 nos,
720 460 849 500 quom
880 446 1096 499 extemplo
1128 460 1153 487 a
1184 445 1276 487 foro
1310 448 1543 489 ueniemus.
1583 448 1795 499 mittitote,

351 516 483 566 Quasi
514 517 755 559 clanculum
787 517 842 559 ad
872 531 936 558 me
966 519 1097 559 missa
1127 518 1194 559 sit.

838 653 1312 708 Periplecomenus
1519 709 1530 720 .

1233 725 1480 778 Faciemus3
1511 727 1599 768 alia
1629 740 1744 768 cura,

920 839 1232 880 Palaestrio

353 911 440 953 Uos
472 912 598 952 modo
639 917 808 961 curate3
855 925 932 964 ego
978 910 1098 951 illum
1145 910 1278 964 probe
1323 911 1406 951 iam
1455 916 1681 952 oneratum
1718 912 1802 953 huc

1463 983 1694 1026 arcessibo.

840 1062 1315 1113 Periplecomenus
1527 1107 1532 1110 ὲ

354 1135 468 1177 Bene
515 1135 707 1185 ambula,
754 1135 863 1176 bene
908 1149 998 1176 rem
1044 1149 1155 1188 gere.
1224 1136 1279 1176 At
1318 1149 1396 1188 ego
1435 1135 1515 1176 hoc
1547 1136 1583 1176 si
1614 1134 1800 1177 ecficiam

1563 1207 1674 1255 lane,

353 1278 411 1320 Ut
443 1278 730 1319 concubinam
762 1279 910 1320 militis
942 1292 1061 1319 meus
1092 1278 1251 1332 hospes
1285 1279 1445 1320 habeat
1475 1223 1603 1320 hodie
1739 1290 1805 1324 935

355 1351 494 1403 Atque
526 1350 625 1390 hinc
649 1350 837 1391 Athenas
867 1351 1047 1401 auehat3
1078 1351 1116 1390 sa·
1139 1349 1267 1392 hodie
1292 1350 1405 1392 hunc
1429 1351 1573 1392 dolum
1597 1351 1805 1401 dolamus,

355 1423 465 1473 Quid
496 1423 574 1464 tibi
607 1437 683 1475 ego
717 1424 883 1464 mittam
917 1422 1122 1464 muneris!

865 1536 1296 1578 Acroteleutium

1089 1609 1227 1651 Datne
1259 1623 1386 1663 eapse
1419 1608 1572 1649 mulier
1602 1609 1805 1662 operam?

844 1723 1318 1776 Periplecomenus

356 1796 651 1850 Lepidissume
684 1801 727 1837 et
759 1796 1078 1849 compsissume.

868 1909 1296 1951 Acroteleutium

1110 1980 1286 2023 Confido
1318 1981 1603 2023 confuturum.

356 2054 440 2103 Ubi
471 2054 586 2095 facta
617 2055 699 2096 erit
731 2055 919 2096 conlatio
952 2059 1196 2095 nostrarum
1228 2054 1508 2103 malitiarum,

355 2127 482 2168 Haud
513 2141 667 2168 uereor
698 2140 750 2167 ne
781 2141 858 2167 nos
891 2126 1076 2167 subdola
1108 2125 1290 2180 perfidia
1322 2127 1640 2180 peruincamur.
1742 2138 1809 2171 940

844 2239 1313 2293 Periplecomenus

357 2314 570 2356 Abeamus
603 2328 703 2366 ergo
736 2314 863 2363 intro,
895 2312 1002 2353 haec
1034 2313 1097 2354 uti
1128 2313 1386 2354 meditemur
1417 2314 1616 2366 cogitate,

447 2457 513 2490 929
537 2455 607 2489 hoc
633 2453 668 2488 B
770 2458 916 2496 atquem
1017 2453 1084 2486 930
1109 2454 1222 2486 Attua
1316 2458 1411 2487 esset
1504 2464 1582 2486 eam
1609 2464 1717 2497 quam

356 2516 419 2548 931
448 2513 523 2546 Hec
550 2512 595 2546 ad
621 2510 667 2553 B,
696 2510 805 2544 Haoit
830 2509 859 2544 C
958 2521 1067 2554 quam
1169 2511 1308 2544 mittito
1403 2511 1469 2544 932
1495 2509 1668 2544 danclum
1693 2509 1723 2544 C

358 2571 517 2605 admissa
598 2570 663 2603 933
691 2572 867 2602 oneratur
891 2566 989 2601 hunc
1073 2568 1179 2601 aeibo
1204 2567 1247 2610 B,
1275 2567 1404 2601 aeiebo
1431 2566 1460 2601 C
1537 2569 1603 2602 934
1628 2571 1806 2611 geratego

450 2639 493 2661 ne
529 2626 600 2661 hoc
636 2624 688 2665 B,
733 2636 799 2659 nec
843 2624 913 2658 hoe
954 2623 981 2658 Ο
1081 2626 1146 2658 935
1190 2625 1397 2659 concubina
1500 2625 1627 2659 militis
1670 2635 1734 2659 om.
1773 2623 1809 2658 B

449 2684 575 2727 hospis
679 2683 745 2716 936
770 2682 906 2716 habeat
929 2681 1040 2716 hodie
1144 2683 1210 2716 937
1236 2683 1326 2715 mita
1353 2680 1381 2716 C
1483 2682 1527 2715 ab
1553 2693 1591 2715 se
1616 2681 1746 2715 mulier
1771 2680 1808 2722 G,

359 2741 573 2775 absimulier
599 2739 634 2774 Β
717 2741 783 2774 938
807 2738 938 2783 Lepidi
967 2750 1046 2772 sum
1072 2745 1110 2774 et
1188 2739 1346 2774 comissa
1370 2737 1416 2780 B,
1443 2739 1664 2772 comisumet
1688 2737 1718 2772 0

358 2797 608 2832 cumfuturum
701 2798 767 2831 939
791 2795 1003 2830 militiarum
1097 2798 1164 2830 940
1190 2799 1264 2830 Aut
1356 2796 1419 2828 941
1448 2795 1632 2830 Habemus
