1963 3243
294 213 297 216 ’
322 210 398 249 138
988 203 1108 237 manti
1546 201 1576 247 1,
1602 205 1634 244 3,
1662 178 1788 237 12-L21

871 327 1241 381 Ayorastocles

317 401 376 443 Mi
407 400 691 454 Milphidisce,
723 413 819 440 mea
849 399 1143 450 commoditas,
1175 412 1270 440 mea
1301 398 1429 447 salus,

317 473 415 523 Fac,
448 471 564 527 quod
594 471 811 513 facturum
841 474 883 511 te
914 470 1154 525 promisisti
1185 469 1301 519 mihiJ
1727 483 1794 516 420

317 544 376 585 Ut
408 557 485 596 ego
517 543 630 584 hunc
659 542 857 584 lenonem
887 541 1076 595 perdam.

942 643 1168 694 Milphio

1126 713 1333 756 Perfacile
1364 714 1407 755 id
1440 714 1612 768 quidem
1644 719 1721 756 est.

317 788 350 837 Ι,
383 787 548 829 adduce
579 787 704 828 testis
736 791 898 837 tecum3
931 799 1008 838 ego
1039 787 1155 826 intus
1186 785 1358 826 interim

317 859 409 900 Iam
440 863 483 900 et
514 858 779 900 ornamentis
810 858 915 899 meis
948 861 990 898 et
1022 856 1315 911 sycophantiis

317 930 454 972 Tuum
487 930 702 971 exornabo
736 929 934 979 uilicum3
965 941 1152 982 propera
1180 932 1312 982 atque
1343 927 1426 970 abi.

872 1029 1244 1083 Ayorastocles

322 1104 468 1157 Fugio.

941 1173 1169 1224 Milphio

549 1245 692 1287 Meum
721 1245 838 1286 istuc
868 1245 1003 1296 magis
1035 1243 1225 1285 officium
1257 1257 1385 1298 quam
1416 1250 1549 1285 tuum.
1731 1255 1797 1288 425

871 1346 1246 1399 Ayorastocles

321 1419 424 1473 Ego,
457 1432 535 1472 ego
566 1432 633 1469 ne,
667 1419 703 1459 si
734 1419 847 1459 istuc
878 1418 1016 1472 lepide
1048 1418 1218 1468 ecfexis,

942 1519 1173 1572 Milphio

1278 1591 1297 1632 I
1329 1590 1466 1632 modo.

865 1673 1250 1727 Ayorastocles

321 1748 377 1790 Ut
407 1762 492 1789 non
524 1761 601 1801 ego
633 1750 677 1788 te
709 1746 838 1788 hodie

942 1835 1166 1887 Milphio

886 1907 968 1949 Abi
1000 1907 1138 1949 modo.

873 2009 1246 2063 Ayorastocles

1204 2079 1411 2121 Emittam
1442 2093 1582 2127 manu,

943 2159 1176 2211 Milphio

323 2232 342 2273 Ι
371 2233 510 2274 modo.

869 2301 1246 2355 Ayorastocles

578 2375 673 2416 Non
706 2374 849 2416 hercle
880 2387 1048 2415 merear
1079 2396 1132 2402 —
1164 2373 1220 2415 oh
1251 2397 1305 2402 —

946 2475 1019 2516 Mi
1029 2475 1078 2527 lp
1091 2475 1141 2516 hi
1154 2488 1175 2516 o

1362 2545 1470 2595 Uah,
1503 2545 1572 2587 abi
1605 2545 1743 2587 modo.

410 2661 477 2694 420
501 2663 538 2693 te
564 2671 641 2694 esse
667 2659 733 2694 ΒΟ
843 2659 1009 2703 promisti
1038 2658 1067 2694 C
1177 2660 1244 2692 422
1268 2657 1288 2692 Ι
1313 2669 1379 2693 om.
1406 2658 1435 2693 Ο
1547 2661 1670 2692 tecum
1693 2656 1750 2692 bis
1775 2656 1806 2692 Ο

321 2717 386 2750 423
411 2726 476 2750 om.
503 2716 536 2750 A
618 2718 685 2750 424
711 2715 856 2749 uilicom
944 2717 1009 2750 425
1034 2715 1156 2749 Meum
1182 2719 1239 2750 est
1263 2715 1358 2748 istuc
1441 2715 1506 2748 426
1529 2714 1658 2756 Egone
1685 2724 1802 2758 egone

406 2776 444 2805 et
467 2771 559 2806 sexis
651 2774 716 2806 428
741 2783 902 2806 meream
928 2771 995 2806 ΒΟ
