1963 3243
718 193 758 226 v,
785 193 976 228 658—693.
1501 199 1583 236 265

122 333 221 362 omos
250 322 371 372 Lips.,
404 321 628 359 cf.Trucul.
655 323 754 358 465:
808 322 991 362 ..Mulieri
1024 324 1144 359 nimio
1176 324 1275 359 male
1308 324 1434 360 facere
1461 326 1583 361 leuius

122 404 219 430 onus
249 394 309 428 est
339 403 456 440 quam
498 387 635 426 bene“.
698 389 743 426 R.
778 403 863 426 cum
897 390 1051 440 Toupio
1096 391 1243 439 ..opus“
1281 393 1475 428 sententia
1509 392 1584 428 alio

124 460 291 497 detorta.
333 478 386 484 —
426 459 520 495 684.
564 459 631 495 tete
670 458 715 504 A,
764 463 805 494 ut
851 458 1123 495 Studemuudo
1169 459 1389 508 videbatur.
1435 459 1580 505 „onus“

125 539 196 577 ego
235 528 366 577 priore
405 526 464 562 ed.
499 545 553 550 —
587 526 680 562 685.
723 526 837 563 Hunc
869 540 1037 571 versum,
1072 540 1119 563 ne
1153 527 1462 577 Periplecomeni
1493 541 1582 564 ora-

124 596 268 634 tionem
302 596 623 643 interrumperet,
657 592 701 630 R.
735 599 825 642 post
860 595 937 631 703
971 597 1114 643 posuit,
1149 595 1239 633 Lor.
1274 601 1366 646 post
1391 596 1483 641 701,
1516 596 1582 633 sed

125 664 253 701 neutri
294 664 378 700 loco
416 663 510 699 satis
550 663 745 698 convenit.
810 662 882 699 Hic
922 676 1077 712 quoque
1109 665 1141 700 si
1174 665 1340 703 abesset.
1376 677 1450 700 non
1483 664 1583 701 desi-

125 732 322 774 derarem,
361 731 547 779 quoniam
589 729 711 771 adest,
753 729 866 767 facile
905 731 997 771 fero.
1038 745 1124 768 nam
1158 733 1205 768 ad
1238 734 1339 770 servi
1372 733 1492 769 verba
1524 746 1584 769 re·

123 799 316 851 spondere
341 811 470 836 senem
497 812 574 836 non
607 803 665 835 est
699 812 868 836 necesse.
902 819 954 824 —
989 801 1080 837 686.
1115 800 1157 837 In
1189 802 1222 838 A
1255 801 1430 838 Studem.
1464 801 1582 848 legit:

128 880 271 915 „suane
303 866 501 911 ductust“‚
534 867 716 904 Loewius
747 867 888 912 „ludus
913 867 1094 913 durust“‚
1115 882 1280 917 quorum
1300 869 1396 906 illud
1416 869 1583 906 Goetzio

124 936 264 975 librum
296 936 520 984 inspicienti
551 935 675 972 multo
707 935 955 985 probabilius
994 937 1117 973 visum
1158 942 1229 975 est.
1292 937 1475 974 Proxima
1515 950 1582 974 au-

124 1009 200 1043 tem
237 1005 292 1049 „si
323 1002 399 1041 sit“
435 1004 585 1040 incerta
618 1016 702 1040 esse
735 1003 843 1041 dicit.
907 1003 1101 1042 Gruterus
1133 1006 1214 1043 ed.:
1263 1007 1317 1051 „si
1346 1019 1389 1042 ea
1415 1005 1585 1042 deducta

126 1078 184 1111 est
222 1070 440 1121 cuipiam“;
481 1072 546 1109 R.:
593 1074 648 1117 „si
689 1086 730 1108 ea
772 1072 860 1110 duci
899 1076 1006 1122 potis
1046 1076 1151 1121 est‘¹;
1193 1088 1279 1112 uos:
1312 1076 1346 1112 si
1375 1086 1419 1111 ea
1449 1074 1588 1112 deduci

116 1142 221 1190 potis
256 1142 316 1179 sit.
352 1160 403 1164 —
436 1141 528 1178 687.
561 1151 604 1177 ea
635 1142 762 1188 possit
799 1142 970 1179 inuenire·
998 1143 1044 1178 A.
1080 1162 1130 1166 —
1165 1144 1258 1181 688.
1295 1143 1438 1180 Versus
1470 1156 1586 1180 causa

124 1209 256 1247 Muell.
294 1207 436 1255 „mihi“
473 1209 649 1254 delebat,
682 1209 748 1245 sed
775 1214 884 1246 extat
910 1212 1024 1247 etiam
1053 1211 1090 1247 in
1118 1212 1170 1257 A;
1195 1210 1329 1248 Goetz.
1353 1212 1473 1252 „tibi”
1494 1210 1584 1254 del„

124 1278 228 1328 quod
260 1279 298 1314 in
321 1279 354 1315 A
379 1278 562 1315 Loewius
595 1278 723 1327 legere
749 1292 826 1315 non
843 1280 995 1328 potuit;
1026 1280 1091 1316 sed
1111 1279 1182 1316 hoo
1201 1294 1270 1317 neo
1295 1282 1490 1317 sententia
1516 1293 1585 1316 nec

124 1349 275 1385 numeri
313 1346 599 1383 commendant.
671 1346 757 1394 Ego
802 1346 894 1392 „ut“
939 1349 1164 1396 scripserim
1206 1361 1278 1397 pro
1321 1348 1490 1394 ‚‚unde··.
1531 1367 1585 1373 —

126 1415 217 1452 689.
250 1415 454 1453 Malacum
486 1421 524 1452 et
555 1414 732 1453 hibernae
762 1416 807 1452 A.
834 1435 887 1440 —
914 1417 1006 1453 691.
1034 1416 1177 1455 Uerum
1195 1417 1344 1456 durius.
1364 1417 1585 1465 praesertim

124 1489 214 1533 post
251 1484 507 1533 parenthesin
551 1483 646 1529 „hoc
780 1484 960 1529 audias*·,
1002 1486 1171 1522 refertur
1211 1486 1258 1522 ad
1292 1499 1326 1522 v.
1363 1485 1462 1522 688:
1497 1497 1584 1534 quae

125 1552 218 1590 mihi
255 1565 464 1601 numquam
505 1552 578 1590 hoc
616 1551 722 1589 dicat
756 1581 792 1589 ..
815 1564 1002 1590 ,suerum
1047 1566 1145 1602 quae,
1187 1555 1297 1603 prius
1337 1567 1450 1603 quam
1491 1554 1586 1600 galli

125 1627 295 1661 cantent,
336 1634 394 1657 me
435 1623 610 1658 suscitet.
672 1621 730 1658 De
762 1621 899 1659 ordine
932 1622 1154 1662 verborum,
1197 1623 1300 1671 quod
1341 1623 1457 1671 plura
1496 1626 1587 1658 ante

124 1702 336 1740 pronomen
369 1691 578 1727 relativum
610 1696 827 1739 ponuntur,
861 1690 907 1726 cf.
945 1691 1038 1727 695.
1072 1691 1119 1726 ad
1139 1691 1248 1727 Asin.
1285 1692 1364 1728 230
1399 1696 1437 1727 et
1465 1691 1583 1727 Mero.

126 1759 189 1796 36.
220 1778 275 1783 —
306 1770 324 1795 e
355 1763 483 1796 exstat
516 1760 553 1795 in
586 1759 640 1799 A:
673 1759 848 1807 alioquin
881 1759 1016 1796 abesse
1048 1763 1218 1807 poterat,
1260 1760 1306 1795 cf.
1341 1759 1425 1796 Cat.
1460 1758 1504 1796 R.
1538 1758 1583 1795 R.

127 1830 170 1865 5:
205 1829 379 1876 „primus
411 1828 545 1864 cubitu
576 1834 725 1876 surgat,
758 1834 980 1876 postremus
1013 1827 1188 1864 cubitum
1222 1828 1326 1864 eat“.
1390 1827 1446 1864 Pl.
1483 1827 1584 1864 Men.

126 1893 204 1933 2⁷5
245 1901 283 1933 et
323 1896 425 1933 285:
470 1900 689 1945 „opsonatu
731 1895 889 1933 1·edeo⁴'.
933 1896 979 1932 ad
1019 1896 1161 1946 Amph.
1201 1897 1296 1934 213.
1327 1916 1382 1921 —
1412 1897 1581 1942 suscitet,

123 1962 251 2002 Dicat.
285 1965 514 2012 asyndeton,
557 1978 592 2001 v.
627 1965 674 2001 ad
708 1964 850 2013 Amph.
890 1966 951 2002 13.
984 1984 1038 1989 —
1071 1965 1164 2002 692.
1197 1966 1252 2002 mi
1278 1966 1344 2003 uz'r
1375 1977 1421 2001 ex
1452 1965 1584 2014 spatio

126 2032 346 2070 AStudem.
380 2053 432 2059 —
465 2033 646 2072 calendis
679 2047 729 2070 sc.
764 2032 932 2079 Martiis,
967 2032 1265 2078 Matronalibus,
1301 2047 1378 2082 quo
1410 2033 1472 2069 die
1506 2045 1585 2068 mu-

125 2101 288 2139 liei-ibus
320 2102 422 2140 dona
456 2102 725 2146 mittebantur,
761 2115 794 2138 v.
830 2101 1003 2138 Macrob.
1038 2101 1120 2139 Sat.
1155 2101 1217 2147 Vl,
1250 2103 1288 2146 4,
1327 2104 1396 2147 13;
1448 2100 1584 2147 „Pom-

125 2171 264 2219 ponius
302 2172 339 2207 in
379 2171 572 2215 Atellano,
614 2183 699 2219 quae
740 2170 928 2207 Kalendae
961 2169 1115 2207 Martiae
1146 2171 1393 2207 inscribitur:
1443 2169 1584 2206 Vocem

126 2237 293 2276 deducas
334 2245 500 2288 oportet,
552 2245 596 2275 ut
649 2239 861 2275 uideantur
906 2239 1080 2276 mulieris
1113 2238 1266 2276 Uerba:
1328 2238 1421 2275 Iube
1467 2236 1586 2274 modo

127 2305 310 2344 afferatur
341 2307 521 2344 munus“.
582 2307 700 2344 Mart.
742 2306 786 2345 V.
821 2307 885 2350 84,
924 2308 985 2344 10.
1049 2307 1209 2344 Sueton.
1243 2307 1359 2356 Vesp.
1399 2308 1460 2343 19.
1494 2305 1582 2354 Dig.

124 2372 264 2420 XXIV,
309 2377 340 2421 l,
384 2377 448 2420 31,
491 2377 528 2413 8.
569 2376 617 2413 al.
660 2395 711 2400 -
751 2376 819 2423 qui
948 2386 1144 2413 manerem
1182 2376 1227 2416 A.
1260 2382 1303 2412 ut
1334 2377 1411 2412 iam
1442 2374 1502 2423 R.,
1535 2375 1582 2412 cf.

115 2438 218 2481 ⁷696.
250 2463 304 2469 —
337 2445 429 2483 693.
468 2445 615 2490 faciam
657 2444 909 2492 condimenta,
951 2444 1000 2481 da
1032 2444 1076 2481 R.
1110 2464 1164 2469 —
1195 2445 1470 2492 quinquatrus,
1503 2443 1586 2480 dies

125 2510 312 2549 Minervae
353 2514 477 2550 festus
517 2528 549 2550 a.
584 2514 620 2550 d.
654 2512 744 2549 XIV
778 2513 864 2549 Kal.
897 2513 1065 2562 Apriles,
1108 2514 1166 2549 vel
1200 2518 1291 2562 post
1325 2512 1426 2548 diem
1468 2512 1582 2561 quiu-

125 2582 208 2617 tum
252 2580 344 2619 Idus
390 2582 581 2625 Martias;
628 2582 726 2618 hanc
772 2583 872 2618 enim
919 2582 1122 2631 propriam
1171 2582 1343 2618 nominis
1384 2581 1459 2616 vim
1500 2592 1584 2617 esse

125 2651 294 2686 testatur
324 2649 449 2688 Varro
481 2649 524 2687 L.
561 2651 602 2687 L.
639 2650 701 2687 vl.
741 2651 810 2697 14;
847 2657 914 2690 ..ut
945 2650 993 2686 ab
1020 2648 1275 2686 Tusculanis‘'
1308 2650 1436 2697 inquit
1470 2651 1586 2697 „post

126 2714 224 2753 diem
271 2722 422 2755 sextum
469 2719 562 2756 Idus
609 2719 792 2755 similiter
838 2724 1003 2756 vocatur
1048 2721 1228 2754 sexatrus
1274 2722 1313 2753 et
1351 2722 1442 2766 post
1479 2717 1583 2754 diem

127 2787 333 2834 septimum
366 2787 659 2836 septimatrus“.
704 2785 1017 2836 Quinquatribus
1050 2786 1189 2823 ancilia
1223 2786 1507 2832 lustrabantur,
1539 2789 1585 2822 ut
