1963 3243
719 218 822 251 Miles
849 218 1043 259 gloriosus.

295 838 787 882 PYRGOI'OLINICES
819 838 1002 880 MILES.
1066 837 1442 880 ARTOTROGUS

700 910 1025 953 PARASITUS.

641 1025 1089 1080 Pyrgopolinices

136 1097 296 1141 Curate
329 1105 376 1141 ut
409 1099 614 1154 splendor
645 1113 739 1140 meo
772 1099 827 1139 sit
859 1097 998 1152 clipeo
1031 1097 1201 1148 clarior,

137 1172 272 1223 Quam
307 1172 410 1214 solis
441 1172 552 1215 radii
585 1186 678 1213 esse
711 1171 809 1214 olim
845 1185 973 1225 quom
1007 1170 1205 1212 sudumst
1237 1170 1390 1221 solent,

136 1244 204 1289 Ut,
238 1245 309 1286 ubi
343 1259 446 1286 usus
479 1246 638 1293 ueniat,
672 1250 824 1286 contra
855 1248 1056 1285 conserta
1088 1257 1216 1284 manu

135 1316 433 1371 Praestringat
466 1317 685 1359 oculorum
719 1317 853 1358 aciem
887 1317 927 1356 in
963 1316 1053 1357 acie
1085 1315 1297 1358 hostibus.

135 1389 244 1431 Nam
277 1403 355 1442 ego
388 1390 498 1431 hanc
528 1389 803 1431 machaeram
837 1388 939 1429 mihi
973 1387 1187 1429 consolari
1221 1387 1336 1438 uolo,
1575 1400 1594 1431 5

136 1461 198 1503 Ne
228 1462 490 1504 lamentetur
522 1477 629 1504 neue
661 1462 849 1503 animum
882 1460 1164 1515 despondeat,

136 1534 248 1585 Quia
279 1549 324 1577 se
356 1535 443 1576 iam
475 1535 643 1588 pridem
673 1535 871 1578 feriatam
904 1534 1118 1587 geststem,

135 1607 254 1658 Quae
286 1608 438 1649 misere
470 1608 603 1660 gestit
634 1607 792 1649 fartum
825 1607 966 1648 facere
998 1620 1049 1647 ex
1081 1604 1291 1647 hostibus.

136 1678 219 1722 Sed
253 1679 327 1721 ubi
360 1681 619 1732 Artotrogus
652 1681 721 1722 hic
753 1679 846 1721 est‘?

702 1768 1028 1821 Artotrogus

910 1840 1009 1882 Stat
1040 1843 1218 1894 propter
1248 1839 1390 1880 uirum

135 1912 309 1954 Fortem
343 1918 473 1967 atque
504 1914 775 1956 fortunatum
807 1918 850 1956 et
881 1913 1020 1955 forma
1051 1912 1183 1965 regia.
1555 1922 1596 1954 10

135 1984 239 2026 Tam
273 1985 526 2028 bellatorem
560 1987 677 2028 Mars
707 2000 752 2028 se
782 1986 897 2028 haud
929 1986 1043 2027 ausit
1076 1984 1218 2025 dicere

135 2056 282 2110 Neque
314 2060 598 2114 aequiperare
630 2074 731 2102 suas
762 2059 950 2100 uirtutes
982 2057 1038 2100 ad
1070 2063 1181 2099 tuas.

640 2147 1090 2203 Pyrgopolinices

137 2217 330 2269 Quemne
363 2233 441 2273 ego
475 2220 650 2261 seruaui
683 2221 726 2262 in
760 2220 923 2274 campis
955 2218 1285 2269 Corcodiloniis‚

138 2290 220 2332 Ubi
253 2291 642 2334 Bumbomachides
675 2290 1266 2346 Clytomestoridysarchides

138 2362 243 2403 Erat
273 2364 515 2417 imperator
547 2379 748 2416 summus,
781 2365 974 2419 Neptuni
1005 2363 1170 2418 nepos?
1556 2373 1595 2406 15

228 2500 378 2535 MILES
403 2506 436 2536 et
460 2500 727 2536 PARASITUS
753 2513 819 2537 om.
845 2503 889 2545 A,
915 2506 1027 2537 totum
1052 2500 1195 2536 titulum
1221 2499 1249 2534 G

231 2560 244 2591 1
286 2557 394 2593 dibeo
428 2558 458 2594 C
557 2561 576 2593 2
614 2560 745 2594 sudust
849 2561 869 2593 4
907 2559 1017 2593 atiem
1050 2557 1084 2592 B
1187 2557 1300 2592 inatie
1335 2555 1363 2591 C
1465 2557 1485 2587 7
1518 2554 1594 2588 fieri

137 2619 251 2649 attam
333 2617 354 2650 8
379 2628 486 2660 quem
512 2618 623 2651 miser
649 2619 794 2661 agestat
817 2619 855 2650 et
879 2617 1027 2651 fratrem
1054 2614 1099 2655 B,
1127 2626 1257 2659 quaem
1283 2614 1414 2648 misera
1443 2613 1597 2656 gestitet

138 2676 269 2710 fratem
297 2676 326 2711 C
416 2678 436 2711 9
461 2675 615 2709 Scdtubi
644 2676 671 2709 G
755 2674 842 2708 hinc
867 2673 902 2708 B
988 2675 1025 2707 11
1053 2673 1146 2707 Τ11111
1231 2672 1451 2715 pellatorem
1478 2670 1507 2704 C

138 2745 194 2767 ars
221 2738 284 2768 aut
380 2735 418 2768 12
444 2733 590 2777 Mequia
617 2732 835 2776 equiperare
861 2731 904 2775 Β,
931 2730 1051 2774 Nequi
1077 2730 1319 2774 aequiuerare
1347 2728 1375 2763 O
1468 2728 1507 2762 13
1533 2739 1593 2760 ur-

139 2791 259 2826 culion
276 2802 337 2826 ..3
363 2792 406 2834 Α,
433 2802 567 2825 01110113
594 2790 637 2824 113
664 2789 770 2823 donis
792 2788 837 2831 Β,
864 2788 1070 2823 curcusculi
1098 2786 1206 2821 donis
1232 2785 1260 2821 Ο
1354 2787 1394 2819 14
1419 2784 1593 2819 bumbom

138 2848 257 2883 arides
283 2848 423 2883 elutum
448 2848 517 2883 ista
543 2847 632 2881 ridis
659 2846 820 2881 archidis
924 2848 964 2880 15
988 2852 1153 2891 neptunu
1181 2846 1208 2880 C
1306 2854 1422 2888 nepus
1447 2841 1483 2878 Β
