1963 3243
789 223 983 260 Poenulus.
1551 229 1628 270 169

82 397 88 407 ⁹
774 348 1000 404 Milphio

72 445 75 450 .
99 414 113 454 -Ι
136 422 194 469 At
222 421 278 466 ob
310 420 422 464 banc
451 433 525 474 eqo
555 433 719 463 moram
751 420 832 464 tibi
862 420 1042 463 reddam
1073 434 1262 476 operam,
1291 421 1366 464 ubi
1389 421 1524 474 uoles,
1554 423 1629 466 ubi

108 505 110 507 ,
1153 493 1344 536 iusseris.

91 616 93 618 Ι
708 569 1056 626 Syncerastus

59 635 106 707 „f”
135 644 257 690 Habe
286 658 379 688 rem
411 647 596 698 pactam.
658 641 703 685 Si
735 642 923 686 futurum
958 648 1038 696 est,
1071 644 1126 687 do
1157 643 1237 687 tibi
1267 658 1443 700 operam
1474 644 1598 688 hanc.

767 753 825 796 M
830 755 845 795 i
858 753 1001 806 lphio

1372 826 1628 878 Quomodo?

694 910 934 966 syncera
949 917 1068 955 stus

131 985 191 1030 Ut
219 986 344 1037 enim,
376 985 455 1028 ubi
486 984 591 1026 mihi
621 984 919 1040 uapulandum
951 985 1021 1037 sit,
1052 988 1100 1027 tu
1133 985 1293 1028 corium
1327 984 1522 1028 sufferas.

759 1094 988 1149 Milphio

75 1165 90 1187 '⁶
130 1167 297 1223 Apage3
327 1167 488 1218 nesoi0‚
521 1166 624 1220 quid
655 1167 739 1209 uiri
772 1167 845 1209 sis.

702 1275 1056 1330 Syncerastus

803 1347 943 1390 Malus
976 1361 1083 1390 sum.

761 1442 994 1498 Milphio

1066 1514 1163 1557 Tibi
1196 1516 1266 1557 sis.
1328 1514 1388 1557 Te
1422 1515 1532 1558 uolo.
1558 1526 1625 1561 855

94 1654 98 1659 .
693 1601 1066 1658 Syncerastus

80 1703 82 1705 -
133 1673 190 1716 At
219 1688 327 1717 onus
357 1679 495 1728 urget.

763 1761 992 1816 Milphio

548 1834 605 1876 At
634 1837 684 1876 tu
715 1834 885 1888 adpone
918 1838 961 1875 et
991 1833 1159 1888 respice
1190 1833 1247 1876 ad
1277 1847 1358 1876 me.

697 1928 1069 1984 Syncerastus

1424 1999 1598 2051 Fecero,

78 2090 86 2105 ν
133 2068 404 2127 Quamquam
438 2072 556 2115 haud
587 2073 725 2116 otium
757 2076 836 2114 est.

771 2166 993 2221 Milphio

828 2238 983 2281 Saluos
1015 2239 1086 2291 sis,
1117 2237 1390 2294 Syncerasto.

700 2332 959 2388 Synceras
971 2338 1057 2376 tus

1362 2403 1398 2446 o
1430 2403 1626 2459 Milphio,

91 2468 99 2517 Ϊ
131 2474 186 2518 Di
215 2489 362 2520 omnes
394 2477 591 2531 deaeque
623 2483 769 2520 ament

219 2635 288 2670 852
310 2634 407 2671 hane
430 2645 576 2670 moram
601 2635 645 2679 A,
671 2634 767 2669 hano
792 2645 870 2668 rem
894 2632 963 2668 BC
1057 2633 1125 2668 853
1149 2632 1182 2668 Κ
1206 2642 1272 2668 om.
1353 2632 1519 2668 futurum
1543 2632 1624 2669 sido

221 2689 251 2726 B
274 2701 341 2728 om.
423 2693 493 2728 854
517 2692 545 2727 B
570 2691 622 2728 Ut.
645 2690 682 2726 Β
759 2695 818 2726 est
840 2689 909 2726 BC
979 2688 1117 2733 tutefA
1196 2690 1264 2724 855
1288 2688 1321 2724 K
1346 2690 1476 2734 Apage
1498 2688 1536 2725 Β

131 2744 163 2782 Β
183 2748 301 2784 malus
324 2747 363 2784 B
475 2747 509 2783 K
533 2749 604 2784 tibi
718 2748 747 2782 si
773 2747 821 2783 sis
847 2747 881 2782 A
976 2746 1004 2781 Β
1029 2745 1082 2781 Te
1203 2747 1270 2781 856
1293 2745 1448 2781 Adonus
1556 2747 1625 2782 85⁷

106 2803 373 2849 ‘uimcermte
397 2803 436 2841 Β
527 2806 594 2840 858
619 2804 699 2840 deae
725 2803 755 2840 G
1240 2813 1245 2816 ·
