1963 3243
0 0 102 132 U

110 181 155 226 11,
178 182 211 222 ³,
233 180 394 214 95—102
738 176 937 212 Mercator.
1490 178 1566 217 153

705 302 773 345 Ch
786 303 900 344 arin
915 315 938 343 u
954 317 973 343 s

311 376 419 426 Quin
453 389 545 428 ego,
577 375 766 429 inquam.

707 488 965 543 Demipho

657 562 722 603 Ah
755 562 910 610 nescis,
942 561 1046 616 quid
1080 562 1275 603 dicturus
1309 577 1422 610 sum:
1456 568 1568 605 tace.

108 639 202 682 Tris
235 638 375 678 minas
408 635 624 677 adcudore
656 635 788 675 etiam
822 647 1010 688 possum,
1042 639 1088 674 ut
1121 635 1304 687 triginta
1336 636 1461 677 sient.
1503 648 1570 681 425

705 748 976 790 Charinus

107 827 209 879 Quo·
230 825 368 867 nortis
400 826 470 865 te?

706 902 966 956 Demipho

379 975 444 1017 Ad
475 974 612 1026 illum,
645 975 719 1027 qui
751 976 867 1016 emit.

703 1088 975 1132 Charinus

853 1163 1084 1205 Ubinamst
1114 1164 1151 1205 is
1184 1163 1313 1205 homo
1346 1165 1571 1218 gentium?

706 1278 967 1332 Demipho

107 1352 314 1396 Eccillum
355 1350 497 1393 uideo.
570 1350 699 1392 Iubet
745 1352 936 1406 quinque
977 1366 1045 1393 me
1085 1351 1248 1393 addere
1290 1352 1419 1393 etiam
1459 1365 1574 1393 nunc

1199 1426 1352 1466 minas.

708 1502 976 1545 Charinus

111 1575 263 1618 Hercle
295 1576 429 1617 illunc
460 1576 503 1617 di
536 1576 772 1621 infelicent.
805 1577 1003 1631 quisquis
1037 1582 1117 1618 est.

708 1691 969 1746 Demipho

1136 1764 1303 1807 Ibidem
1336 1765 1441 1806 mihi

112 1835 255 1878 Etiam
285 1850 398 1878 nunc
431 1836 636 1888 adnutat3
669 1836 827 1878 addam
862 1851 935 1878 sex
967 1838 1120 1880 minas.

711 1949 979 1994 Charinus

1154 2025 1330 2080 Septem
1362 2027 1489 2069 minis
1519 2050 1573 2056 —

115 2095 357 2151 Numquam
399 2097 555 2151 edepol
595 2112 662 2140 me
699 2099 846 2140 uincet
884 2098 1014 2141 hodie
1052 2123 1107 2127 —
1146 2099 1384 2141 commodis
1416 2101 1571 2154 poscit,

1203 2177 1339 2226 pater.
1507 2183 1576 2217 430

714 2251 971 2305 Demipho

116 2319 385 2377 Nequiquam
419 2323 581 2376 poscit3
613 2337 692 2378 ego
724 2324 910 2367 habebo.

715 2438 980 2481 Charinus

932 2512 986 2553 At
1020 2512 1109 2553 illic
1143 2513 1214 2565 pol
1244 2512 1413 2555 licitust
1445 2515 1574 2568 prior.

207 2643 274 2677 426
298 2642 369 2678 CH.
394 2654 459 2679 om.
487 2644 516 2680 Ο
604 2646 757 2680 uortisti
848 2646 924 2681 DE.
951 2658 1017 2683 om.
1045 2647 1074 2683 0
1165 2649 1228 2682 ubi
1252 2649 1418 2684 nastisB
1509 2651 1575 2684 427

120 2696 218 2734 Ecce
237 2699 340 2735 illum
356 2700 393 2736 B
485 2714 630 2748 quoque
644 2703 681 2738 B
774 2704 886 2740 adei-e
902 2704 931 2740 0
1020 2708 1087 2740 428
1108 2706 1195 2740 illue
1212 2706 1262 2740 dii
1284 2706 1437 2741 felicent
1449 2705 1486 2742 B

121 2755 187 2790 429
199 2761 349 2847 ἔρρωτο
374 2757 467 2792 mihi
558 2761 628 2794 430
650 2766 759 2804 pater
783 2763 904 2805 poscit
918 2761 948 2797 G
1036 2765 1102 2798 431
1125 2763 1294 2798 habeoB
1385 2765 1577 2809 pollicitus

122 2815 179 2847 ent

1309 2891 1372 2925 11*
