<?xml version="1.0" encoding="UTF-8"?>
<!DOCTYPE html PUBLIC "-//W3C//DTD XHTML 1.0 Transitional//EN"
    "http://www.w3.org/TR/xhtml1/DTD/xhtml1-transitional.dtd">
<html xmlns="http://www.w3.org/1999/xhtml" xml:lang="en" lang="en">
 <head>
  <title>
</title>
<meta http-equiv="Content-Type" content="text/html;charset=utf-8" />
  <meta name='ocr-system' content='tesseract 3.04.00' />
  <meta name='ocr-capabilities' content='ocr_page ocr_carea ocr_par ocr_line ocrx_word'/>
</head>
<body>
  <div class='ocr_page' id='page_1' title='image "./comoediaerecensu04plauuoft_0040.png"; bbox 0 0 1963 3243; ppageno 0'>
   <div class='ocr_carea' id='block_1_1' title="bbox 384 165 1834 208">
    <p class='ocr_par' dir='ltr' id='par_1_1' title="bbox 384 165 1834 208">
     <span class='ocr_line' id='line_1_1' title="bbox 384 165 1834 208; baseline 0 -8"><span class='ocrx_word' id='word_1_1' title='bbox 384 170 436 208; x_wconf 87' lang='lat'>34</span> <span class='ocrx_word' id='word_1_2' title='bbox 1047 166 1167 200; x_wconf 72' lang='lat' dir='ltr'>Plauti</span> <span class='ocrx_word' id='word_1_3' title='bbox 1567 165 1615 201; x_wconf 86' lang='grc' dir='ltr'>ΙΙ.</span> <span class='ocrx_word' id='word_1_4' title='bbox 1641 168 1672 207; x_wconf 78' lang='grc'>4,</span> <span class='ocrx_word' id='word_1_5' title='bbox 1698 167 1834 200; x_wconf 85' lang='lat'>40—50</span> 
     </span>
    </p>
   </div>
   <div class='ocr_carea' id='block_1_2' title="bbox 382 291 1834 631">
    <p class='ocr_par' dir='ltr' id='par_1_2' title="bbox 382 291 1834 631">
     <span class='ocr_line' id='line_1_2' title="bbox 951 291 1264 332; baseline -0.003 0"><span class='ocrx_word' id='word_1_6' title='bbox 951 291 1264 332; x_wconf 80' lang='lat' dir='ltr'>Palaestrio</span> 
     </span>
     <span class='ocr_line' id='line_1_3' title="bbox 385 362 1833 416; baseline 0.001 -12"><span class='ocrx_word' id='word_1_7' title='bbox 385 362 506 404; x_wconf 80' lang='lat' dir='ltr'>Satin</span> <span class='ocrx_word' id='word_1_8' title='bbox 539 363 686 405; x_wconf 90' lang='lat' dir='ltr'>eadem</span> <span class='ocrx_word' id='word_1_9' title='bbox 719 363 918 416; x_wconf 86' lang='lat' dir='ltr'>uigilanti</span> <span class='ocrx_word' id='word_1_10' title='bbox 949 366 1170 416; x_wconf 72' lang='lat' dir='ltr'>expetunt,</span> <span class='ocrx_word' id='word_1_11' title='bbox 1211 376 1323 416; x_wconf 85' lang='lat' dir='ltr'>quae</span> <span class='ocrx_word' id='word_1_12' title='bbox 1354 363 1397 403; x_wconf 89' lang='lat' dir='ltr'>in</span> <span class='ocrx_word' id='word_1_13' title='bbox 1429 363 1588 404; x_wconf 89' lang='lat' dir='ltr'>somnis</span> <span class='ocrx_word' id='word_1_14' title='bbox 1619 364 1717 405; x_wconf 89' lang='lat' dir='ltr'>uisa</span> <span class='ocrx_word' id='word_1_15' title='bbox 1749 377 1833 405; x_wconf 89' lang='lat' dir='ltr'>me-</span> 
     </span>
     <span class='ocr_line' id='line_1_4' title="bbox 1466 422 1834 480; baseline 0.016 -6"><span class='ocrx_word' id='word_1_16' title='bbox 1466 435 1638 476; x_wconf 81' lang='lat' dir='ltr'>moras?</span> <span class='ocrx_word' id='word_1_17' title='bbox 1768 422 1834 480; x_wconf 66' lang='lat'>305</span> 
     </span>
     <span class='ocr_line' id='line_1_5' title="bbox 383 505 1755 560; baseline 0 -12"><span class='ocrx_word' id='word_1_18' title='bbox 383 507 447 548; x_wconf 92' lang='lat' dir='ltr'>Eu</span> <span class='ocrx_word' id='word_1_19' title='bbox 479 506 623 548; x_wconf 90' lang='lat' dir='ltr'>hercle</span> <span class='ocrx_word' id='word_1_20' title='bbox 656 520 860 559; x_wconf 80' lang='lat' dir='ltr'>praesens</span> <span class='ocrx_word' id='word_1_21' title='bbox 892 506 1125 547; x_wconf 90' lang='lat' dir='ltr'>somnium!</span> <span class='ocrx_word' id='word_1_22' title='bbox 1160 505 1231 546; x_wconf 88' lang='lat' dir='ltr'>abi</span> <span class='ocrx_word' id='word_1_23' title='bbox 1262 505 1375 546; x_wconf 82' lang='lat' dir='ltr'>intro</span> <span class='ocrx_word' id='word_1_24' title='bbox 1407 509 1450 546; x_wconf 92' lang='lat' dir='ltr'>et</span> <span class='ocrx_word' id='word_1_25' title='bbox 1481 519 1755 560; x_wconf 84' lang='lat' dir='ltr'>conprecare.</span> 
     </span>
     <span class='ocr_line' id='line_1_6' title="bbox 382 577 1298 631; baseline -0.001 -12"><span class='ocrx_word' id='word_1_26' title='bbox 382 577 655 619; x_wconf 85' lang='lat' dir='ltr'>Narrandum</span> <span class='ocrx_word' id='word_1_27' title='bbox 690 591 767 631; x_wconf 87' lang='lat' dir='ltr'>ego</span> <span class='ocrx_word' id='word_1_28' title='bbox 798 578 914 618; x_wconf 89' lang='lat' dir='ltr'>istuc</span> <span class='ocrx_word' id='word_1_29' title='bbox 945 577 1070 618; x_wconf 88' lang='lat' dir='ltr'>militi</span> <span class='ocrx_word' id='word_1_30' title='bbox 1102 577 1298 618; x_wconf 88' lang='lat' dir='ltr'>censebo.</span> 
     </span>
    </p>
   </div>
   <div class='ocr_carea' id='block_1_3' title="bbox 883 671 1776 778">
    <p class='ocr_par' dir='ltr' id='par_1_3' title="bbox 883 671 1776 778">
     <span class='ocr_line' id='line_1_7' title="bbox 883 671 1330 712; baseline 0 0"><span class='ocrx_word' id='word_1_31' title='bbox 883 671 1330 712; x_wconf 86' lang='lat' dir='ltr'>Philocomasium</span> 
     </span>
     <span class='ocr_line' id='line_1_8' title="bbox 1363 729 1776 778; baseline 0.007 -9"><span class='ocrx_word' id='word_1_32' title='bbox 1363 729 1523 770; x_wconf 89' lang='lat' dir='ltr'>Facere</span> <span class='ocrx_word' id='word_1_33' title='bbox 1555 734 1776 778; x_wconf 79' lang='lat' dir='ltr'>certumst,</span> 
     </span>
    </p>
   </div>
   <div class='ocr_carea' id='block_1_4' title="bbox 382 799 1833 856">
    <p class='ocr_par' dir='ltr' id='par_1_4' title="bbox 382 799 1833 856">
     <span class='ocr_line' id='line_1_9' title="bbox 382 799 1833 856; baseline 0.001 -13"><span class='ocrx_word' id='word_1_34' title='bbox 382 802 529 856; x_wconf 89' lang='lat' dir='ltr'>Neque</span> <span class='ocrx_word' id='word_1_35' title='bbox 563 815 627 842; x_wconf 90' lang='lat' dir='ltr'>me</span> <span class='ocrx_word' id='word_1_36' title='bbox 660 801 833 854; x_wconf 90' lang='lat' dir='ltr'>quidem</span> <span class='ocrx_word' id='word_1_37' title='bbox 866 801 1008 851; x_wconf 87' lang='lat' dir='ltr'>patiar</span> <span class='ocrx_word' id='word_1_38' title='bbox 1032 799 1180 853; x_wconf 79' lang='lat' dir='ltr'>probri</span> <span class='ocrx_word' id='word_1_39' title='bbox 1204 799 1313 841; x_wconf 88' lang='lat' dir='ltr'>falso</span> <span class='ocrx_word' id='word_1_40' title='bbox 1340 801 1500 853; x_wconf 88' lang='lat' dir='ltr'>inpune</span> <span class='ocrx_word' id='word_1_41' title='bbox 1524 802 1833 844; x_wconf 84' lang='lat' dir='ltr'>insimulatam.</span> 
     </span>
    </p>
   </div>
   <div class='ocr_carea' id='block_1_5' title="bbox 382 893 1711 1022">
    <p class='ocr_par' dir='ltr' id='par_1_5' title="bbox 382 893 1711 1022">
     <span class='ocr_line' id='line_1_10' title="bbox 967 893 1258 935; baseline -0.003 0"><span class='ocrx_word' id='word_1_42' title='bbox 967 893 1258 935; x_wconf 87' lang='lat' dir='ltr'>Sceledrus</span> 
     </span>
     <span class='ocr_line' id='line_1_11' title="bbox 382 966 1711 1022; baseline 0.001 -13"><span class='ocrx_word' id='word_1_43' title='bbox 382 968 529 1009; x_wconf 90' lang='lat' dir='ltr'>Timeo</span> <span class='ocrx_word' id='word_1_44' title='bbox 562 967 664 1022; x_wconf 89' lang='lat' dir='ltr'>quid</span> <span class='ocrx_word' id='word_1_45' title='bbox 697 980 841 1007; x_wconf 89' lang='lat' dir='ltr'>rerum</span> <span class='ocrx_word' id='word_1_46' title='bbox 873 966 1101 1018; x_wconf 81' lang='lat' dir='ltr'>gesserim3</span> <span class='ocrx_word' id='word_1_47' title='bbox 1133 966 1196 1006; x_wconf 87' lang='lat' dir='ltr'>ita</span> <span class='ocrx_word' id='word_1_48' title='bbox 1228 966 1381 1008; x_wconf 87' lang='lat' dir='ltr'>dorsus</span> <span class='ocrx_word' id='word_1_49' title='bbox 1413 972 1530 1009; x_wconf 90' lang='lat' dir='ltr'>totus</span> <span class='ocrx_word' id='word_1_50' title='bbox 1562 970 1711 1022; x_wconf 85' lang='lat' dir='ltr'>prurit.</span> 
     </span>
    </p>
   </div>
   <div class='ocr_carea' id='block_1_6' title="bbox 383 1060 1266 1173">
    <p class='ocr_par' dir='ltr' id='par_1_6' title="bbox 383 1060 1266 1173">
     <span class='ocr_line' id='line_1_12' title="bbox 958 1060 1266 1103; baseline 0.003 -2"><span class='ocrx_word' id='word_1_51' title='bbox 958 1060 1266 1103; x_wconf 85' lang='lat' dir='ltr'>Palaestrio</span> 
     </span>
     <span class='ocr_line' id='line_1_13' title="bbox 383 1118 784 1173; baseline -0.005 -12"><span class='ocrx_word' id='word_1_52' title='bbox 383 1120 484 1161; x_wconf 83' lang='lat' dir='ltr'>Scin</span> <span class='ocrx_word' id='word_1_53' title='bbox 516 1126 557 1160; x_wconf 91' lang='lat' dir='ltr'>te</span> <span class='ocrx_word' id='word_1_54' title='bbox 590 1118 784 1173; x_wconf 80' lang='lat' dir='ltr'>perisse?</span> 
     </span>
    </p>
   </div>
   <div class='ocr_carea' id='block_1_7' title="bbox 380 1189 1836 1384">
    <p class='ocr_par' dir='ltr' id='par_1_7' title="bbox 380 1189 1836 1384">
     <span class='ocr_line' id='line_1_14' title="bbox 966 1189 1258 1231; baseline 0.003 -1"><span class='ocrx_word' id='word_1_55' title='bbox 966 1189 1258 1231; x_wconf 85' lang='lat' dir='ltr'>Sceledrus</span> 
     </span>
     <span class='ocr_line' id='line_1_15' title="bbox 786 1261 1836 1315; baseline 0.008 -14"><span class='ocrx_word' id='word_1_56' title='bbox 786 1261 908 1302; x_wconf 90' lang='lat' dir='ltr'>Nunc</span> <span class='ocrx_word' id='word_1_57' title='bbox 926 1261 1099 1315; x_wconf 90' lang='lat' dir='ltr'>quidem</span> <span class='ocrx_word' id='word_1_58' title='bbox 1118 1262 1233 1303; x_wconf 88' lang='lat' dir='ltr'>domi</span> <span class='ocrx_word' id='word_1_59' title='bbox 1251 1266 1434 1314; x_wconf 81' lang='lat' dir='ltr'>certost3</span> <span class='ocrx_word' id='word_1_60' title='bbox 1460 1269 1577 1305; x_wconf 88' lang='lat' dir='ltr'>certa</span> <span class='ocrx_word' id='word_1_61' title='bbox 1594 1278 1661 1306; x_wconf 85' lang='lat' dir='ltr'>res</span> <span class='ocrx_word' id='word_1_62' title='bbox 1680 1270 1746 1307; x_wconf 91' lang='lat' dir='ltr'>est</span> <span class='ocrx_word' id='word_1_63' title='bbox 1769 1277 1836 1310; x_wconf 89' lang='lat'>400</span> 
     </span>
     <span class='ocr_line' id='line_1_16' title="bbox 380 1333 1537 1384; baseline 0 -8"><span class='ocrx_word' id='word_1_64' title='bbox 380 1334 502 1376; x_wconf 87' lang='lat' dir='ltr'>Nunc</span> <span class='ocrx_word' id='word_1_65' title='bbox 535 1339 730 1376; x_wconf 90' lang='lat' dir='ltr'>nostrum</span> <span class='ocrx_word' id='word_1_66' title='bbox 763 1333 997 1375; x_wconf 85' lang='lat' dir='ltr'>obseruare</span> <span class='ocrx_word' id='word_1_67' title='bbox 1032 1334 1204 1384; x_wconf 86' lang='lat' dir='ltr'>ostium,</span> <span class='ocrx_word' id='word_1_68' title='bbox 1238 1335 1336 1375; x_wconf 79' lang='lat' dir='ltr'>dum</span> <span class='ocrx_word' id='word_1_69' title='bbox 1368 1335 1427 1376; x_wconf 89' lang='lat' dir='ltr'>ibi</span> <span class='ocrx_word' id='word_1_70' title='bbox 1462 1340 1537 1376; x_wconf 90' lang='lat' dir='ltr'>est.</span> 
     </span>
    </p>
   </div>
   <div class='ocr_carea' id='block_1_8' title="bbox 952 1412 1836 1526">
    <p class='ocr_par' dir='ltr' id='par_1_8' title="bbox 952 1412 1836 1526">
     <span class='ocr_line' id='line_1_17' title="bbox 952 1412 1256 1454; baseline 0.003 -1"><span class='ocrx_word' id='word_1_71' title='bbox 952 1412 981 1453; x_wconf 90' lang='lat' dir='ltr'>P</span> <span class='ocrx_word' id='word_1_72' title='bbox 992 1412 1039 1453; x_wconf 87' lang='lat' dir='ltr'>al</span> <span class='ocrx_word' id='word_1_73' title='bbox 1054 1426 1079 1454; x_wconf 90' lang='lat' dir='ltr'>a</span> <span class='ocrx_word' id='word_1_74' title='bbox 1090 1427 1111 1454; x_wconf 93' lang='lat' dir='ltr'>e</span> <span class='ocrx_word' id='word_1_75' title='bbox 1122 1428 1141 1454; x_wconf 93' lang='lat' dir='ltr'>s</span> <span class='ocrx_word' id='word_1_76' title='bbox 1153 1413 1256 1454; x_wconf 91' lang='lat' dir='ltr'>trio</span> 
     </span>
     <span class='ocr_line' id='line_1_18' title="bbox 1341 1472 1836 1526; baseline 0.002 -13"><span class='ocrx_word' id='word_1_77' title='bbox 1341 1473 1409 1521; x_wconf 88' lang='lat' dir='ltr'>At,</span> <span class='ocrx_word' id='word_1_78' title='bbox 1429 1472 1641 1522; x_wconf 83' lang='lat' dir='ltr'>Sceledre,</span> <span class='ocrx_word' id='word_1_79' title='bbox 1661 1487 1836 1526; x_wconf 86' lang='lat' dir='ltr'>quaeso,</span> 
     </span>
    </p>
   </div>
   <div class='ocr_carea' id='block_1_9' title="bbox 382 1542 1725 1670">
    <p class='ocr_par' dir='ltr' id='par_1_9' title="bbox 382 1542 1725 1670">
     <span class='ocr_line' id='line_1_19' title="bbox 382 1542 1725 1596; baseline 0.001 -11"><span class='ocrx_word' id='word_1_80' title='bbox 382 1544 438 1585; x_wconf 92' lang='lat' dir='ltr'>Ut</span> <span class='ocrx_word' id='word_1_81' title='bbox 469 1543 522 1584; x_wconf 78' lang='lat' dir='ltr'>acl</span> <span class='ocrx_word' id='word_1_82' title='bbox 554 1543 596 1584; x_wconf 89' lang='lat' dir='ltr'>id</span> <span class='ocrx_word' id='word_1_83' title='bbox 629 1542 871 1596; x_wconf 83' lang='lat' dir='ltr'>exemplum</span> <span class='ocrx_word' id='word_1_84' title='bbox 903 1543 1116 1584; x_wconf 88' lang='lat' dir='ltr'>somnium</span> <span class='ocrx_word' id='word_1_85' title='bbox 1149 1556 1276 1595; x_wconf 87' lang='lat' dir='ltr'>quam</span> <span class='ocrx_word' id='word_1_86' title='bbox 1311 1543 1448 1585; x_wconf 88' lang='lat' dir='ltr'>simile</span> <span class='ocrx_word' id='word_1_87' title='bbox 1481 1545 1725 1588; x_wconf 86' lang='lat' dir='ltr'>somniauit.</span> 
     </span>
     <span class='ocr_line' id='line_1_20' title="bbox 383 1615 1664 1670; baseline 0.001 -13"><span class='ocrx_word' id='word_1_88' title='bbox 383 1618 521 1670; x_wconf 89' lang='lat' dir='ltr'>Atque</span> <span class='ocrx_word' id='word_1_89' title='bbox 553 1622 600 1656; x_wconf 89' lang='lat' dir='ltr'>ut</span> <span class='ocrx_word' id='word_1_90' title='bbox 631 1620 677 1655; x_wconf 93' lang='lat' dir='ltr'>tu</span> <span class='ocrx_word' id='word_1_91' title='bbox 710 1615 952 1668; x_wconf 88' lang='lat' dir='ltr'>suspicatus</span> <span class='ocrx_word' id='word_1_92' title='bbox 983 1629 1028 1656; x_wconf 91' lang='lat' dir='ltr'>es</span> <span class='ocrx_word' id='word_1_93' title='bbox 1060 1628 1153 1656; x_wconf 90' lang='lat' dir='ltr'>eam</span> <span class='ocrx_word' id='word_1_94' title='bbox 1187 1615 1345 1657; x_wconf 89' lang='lat' dir='ltr'>uidisse</span> <span class='ocrx_word' id='word_1_95' title='bbox 1379 1617 1664 1658; x_wconf 79' lang='lat' dir='ltr'>osculantem!</span> 
     </span>
    </p>
   </div>
   <div class='ocr_carea' id='block_1_10' title="bbox 383 1694 1834 1881">
    <p class='ocr_par' dir='ltr' id='par_1_10' title="bbox 383 1694 1834 1881">
     <span class='ocr_line' id='line_1_21' title="bbox 969 1694 1257 1736; baseline 0 -1"><span class='ocrx_word' id='word_1_96' title='bbox 969 1694 995 1735; x_wconf 84' lang='lat' dir='ltr'>S</span> <span class='ocrx_word' id='word_1_97' title='bbox 1009 1708 1030 1735; x_wconf 90' lang='lat' dir='ltr'>c</span> <span class='ocrx_word' id='word_1_98' title='bbox 1042 1694 1087 1735; x_wconf 89' lang='lat' dir='ltr'>el</span> <span class='ocrx_word' id='word_1_99' title='bbox 1098 1708 1119 1735; x_wconf 91' lang='lat' dir='ltr'>e</span> <span class='ocrx_word' id='word_1_100' title='bbox 1131 1694 1156 1735; x_wconf 92' lang='lat' dir='ltr'>d</span> <span class='ocrx_word' id='word_1_101' title='bbox 1168 1709 1189 1735; x_wconf 86' lang='lat' dir='ltr'>r</span> <span class='ocrx_word' id='word_1_102' title='bbox 1199 1709 1225 1735; x_wconf 92' lang='lat' dir='ltr'>u</span> <span class='ocrx_word' id='word_1_103' title='bbox 1238 1709 1257 1736; x_wconf 91' lang='lat' dir='ltr'>s</span> 
     </span>
     <span class='ocr_line' id='line_1_22' title="bbox 383 1766 1834 1822; baseline 0.001 -13"><span class='ocrx_word' id='word_1_104' title='bbox 383 1768 554 1813; x_wconf 82' lang='lat' dir='ltr'>Nescio,</span> <span class='ocrx_word' id='word_1_105' title='bbox 569 1767 670 1821; x_wconf 89' lang='lat' dir='ltr'>quid</span> <span class='ocrx_word' id='word_1_106' title='bbox 685 1766 855 1808; x_wconf 85' lang='lat' dir='ltr'>credam</span> <span class='ocrx_word' id='word_1_107' title='bbox 871 1766 1154 1818; x_wconf 85' lang='lat' dir='ltr'>egometmihi</span> <span class='ocrx_word' id='word_1_108' title='bbox 1177 1768 1282 1818; x_wconf 81' lang='lat' dir='ltr'>iam3</span> <span class='ocrx_word' id='word_1_109' title='bbox 1301 1767 1362 1808; x_wconf 91' lang='lat' dir='ltr'>ita</span> <span class='ocrx_word' id='word_1_110' title='bbox 1380 1768 1495 1822; x_wconf 88' lang='lat' dir='ltr'>quod</span> <span class='ocrx_word' id='word_1_111' title='bbox 1513 1768 1672 1810; x_wconf 89' lang='lat' dir='ltr'>uidisse</span> <span class='ocrx_word' id='word_1_112' title='bbox 1691 1769 1834 1820; x_wconf 82' lang='lat' dir='ltr'>credo,</span> 
     </span>
     <span class='ocr_line' id='line_1_23' title="bbox 383 1838 1113 1881; baseline -0.004 0"><span class='ocrx_word' id='word_1_113' title='bbox 383 1839 450 1881; x_wconf 90' lang='lat' dir='ltr'>Me</span> <span class='ocrx_word' id='word_1_114' title='bbox 467 1840 509 1880; x_wconf 84' lang='lat' dir='ltr'>id</span> <span class='ocrx_word' id='word_1_115' title='bbox 527 1840 611 1880; x_wconf 85' lang='lat' dir='ltr'>iam</span> <span class='ocrx_word' id='word_1_116' title='bbox 630 1853 713 1880; x_wconf 92' lang='lat' dir='ltr'>non</span> <span class='ocrx_word' id='word_1_117' title='bbox 731 1838 892 1880; x_wconf 89' lang='lat' dir='ltr'>uidisse</span> <span class='ocrx_word' id='word_1_118' title='bbox 911 1838 1113 1880; x_wconf 88' lang='lat' dir='ltr'>arbitror.</span> 
     </span>
    </p>
   </div>
   <div class='ocr_carea' id='block_1_11' title="bbox 953 1918 1258 1959">
    <p class='ocr_par' dir='ltr' id='par_1_11' title="bbox 953 1918 1258 1959">
     <span class='ocr_line' id='line_1_24' title="bbox 953 1918 1258 1959; baseline 0.003 -1"><span class='ocrx_word' id='word_1_119' title='bbox 953 1918 1258 1959; x_wconf 86' lang='lat' dir='ltr'>Palaestrio</span> 
     </span>
    </p>
   </div>
   <div class='ocr_carea' id='block_1_12' title="bbox 384 1997 1835 2127">
    <p class='ocr_par' dir='ltr' id='par_1_12' title="bbox 384 1997 1835 2127">
     <span class='ocr_line' id='line_1_25' title="bbox 1128 1997 1835 2055; baseline 0.011 -17"><span class='ocrx_word' id='word_1_120' title='bbox 1128 1997 1190 2039; x_wconf 88' lang='lat' dir='ltr'>Ne</span> <span class='ocrx_word' id='word_1_121' title='bbox 1214 2003 1262 2039; x_wconf 88' lang='lat' dir='ltr'>tu</span> <span class='ocrx_word' id='word_1_122' title='bbox 1287 1998 1429 2040; x_wconf 87' lang='lat' dir='ltr'>hercle</span> <span class='ocrx_word' id='word_1_123' title='bbox 1455 2013 1563 2046; x_wconf 86' lang='lat' dir='ltr'>sero,</span> <span class='ocrx_word' id='word_1_124' title='bbox 1583 2002 1744 2055; x_wconf 91' lang='lat' dir='ltr'>opinor,</span> <span class='ocrx_word' id='word_1_125' title='bbox 1770 2014 1835 2046; x_wconf 80' lang='lat'>405</span> 
     </span>
     <span class='ocr_line' id='line_1_26' title="bbox 384 2070 1835 2127; baseline 0.003 -16"><span class='ocrx_word' id='word_1_126' title='bbox 384 2071 641 2123; x_wconf 87' lang='lat' dir='ltr'>Resipisces.</span> <span class='ocrx_word' id='word_1_127' title='bbox 690 2070 732 2112; x_wconf 88' lang='lat' dir='ltr'>Si</span> <span class='ocrx_word' id='word_1_128' title='bbox 765 2071 816 2111; x_wconf 87' lang='lat' dir='ltr'>ad</span> <span class='ocrx_word' id='word_1_129' title='bbox 851 2085 969 2112; x_wconf 87' lang='lat' dir='ltr'>erum</span> <span class='ocrx_word' id='word_1_130' title='bbox 995 2071 1101 2112; x_wconf 85' lang='lat' dir='ltr'>haec</span> <span class='ocrx_word' id='word_1_131' title='bbox 1126 2085 1193 2112; x_wconf 90' lang='lat' dir='ltr'>res</span> <span class='ocrx_word' id='word_1_132' title='bbox 1220 2071 1455 2119; x_wconf 85' lang='lat' dir='ltr'>deuenerit,</span> <span class='ocrx_word' id='word_1_133' title='bbox 1489 2072 1651 2126; x_wconf 90' lang='lat' dir='ltr'>peribis</span> <span class='ocrx_word' id='word_1_134' title='bbox 1675 2073 1835 2127; x_wconf 86' lang='lat' dir='ltr'>pulcre.</span> 
     </span>
    </p>
   </div>
   <div class='ocr_carea' id='block_1_13' title="bbox 391 2163 517 2166">
    <p class='ocr_par' dir='ltr' id='par_1_13' title="bbox 391 2163 517 2166">
     <span class='ocr_line' id='line_1_27' title="bbox 391 2163 517 2166; baseline 0 0"><span class='ocrx_word' id='word_1_135' title='bbox 391 2163 517 2166; x_wconf 95' lang='lat' dir='ltr'> </span> 
     </span>
    </p>
   </div>
   <div class='ocr_carea' id='block_1_14' title="bbox 384 2205 1842 2821">
    <p class='ocr_par' dir='ltr' id='par_1_14' title="bbox 384 2205 1842 2821">
     <span class='ocr_line' id='line_1_28' title="bbox 474 2205 1839 2254; baseline 0.002 -13"><span class='ocrx_word' id='word_1_136' title='bbox 474 2209 538 2242; x_wconf 83' lang='lat'>395</span> <span class='ocrx_word' id='word_1_137' title='bbox 564 2207 753 2250; x_wconf 68' lang='lat' dir='ltr'>uigilantia</span> <span class='ocrx_word' id='word_1_138' title='bbox 775 2205 842 2240; x_wconf 87' lang='lat' dir='ltr'>BC</span> <span class='ocrx_word' id='word_1_139' title='bbox 911 2207 1025 2240; x_wconf 81' lang='lat' dir='ltr'>uisam</span> <span class='ocrx_word' id='word_1_140' title='bbox 1051 2217 1215 2240; x_wconf 87' lang='lat' dir='ltr'>memora</span> <span class='ocrx_word' id='word_1_141' title='bbox 1241 2212 1274 2240; x_wconf 88' lang='lat' dir='ltr'>st</span> <span class='ocrx_word' id='word_1_142' title='bbox 1300 2207 1335 2241; x_wconf 90' lang='lat' dir='ltr'><em>B</em></span> <span class='ocrx_word' id='word_1_143' title='bbox 1405 2209 1470 2242; x_wconf 84' lang='lat'>396</span> <span class='ocrx_word' id='word_1_144' title='bbox 1496 2207 1595 2243; x_wconf 85' lang='lat' dir='ltr'>Heus</span> <span class='ocrx_word' id='word_1_145' title='bbox 1615 2208 1683 2243; x_wconf 87' lang='lat' dir='ltr'>BC</span> <span class='ocrx_word' id='word_1_146' title='bbox 1747 2221 1839 2254; x_wconf 83' lang='lat' dir='ltr'>prae·</span> 
     </span>
     <span class='ocr_line' id='line_1_29' title="bbox 385 2263 1747 2309; baseline 0.002 -11"><span class='ocrx_word' id='word_1_147' title='bbox 385 2264 472 2298; x_wconf 85' lang='lat' dir='ltr'>dent</span> <span class='ocrx_word' id='word_1_148' title='bbox 497 2265 681 2298; x_wconf 76' lang='lat' dir='ltr'>somnium</span> <span class='ocrx_word' id='word_1_149' title='bbox 707 2267 770 2298; x_wconf 88' lang='lat' dir='ltr'>aut</span> <span class='ocrx_word' id='word_1_150' title='bbox 783 2263 829 2305; x_wconf 79' lang='grc' dir='ltr'>Β,</span> <span class='ocrx_word' id='word_1_151' title='bbox 855 2265 1053 2307; x_wconf 73' lang='lat' dir='ltr'>praesentia</span> <span class='ocrx_word' id='word_1_152' title='bbox 1080 2264 1203 2297; x_wconf 86' lang='lat' dir='ltr'>omnia</span> <span class='ocrx_word' id='word_1_153' title='bbox 1228 2264 1286 2298; x_wconf 84' lang='lat' dir='ltr'>abi</span> <span class='ocrx_word' id='word_1_154' title='bbox 1314 2263 1343 2298; x_wconf 79' lang='grc' dir='ltr'><em>Ο</em></span> <span class='ocrx_word' id='word_1_155' title='bbox 1433 2266 1692 2309; x_wconf 85' lang='lat' dir='ltr'>conprecarint</span> <span class='ocrx_word' id='word_1_156' title='bbox 1711 2266 1747 2301; x_wconf 90' lang='lat' dir='ltr'><strong><em>B</em></strong></span> 
     </span>
     <span class='ocr_line' id='line_1_30' title="bbox 384 2320 1841 2366; baseline 0.003 -11"><span class='ocrx_word' id='word_1_157' title='bbox 384 2322 450 2355; x_wconf 81' lang='lat'>397</span> <span class='ocrx_word' id='word_1_158' title='bbox 474 2325 616 2356; x_wconf 86' lang='lat' dir='ltr'>certum</span> <span class='ocrx_word' id='word_1_159' title='bbox 643 2320 712 2355; x_wconf 88' lang='lat' dir='ltr'>BC</span> <span class='ocrx_word' id='word_1_160' title='bbox 805 2320 870 2354; x_wconf 82' lang='lat'>398</span> <span class='ocrx_word' id='word_1_161' title='bbox 893 2321 999 2365; x_wconf 83' lang='lat' dir='ltr'>probi</span> <span class='ocrx_word' id='word_1_162' title='bbox 1027 2321 1070 2365; x_wconf 82' lang='lat' dir='ltr'>A,</span> <span class='ocrx_word' id='word_1_163' title='bbox 1104 2325 1218 2366; x_wconf 88' lang='lat' dir='ltr'>prout</span> <span class='ocrx_word' id='word_1_164' title='bbox 1243 2320 1289 2364; x_wconf 79' lang='lat' dir='ltr'>B,</span> <span class='ocrx_word' id='word_1_165' title='bbox 1323 2322 1430 2366; x_wconf 87' lang='lat' dir='ltr'>prodi</span> <span class='ocrx_word' id='word_1_166' title='bbox 1457 2321 1486 2357; x_wconf 85' lang='lat' dir='ltr'><strong><em>C</em></strong></span> <span class='ocrx_word' id='word_1_167' title='bbox 1574 2323 1786 2358; x_wconf 84' lang='lat' dir='ltr'>insimulata</span> <span class='ocrx_word' id='word_1_168' title='bbox 1813 2323 1841 2359; x_wconf 84' lang='lat' dir='ltr'><strong><em>G</em></strong></span> 
     </span>
     <span class='ocr_line' id='line_1_31' title="bbox 475 2377 1838 2428; baseline 0.002 -16"><span class='ocrx_word' id='word_1_169' title='bbox 475 2380 540 2413; x_wconf 87' lang='grc'>399</span> <span class='ocrx_word' id='word_1_170' title='bbox 567 2379 725 2421; x_wconf 81' lang='lat' dir='ltr'>gesserit</span> <span class='ocrx_word' id='word_1_171' title='bbox 748 2377 818 2413; x_wconf 82' lang='lat' dir='ltr'>BG</span> <span class='ocrx_word' id='word_1_172' title='bbox 909 2378 1056 2412; x_wconf 85' lang='lat' dir='ltr'>dorsum</span> <span class='ocrx_word' id='word_1_173' title='bbox 1089 2382 1208 2412; x_wconf 85' lang='lat' dir='ltr'>totum</span> <span class='ocrx_word' id='word_1_174' title='bbox 1233 2378 1268 2411; x_wconf 82' lang='lat' dir='ltr'><strong><em>A</em></strong></span> <span class='ocrx_word' id='word_1_175' title='bbox 1361 2380 1479 2423; x_wconf 90' lang='lat' dir='ltr'>prorit</span> <span class='ocrx_word' id='word_1_176' title='bbox 1502 2380 1537 2414; x_wconf 96' lang='grc' dir='ltr'><strong><em>Β</em></strong></span> <span class='ocrx_word' id='word_1_177' title='bbox 1628 2382 1706 2428; x_wconf 19' lang='lat'>4004</span> <span class='ocrx_word' id='word_1_178' title='bbox 1726 2381 1838 2425; x_wconf 85' lang='lat' dir='ltr'>peris-</span> 
     </span>
     <span class='ocr_line' id='line_1_32' title="bbox 386 2435 1748 2472; baseline 0.002 -3"><span class='ocrx_word' id='word_1_179' title='bbox 386 2446 443 2470; x_wconf 80' lang='lat' dir='ltr'>ses</span> <span class='ocrx_word' id='word_1_180' title='bbox 469 2435 581 2470; x_wconf 90' lang='lat' dir='ltr'>sedB</span> <span class='ocrx_word' id='word_1_181' title='bbox 652 2436 785 2469; x_wconf 86' lang='lat' dir='ltr'>numA</span> <span class='ocrx_word' id='word_1_182' title='bbox 880 2438 989 2469; x_wconf 84' lang='lat' dir='ltr'>certo.</span> <span class='ocrx_word' id='word_1_183' title='bbox 1019 2435 1082 2469; x_wconf 91' lang='lat' dir='ltr'>SC.</span> <span class='ocrx_word' id='word_1_184' title='bbox 1111 2440 1212 2470; x_wconf 84' lang='lat' dir='ltr'>certa</span> <span class='ocrx_word' id='word_1_185' title='bbox 1231 2435 1298 2470; x_wconf 80' lang='lat' dir='ltr'>Bo</span> <span class='ocrx_word' id='word_1_186' title='bbox 1385 2437 1446 2470; x_wconf 89' lang='lat'>401</span> <span class='ocrx_word' id='word_1_187' title='bbox 1477 2436 1696 2472; x_wconf 83' lang='lat' dir='ltr'>obseruaret</span> <span class='ocrx_word' id='word_1_188' title='bbox 1713 2437 1748 2472; x_wconf 91' lang='lat' dir='ltr'><em>B</em></span> 
     </span>
     <span class='ocr_line' id='line_1_33' title="bbox 386 2491 1836 2539; baseline 0.003 -14"><span class='ocrx_word' id='word_1_189' title='bbox 386 2492 521 2527; x_wconf 71' lang='lat' dir='ltr'>ubiss&amp;</span> <span class='ocrx_word' id='word_1_190' title='bbox 546 2492 590 2532; x_wconf 86' lang='grc' dir='ltr'>Β,</span> <span class='ocrx_word' id='word_1_191' title='bbox 617 2493 677 2526; x_wconf 88' lang='lat' dir='ltr'>ubi</span> <span class='ocrx_word' id='word_1_192' title='bbox 704 2492 794 2526; x_wconf 85' lang='lat' dir='ltr'>isset</span> <span class='ocrx_word' id='word_1_193' title='bbox 822 2491 857 2535; x_wconf 81' lang='grc' dir='ltr'>Ο,</span> <span class='ocrx_word' id='word_1_194' title='bbox 887 2503 908 2525; x_wconf 89' lang='lat' dir='ltr'>u</span> <span class='ocrx_word' id='word_1_195' title='bbox 926 2519 930 2524; x_wconf 85' lang='lat'>.</span> <span class='ocrx_word' id='word_1_196' title='bbox 947 2519 974 2527; x_wconf 93' lang='lat'>..</span> <span class='ocrx_word' id='word_1_197' title='bbox 1065 2493 1097 2526; x_wconf 88' lang='lat' dir='ltr'><strong><em>A</em></strong></span> <span class='ocrx_word' id='word_1_198' title='bbox 1192 2494 1333 2527; x_wconf 85' lang='lat' dir='ltr'>scelera</span> <span class='ocrx_word' id='word_1_199' title='bbox 1346 2496 1383 2527; x_wconf 91' lang='lat' dir='ltr'>et</span> <span class='ocrx_word' id='word_1_200' title='bbox 1398 2493 1431 2527; x_wconf 92' lang='lat' dir='ltr'><em>B</em></span> <span class='ocrx_word' id='word_1_201' title='bbox 1524 2495 1590 2529; x_wconf 82' lang='lat'>402</span> <span class='ocrx_word' id='word_1_202' title='bbox 1614 2494 1700 2539; x_wconf 86' lang='lat' dir='ltr'>quia</span> <span class='ocrx_word' id='word_1_203' title='bbox 1719 2494 1836 2529; x_wconf 88' lang='lat' dir='ltr'>simile</span> 
     </span>
     <span class='ocr_line' id='line_1_34' title="bbox 385 2547 1747 2592; baseline 0.003 -10"><span class='ocrx_word' id='word_1_204' title='bbox 385 2549 430 2590; x_wconf 85' lang='grc' dir='ltr'>Β,</span> <span class='ocrx_word' id='word_1_205' title='bbox 459 2550 560 2592; x_wconf 82' lang='lat' dir='ltr'>quasi</span> <span class='ocrx_word' id='word_1_206' title='bbox 589 2549 704 2582; x_wconf 83' lang='lat' dir='ltr'>simile</span> <span class='ocrx_word' id='word_1_207' title='bbox 731 2547 760 2582; x_wconf 80' lang='lat' dir='ltr'><strong><em>G</em></strong></span> <span class='ocrx_word' id='word_1_208' title='bbox 849 2551 915 2583; x_wconf 88' lang='lat'>403</span> <span class='ocrx_word' id='word_1_209' title='bbox 948 2548 1075 2583; x_wconf 87' lang='lat' dir='ltr'>uituB</span> <span class='ocrx_word' id='word_1_210' title='bbox 1148 2561 1184 2583; x_wconf 84' lang='lat' dir='ltr'>es</span> <span class='ocrx_word' id='word_1_211' title='bbox 1211 2560 1274 2584; x_wconf 88' lang='lat' dir='ltr'>om.</span> <span class='ocrx_word' id='word_1_212' title='bbox 1294 2551 1337 2591; x_wconf 83' lang='lat' dir='ltr'>A,</span> <span class='ocrx_word' id='word_1_213' title='bbox 1361 2557 1379 2585; x_wconf 74' lang='lat' dir='ltr'>e</span> <span class='ocrx_word' id='word_1_214' title='bbox 1405 2550 1440 2585; x_wconf 92' lang='grc' dir='ltr'><strong><em>Β</em></strong></span> <span class='ocrx_word' id='word_1_215' title='bbox 1533 2551 1688 2586; x_wconf 87' lang='lat' dir='ltr'>uidisset</span> <span class='ocrx_word' id='word_1_216' title='bbox 1712 2550 1747 2586; x_wconf 96' lang='grc' dir='ltr'><strong><em>Β</em></strong></span> 
     </span>
     <span class='ocr_line' id='line_1_35' title="bbox 385 2605 1842 2651; baseline 0.003 -12"><span class='ocrx_word' id='word_1_217' title='bbox 385 2608 451 2639; x_wconf 90' lang='grc'>404</span> <span class='ocrx_word' id='word_1_218' title='bbox 476 2617 540 2640; x_wconf 84' lang='lat' dir='ltr'>om.</span> <span class='ocrx_word' id='word_1_219' title='bbox 566 2605 633 2641; x_wconf 83' lang='lat' dir='ltr'>BC</span> <span class='ocrx_word' id='word_1_220' title='bbox 721 2607 787 2640; x_wconf 83' lang='lat'>405</span> <span class='ocrx_word' id='word_1_221' title='bbox 815 2606 931 2640; x_wconf 79' lang='lat' dir='ltr'>Meam</span> <span class='ocrx_word' id='word_1_222' title='bbox 958 2605 1005 2645; x_wconf 85' lang='lat' dir='ltr'>B,</span> <span class='ocrx_word' id='word_1_223' title='bbox 1038 2605 1096 2639; x_wconf 78' lang='lat' dir='ltr'>Me</span> <span class='ocrx_word' id='word_1_224' title='bbox 1130 2618 1206 2640; x_wconf 85' lang='lat' dir='ltr'>eam</span> <span class='ocrx_word' id='word_1_225' title='bbox 1236 2607 1265 2642; x_wconf 82' lang='lat'>0</span> <span class='ocrx_word' id='word_1_226' title='bbox 1361 2608 1487 2643; x_wconf 85' lang='lat' dir='ltr'>arbitr.</span> <span class='ocrx_word' id='word_1_227' title='bbox 1513 2607 1559 2651; x_wconf 92' lang='lat' dir='ltr'>B,</span> <span class='ocrx_word' id='word_1_228' title='bbox 1595 2609 1785 2643; x_wconf 85' lang='lat' dir='ltr'>arbitraris</span> <span class='ocrx_word' id='word_1_229' title='bbox 1813 2609 1842 2644; x_wconf 91' lang='lat' dir='ltr'>C&#39;</span> 
     </span>
     <span class='ocr_line' id='line_1_36' title="bbox 477 2663 1842 2710; baseline 0.003 -14"><span class='ocrx_word' id='word_1_230' title='bbox 477 2663 597 2697; x_wconf 87' lang='lat' dir='ltr'>hercle</span> <span class='ocrx_word' id='word_1_231' title='bbox 637 2665 768 2706; x_wconf 82' lang='lat' dir='ltr'>opinor</span> <span class='ocrx_word' id='word_1_232' title='bbox 805 2663 957 2696; x_wconf 82' lang='lat' dir='ltr'>obsecro</span> <span class='ocrx_word' id='word_1_233' title='bbox 983 2663 1051 2698; x_wconf 89' lang='lat' dir='ltr'>BC</span> <span class='ocrx_word' id='word_1_234' title='bbox 1139 2665 1204 2698; x_wconf 82' lang='lat'>406</span> <span class='ocrx_word' id='word_1_235' title='bbox 1238 2664 1440 2709; x_wconf 85' lang='lat' dir='ltr'>Respicisci</span> <span class='ocrx_word' id='word_1_236' title='bbox 1471 2665 1516 2707; x_wconf 88' lang='grc' dir='ltr'>Β,</span> <span class='ocrx_word' id='word_1_237' title='bbox 1555 2665 1721 2710; x_wconf 76' lang='lat' dir='ltr'>Respicis</span> <span class='ocrx_word' id='word_1_238' title='bbox 1755 2667 1783 2700; x_wconf 89' lang='lat' dir='ltr'>si</span> <span class='ocrx_word' id='word_1_239' title='bbox 1814 2666 1842 2701; x_wconf 82' lang='lat' dir='ltr'>C</span> 
     </span>
     <span class='ocr_line' id='line_1_37' title="bbox 475 2720 1751 2766; baseline 0.002 -12"><span class='ocrx_word' id='word_1_240' title='bbox 475 2731 532 2754; x_wconf 84' lang='lat' dir='ltr'>res</span> <span class='ocrx_word' id='word_1_241' title='bbox 558 2722 659 2763; x_wconf 83' lang='lat' dir='ltr'>prius</span> <span class='ocrx_word' id='word_1_242' title='bbox 755 2721 800 2753; x_wconf 92' lang='lat' dir='ltr'>ob</span> <span class='ocrx_word' id='word_1_243' title='bbox 839 2720 964 2754; x_wconf 82' lang='lat' dir='ltr'>oculos</span> <span class='ocrx_word' id='word_1_244' title='bbox 1001 2722 1158 2755; x_wconf 80' lang='lat' dir='ltr'>creuerit</span> <span class='ocrx_word' id='word_1_245' title='bbox 1192 2721 1236 2758; x_wconf 83' lang='lat' dir='ltr'>B.</span> <span class='ocrx_word' id='word_1_246' title='bbox 1274 2722 1320 2756; x_wconf 93' lang='lat' dir='ltr'>ob</span> <span class='ocrx_word' id='word_1_247' title='bbox 1359 2721 1487 2756; x_wconf 89' lang='lat' dir='ltr'>oculos</span> <span class='ocrx_word' id='word_1_248' title='bbox 1522 2724 1696 2766; x_wconf 85' lang='lat' dir='ltr'>peruenit</span> <span class='ocrx_word' id='word_1_249' title='bbox 1722 2723 1751 2758; x_wconf 88' lang='lat' dir='ltr'>C&#39;</span> 
     </span>
     <span class='ocr_line' id='line_1_38' title="bbox 389 2778 603 2821; baseline 0.014 -12"><span class='ocrx_word' id='word_1_250' title='bbox 389 2778 509 2821; x_wconf 80' lang='lat' dir='ltr'>pernis</span> <span class='ocrx_word' id='word_1_251' title='bbox 536 2778 603 2812; x_wconf 84' lang='lat' dir='ltr'>BC</span> 
     </span>
    </p>
   </div>
  </div>
 </body>
</html>
