1963 3243
136 238 167 283 Ι,
195 240 226 280 6,
251 239 362 273 8—27
775 237 987 272 Pseudolus.
1574 244 1625 282 39

729 362 1038 404 Pseudolus

660 435 751 476 Iam
783 435 845 476 illi
879 440 1026 476 notust
1058 435 1193 486 filiu83

139 508 292 550 Occisa
325 512 391 549 est
423 507 528 548 haec
560 521 642 558 res,
674 506 826 548 haeret
857 507 938 548 hoc
970 508 1202 560 negotium.

139 580 231 631 Quo
264 580 305 620 in
339 584 610 620 conmeatum
642 578 762 621 uolui
794 580 1085 632 argentarium

139 650 369 700 Proficisci,
403 651 461 692 ibi
494 638 607 692 ffunc
639 651 798 705 oppido
831 651 1042 705 obsaepta
1074 655 1139 692 est
1170 651 1253 692 uia.
1567 663 1632 696 425

139 723 407 774 Praesensit;
440 722 546 764 nihil
579 729 645 764 est
677 723 865 777 praedae
899 722 1242 776 praedatoribus.

768 832 1017 886 Callipho

140 904 345 947 Homines
378 905 450 957 qui
483 909 654 958 gestant
686 905 845 958 quique
878 904 1127 946 auscultant
1158 904 1348 953 crimina,

140 977 184 1019 Si
215 990 308 1018 meo
343 976 560 1018 arbitratu
592 977 734 1025 liceat,
769 991 916 1018 omnes
950 976 1179 1030 pendeant,

140 1048 348 1091 Gestores
379 1048 552 1101 linguis,
585 1048 806 1090 auditores
838 1048 1027 1090 auribus.

139 1106 247 1163 Nam
278 1121 416 1162 istaec
449 1134 559 1173 quae
592 1120 673 1161 tibi
704 1121 1027 1170 renuntiantur,
1060 1119 1194 1161 filium
1567 1131 1634 1163 430

139 1192 198 1235 Te
228 1192 339 1234 uelle
371 1198 588 1233 amant-em
619 1197 798 1245 argento
833 1191 1168 1241 circumducere,

140 1263 246 1306 Fors
277 1263 370 1305 fuat
402 1278 455 1305 an
487 1265 623 1305 istaec
655 1264 773 1306 dicta
805 1265 891 1306 sint
921 1264 1159 1306 mendacia.

141 1335 224 1378 Sed
256 1337 292 1378 si
323 1336 409 1377 sint
441 1349 491 1377 ea
521 1350 640 1387 uera,
675 1341 723 1378 ut
753 1350 867 1378 nunc
900 1350 993 1377 mos
1026 1341 1104 1386 est,
1138 1349 1345 1381 maxume,

141 1406 254 1457 Quid
285 1409 442 1449 mirum
473 1408 593 1458 fecit,
627 1408 731 1462 quid
763 1422 934 1459 nouom,
967 1408 1219 1449 adulescens
1251 1407 1377 1449 homo

143 1479 186 1522 Si
217 1486 348 1530 amat,
382 1481 417 1522 si
448 1481 634 1522 amicam
665 1480 854 1522 liberat?

732 1597 1041 1639 Pseudolus

921 1669 1131 1724 Lepidum
1165 1684 1322 1711 senem.
1564 1680 1630 1713 435

819 1783 963 1825 Simo

139 1854 275 1898 Uetus
307 1855 406 1897 nolo
439 1855 583 1897 faciat.

761 1949 1010 2004 Callipho

662 2023 717 2063 At
748 2024 861 2065 enim
892 2023 1158 2076 nequiquam
1189 2022 1336 2072 neuis,

140 2093 219 2136 Uel
249 2099 297 2136 tu
327 2108 379 2136 ne
411 2093 576 2136 faceres
609 2094 696 2136 tale
728 2095 771 2135 in
804 2094 1114 2136 adulescentia.

140 2165 327 2208 Probum
359 2171 526 2220 patrem
562 2180 652 2208 esse
685 2172 869 2220 oportet,
904 2168 977 2220 qui
1009 2171 1189 2217 gnatum
1222 2179 1344 2206 suum

141 2237 247 2280 Esse
279 2238 526 2292 probiorem
561 2252 690 2292 quam
722 2239 842 2292 ipsus
874 2238 1004 2279 fuerit
1036 2237 1238 2292 postulet.

142 2310 250 2351 Nam
282 2316 330 2351 tu
361 2310 479 2364 quod
511 2311 658 2352 damni
692 2315 735 2352 et
766 2311 882 2364 quod
915 2310 1052 2351 fecisti
1084 2308 1219 2362 flagiti
1570 2319 1638 2351 440

142 2381 309 2436 Populo
341 2383 506 2424 uiritim
539 2383 678 2436 potuit
711 2381 994 2435 dispertirier.

143 2453 193 2494 Id
224 2467 338 2495 nunc
369 2455 538 2505 mirare⁷
575 2455 611 2495 si
644 2454 853 2507 patrissat
883 2453 1028 2495 filius?

235 2594 301 2626 424
327 2592 421 2636 Quin
448 2599 694 2627 commeatum
789 2594 889 2626 uolui
984 2595 1050 2627 425
1076 2603 1167 2636 opsa
1192 2590 1377 2635 eptastula
1404 2589 1473 2625 BC
1570 2591 1637 2623 426

145 2647 215 2683 CA.
241 2659 307 2683 om.
336 2649 365 2684 C
459 2650 631 2684 snuribus
657 2649 692 2684 B
793 2652 860 2684 430
885 2651 978 2684 istae
1006 2649 1034 2684 G
1123 2649 1189 2682 432
1217 2647 1386 2681 Forsitan
1412 2658 1455 2681 ea
1480 2646 1547 2680 tibi
1574 2646 1640 2680 BC

242 2710 327 2740 sunt
352 2705 381 2740 C
471 2708 536 2741 433
563 2718 606 2740 ea
632 2718 721 2740 uero
748 2710 833 2740 sunt
857 2705 926 2740 BC
1050 2716 1130 2739 mos
1157 2715 1221 2739 om.
1250 2703 1279 2738 C
1375 2714 1542 2737 maxume
1569 2703 1634 2736 tibi

146 2763 362 2796 renuntiant
388 2763 421 2796 A
514 2763 580 2797 434
605 2775 718 2797 noum
745 2763 774 2796 Α
866 2764 932 2797 435
958 2761 1022 2796 PS.
1049 2772 1117 2797 om.
1147 2761 1175 2796 C
1254 2761 1320 2795 436
1345 2759 1454 2803 nequi
1481 2763 1517 2794 at
1541 2760 1637 2793 enim

145 2830 255 2862 quam
282 2819 314 2852 A
403 2821 470 2853 442
495 2831 540 2854 ne
566 2824 605 2854 tu
633 2819 753 2853 mirari
