1963 3243
379 174 431 212 52
1041 172 1161 207 Plauti
1543 173 1610 216 ΠΙ,
1637 175 1668 214 1,
1694 175 1826 208 10-23

378 295 544 349 Quippe
576 297 646 349 qui
679 297 714 338 si
746 297 959 339 resciuere
990 298 1151 338 inimici
1183 297 1407 339 consilium
1439 301 1574 348 tuum,

376 365 545 420 Tuopte
585 366 666 409 tibi
704 368 884 410 consilio
932 367 1165 410 occludunt
1203 368 1396 422 linguam
1442 373 1485 410 et
1524 370 1826 425 constringunt

1458 454 1623 493 manus,

376 509 518 563 Atque
549 510 712 561 eadem,
743 524 854 564 quae
884 510 970 552 illis
1002 511 1182 552 uoluisti
1214 510 1368 563 facere,
1400 511 1465 553 illi
1495 511 1661 554 faciunt
1690 512 1782 554 tibi.

376 579 459 621 Sed
491 581 763 634 speculabor,
802 595 854 623 ne
896 583 992 636 quis
1034 587 1110 624 aut
1140 583 1241 624 hinc
1272 596 1298 624 a
1327 583 1455 624 laeua
1486 588 1563 625 aut
1592 598 1618 625 a
1648 584 1827 626 dextera

375 652 534 694 Nostro
566 653 747 695 consilio
779 659 963 695 uenator
993 654 1109 695 adsit
1139 667 1236 695 cum
1267 654 1420 696 auritis
1452 655 1601 709 plagis.
1709 692 1712 694 ,
1759 668 1828 700 610

375 723 542 766 Sterilis
560 724 657 766 hinc
669 729 926 779 prospectus
943 739 1080 779 usque
1097 725 1152 767 ad
1169 726 1380 766 ultumam
1397 731 1463 768 est
1475 726 1664 780 plateam
1678 727 1823 781 probe.

374 795 589 838 Euocabo.
637 796 765 846 Heus,
792 796 1138 850 Periplecomene
1162 803 1204 837 et
1228 796 1477 848 Pleusicles,
1503 799 1824 851 progredimini.

862 898 1339 952 Periplecomenus

375 969 484 1011 Ecce
515 983 592 1011 nos
623 970 703 1012 tibi
736 970 991 1012 obedientis.

943 1072 1255 1114 Palaestrio

1038 1143 1228 1185 Facilest
1257 1144 1486 1198 imperium
1516 1144 1561 1186 in
1591 1145 1728 1188 bonis.

373 1216 456 1258 Sed
487 1217 585 1259 uolo
618 1217 747 1258 scire:
781 1216 932 1258 eodem
963 1216 1143 1257 consilio
1171 1215 1290 1270 quod
1312 1217 1430 1258 intus
1456 1217 1652 1259 meditati
1678 1232 1824 1260 sumus

374 1288 572 1330 Gerimus
604 1288 726 1330 rem?

862 1367 1336 1422 Periplecomenus

763 1439 900 1493 Magis
931 1454 1016 1481 non
1047 1444 1192 1494 potest
1222 1453 1317 1482 esse
1349 1440 1405 1481 ad
1435 1454 1525 1482 rem
1557 1441 1711 1483 utibile
1757 1452 1824 1486 615

941 1541 973 1583 Ρ
987 1542 1072 1584 ala
1083 1556 1105 1584 e
1117 1558 1136 1585 s
1148 1546 1167 1584 t
1177 1543 1256 1585 rio

370 1614 503 1655 Immo
535 1614 560 1666 †
592 1613 696 1668 quid
727 1613 822 1665 tibi,
854 1613 1090 1656 Pleusicles
1101 1614 1121 1655 ἶ)

948 1705 1248 1748 Pleusicles

843 1777 1022 1828 Quodne
1053 1777 1178 1820 uobis
1211 1778 1397 1832 placeat,
1429 1776 1659 1832 displiceat
1689 1777 1824 1819 mihi?

372 1848 496 1902 [Quis
527 1849 654 1891 homo
689 1851 746 1890 sit
779 1850 912 1903 magis
953 1850 1101 1891 meus?
1164 1849 1370 1899 Quamuis
1401 1849 1580 1904 loquere
1610 1849 1751 1904 lepide
1784 1856 1826 1891 et
1876 1904 1883 1908 ἢ

1386 1921 1619 1964 commode.
1716 1916 1727 1929 ‘

946 2000 1250 2043 Palaestrio

338 2115 347 2123 ,
370 2073 445 2115 Pol
477 2075 540 2115 ita
572 2075 695 2115 decet
725 2074 839 2115 hunc
870 2073 1024 2115 facere.

939 2176 1244 2218 Pleusicles

977 2249 1033 2289 At
1063 2248 1146 2291 hoc
1170 2263 1236 2291 me
1260 2248 1427 2290 facinus
1452 2250 1605 2291 misere
1633 2253 1824 2290 macerat

368 2320 598 2374 Meumque
630 2335 703 2363 cor
734 2334 977 2375 corpusque
1009 2321 1185 2362 cruciat.

459 2446 524 2479 606
551 2446 684 2490 quippe
711 2445 747 2479 hi
773 2445 802 2478 si
826 2446 1012 2480 resciuere
1037 2446 1081 2488 A,
1114 2445 1252 2489 quippe
1284 2446 1376 2480 seire
1411 2446 1530 2480 siuere
1555 2445 1620 2480 BC
1717 2456 1822 2479 suum

368 2501 435 2537 BC
524 2503 591 2536 608
616 2502 670 2536 illi
695 2512 759 2536 om.
786 2501 856 2537 BG
943 2503 1010 2536 609
1036 2507 1098 2536 aut·
1121 2502 1165 2536 ab
1181 2502 1286 2536 laeua
1300 2502 1346 2541 A.
1373 2503 1547 2537 autaleua
1571 2503 1605 2536 B
1698 2513 1718 2535 a
1740 2502 1823 2536 dex-

368 2563 428 2592 tra
454 2558 490 2600 0,
517 2559 668 2593 dextera
693 2550 728 2593 B
829 2560 894 2593 611
922 2559 1120 2603 plateamst
1145 2558 1216 2594 BC
1315 2561 1380 2593 612
1406 2560 1720 2604 periplectomene

369 2620 409 2650 ut
434 2616 600 2660 plesiclos
627 2616 669 2658 B,
696 2620 733 2650 et
758 2616 942 2661 pleusides
970 2616 998 2650 C
1087 2618 1153 2650 615
1178 2616 1223 2650 ad
1249 2627 1325 2650 rem
1352 2627 1426 2650 non
1452 2619 1577 2659 potest
1602 2627 1680 2650 esse
1706 2615 1735 2650 C

369 2677 408 2706 ut
433 2673 539 2706 sibile
565 2672 599 2706 Β
654 2680 660 2686 ·
703 2674 768 2707 616
793 2673 980 2717 pleusides
1007 2672 1036 2708 C
1137 2673 1235 2717 quod
1261 2684 1327 2707 uec
1356 2673 1385 2707 C
1482 2674 1550 2707 617
1575 2685 1632 2707 me
1667 2684 1820 2716 usquam

369 2741 410 2763 us
439 2729 468 2764 G
569 2730 687 2774 lepide
713 2741 794 2763 mee
819 2729 1012 2764 commode
1038 2730 1072 2763 B
1170 2731 1236 2764 618
1263 2730 1332 2764 ΡΑ.
1359 2739 1425 2763 om..
1527 2730 1623 2764 hanc
1718 2729 1822 2763 PER.

458 2798 514 2820 me
541 2798 605 2820 om.
634 2786 667 2819 B
760 2787 895 2821 misera
920 2787 962 2829 Β,
989 2787 1127 2820 miseru
1155 2787 1184 2821 C
