1963 3243
114 204 180 246 111,
203 205 235 242 3.
259 204 392 238 26—34
678 201 782 236 Miles
807 200 993 245 gloriosus
1516 196 1568 234 73

623 326 1052 369 Acroteleutium

983 396 1088 446 Quis
1121 395 1201 443 hic,
1234 393 1387 436 amabo
1419 398 1497 440 est,

115 474 194 525 Qui
229 481 314 515 tam
350 487 425 527 pro
457 478 560 513 nota
591 472 785 512 nominat
817 471 912 511 nie?

605 585 1073 638 Periplecomenus

929 656 1009 698 Hic
1039 660 1188 697 noster
1219 653 1516 695 architectust.

624 771 1058 813 Acroteleutium

113 831 255 882 Salue,
287 831 536 872 architecte.

685 909 715 950 P
731 909 814 949 ala
825 922 846 950 e
862 922 880 949 s
891 908 996 949 trio

577 981 711 1023 Salua
734 982 802 1022 sis.
851 979 932 1022 Sed
952 979 1019 1020 dic
1037 978 1154 1028 mihi,
1173 977 1326 1030 ecquid
1346 976 1415 1018 hic
1433 983 1474 1018 te
1506 987 1573 1021 900

113 1056 324 1099 Onerauit
354 1055 628 1110 praeceptis?

602 1167 1073 1221 Periplecomenus

656 1240 794 1282 Probe
827 1239 1080 1281 meditatam
1114 1244 1344 1291 utramque
1377 1237 1501 1278 duco.

685 1354 1000 1396 Palaestrio

114 1429 276 1472 Audire
307 1429 435 1483 cupio
467 1442 595 1483 quem
627 1427 680 1468 ad
713 1427 909 1477 modum;
941 1440 994 1467 ne
1026 1425 1129 1480 quid
1157 1425 1360 1479 peccetis,
1393 1437 1545 1478 paueo.

605 1529 1075 1584 Periplecomenus

114 1605 177 1646 Ad
211 1609 287 1646 tua
318 1608 554 1659 praecepta
586 1602 638 1644 de
672 1616 764 1644 meo
796 1601 904 1643 nihil
936 1601 1002 1643 his
1033 1615 1191 1644 nouom
1223 1600 1440 1654 adposiui.

626 1705 1063 1747 Acroteleutium

114 1779 277 1834 Nempe
309 1779 524 1822 ludificari
555 1779 732 1820 militem
765 1784 888 1820 tuum
921 1791 1040 1820 erum
1071 1778 1169 1819 uis‘?

689 1881 1002 1924 Palaestrio

1215 1937 1430 1979 Exlocuta
1462 1950 1518 1978 es.

633 2020 1059 2062 Acroteleutium

116 2092 278 2147 Lepide
311 2099 354 2134 et
386 2094 617 2146 sapienter,
651 2093 873 2134 commode
906 2098 948 2134 et
979 2092 1119 2133 facete
1151 2104 1218 2132 res
1250 2095 1459 2144 paratast.
1512 2100 1580 2134 905

690 2195 1004 2238 Palaestrio

119 2270 258 2322 Atque
289 2268 416 2312 huius
447 2283 627 2311 uxorem
658 2281 747 2310 esse
777 2274 820 2310 te
852 2268 952 2310 uolo
985 2267 1260 2309 adsimulare.

638 2371 1060 2413 Acroteleutium
1343 2425 1389 2465 F·

1379 2435 1451 2466 let.

210 2543 277 2578 898
302 2544 363 2587 qui
390 2544 443 2578 sic
468 2544 577 2577 ambo
604 2548 660 2577 est
771 2543 838 2576 899
863 2540 957 2584 Quid
982 2540 1018 2575 B
1119 2544 1209 2574 nota
1233 2541 1357 2574 mittat
1382 2543 1480 2573 nota.
1509 2538 1577 2572 PE.

120 2601 179 2635 hic
204 2599 252 2641 B,
277 2607 405 2635 notam
419 2601 537 2634 minat
562 2606 662 2633 nota.
700 2599 772 2633 PE.
799 2611 817 2634 e
843 2599 901 2633 hic
930 2598 959 2633 G
1036 2599 1104 2632 900
1128 2597 1316 2641 saluasisis
1342 2602 1378 2631 et
1391 2595 1438 2638 B,
1464 2596 1578 2630 salua-

121 2658 242 2692 sissiet
267 2657 296 2692 Ο
386 2658 477 2692 haec
503 2657 590 2701 quid
686 2658 747 2690 901
778 2656 910 2690 ducam
935 2655 970 2689 B
1063 2657 1128 2689 902
1163 2654 1292 2698 nequit
1360 2665 1505 2697 paueno
1530 2652 1577 2690 B.

120 2726 264 2761 paueuo
292 2714 322 2750 C
415 2716 482 2749 903
506 2714 563 2748 his
598 2714 704 2758 posui
730 2713 773 2756 B,
807 2713 862 2747 his
889 2717 1055 2748 nououat
1081 2712 1187 2756 posui
1214 2710 1244 2747 G
1338 2712 1406 2745 904
1430 2716 1488 2744 est

121 2773 187 2807 905
211 2771 283 2807 Ac.
309 2782 374 2807 om.
489 2771 598 2806 facite
711 2775 837 2814 parate
941 2771 1007 2805 906
1032 2769 1112 2803 huis
1140 2768 1168 2803 C
1268 2779 1423 2802 uxorem
1446 2773 1486 2802 tu

123 2828 335 2863 adsimulari
359 2826 425 2863 fiat
