1963 3243
320 201 401 241 258
954 199 1170 236 Pseudolus.

433 329 524 366 670.
571 328 684 375 Quod
724 328 813 366 hinc
850 329 1020 368 Palatini
1061 330 1172 368 codd.
1205 344 1344 370 novam
1384 345 1538 377 scenam
1577 333 1796 382 ordiuntur,
1865 324 1915 364 ’ἦν

318 396 353 433 A
383 395 546 434 eandem
576 396 798 445 continuat,
829 399 943 447 parvi
971 399 1159 436 momenti
1189 403 1265 446 est;
1296 400 1395 437 illud
1426 414 1503 439 non
1530 403 1799 450 omittendum,
1848 391 1925 453 ἕξ)

319 463 425 512 quod
454 463 515 502 his
544 465 778 514 septenariis
806 466 847 503 in
868 465 900 502 B
932 468 1026 503 nota
1049 466 1267 516 praefigitur
1289 467 1329 514 C,
1362 480 1438 517 quo
1468 470 1659 508 canticum
1691 470 1800 508 tibiis

316 531 557 569 modulatum
586 532 706 571 fuisse
736 531 990 582 significatur,
1023 547 1058 571 v.
1091 533 1243 584 Proleg.
1274 548 1312 585 p.
1351 536 1440 573 172.
1472 555 1528 560 —
1570 538 1662 575 671.
1704 537 1800 576 Cum

317 599 466 637 viatore
496 612 537 637 se
567 603 778 650 comparat,
817 601 892 647 cui,
923 603 1132 651 postquam
1163 604 1366 648 erraverit,
1399 606 1443 640 ut
1465 605 1505 641 in
1528 608 1675 643 rectam
1698 606 1800 643 viam
1912 591 1923 624 ’-

317 666 466 715 redeat,
498 669 666 718 pecunia
696 681 794 718 opus
825 671 889 706 sit.
949 669 1033 707 Hoc
1063 682 1155 707 vero
1186 683 1262 707 non
1292 683 1361 707 suo
1387 675 1563 722 sumptu,
1595 672 1662 710 sed
1691 673 1798 711 illius
1860 678 1902 715 -j'

316 748 358 774 se
388 739 608 774 assecutum
639 736 744 774 dicit.
812 734 1008 775 redduxit
1045 738 1161 774 etiam
1193 739 1246 784 A,
1286 751 1321 776 v.
1354 738 1460 776 st.
1491 740 1603 778 Anal.
1634 753 1673 790 p.
1709 743 1797 780 169.
1864 742 1877 765 ⁴⁴
1901 751 1910 758 ⁷

315 823 370 829 —-
403 804 495 842 672.
527 800 720 853 Namque
751 808 790 841 et
819 801 919 842 mihi
947 817 1018 842 suo
1048 805 1132 842 loco
1162 806 1208 852 A,
1245 819 1280 843 v.
1313 806 1417 844 Low.
1449 827 1504 853 ἡ
1536 809 1628 846 673.
1660 805 1800 848 adlata

316 871 378 909 est
406 871 642 919 saracenus3
675 873 712 909 in
743 873 777 909 A
809 872 854 910 R.
887 873 964 910 duo
994 873 1028 910 L
1060 873 1164 922 legit.
1195 893 1243 898 —
1275 875 1368 912 674.
1402 871 1542 923 copiae
1572 876 1632 913 ed.
1663 889 1723 927 pr.
1748 896 1796 902 —
1860 864 1872 869 ..

317 940 410 977 675.
443 935 529 977 doli
558 940 635 977 iam
666 941 706 977 in
737 940 767 977 B
799 954 935 978 rasura
965 941 1141 978 effectum
1173 945 1243 979 est.
1279 962 1326 967 —
1363 952 1503 982 Omnes
1532 939 1598 981 hic
1625 943 1726 982 sunt
1752 945 1798 983 A.
1862 930 1882 970 .-

315 1027 370 1032 -
415 1008 508 1045 676.
554 1007 649 1045 Post
686 1008 904 1058 aryentum
940 1008 1070 1046 hiatus
1108 1009 1260 1047 vitandi
1301 1023 1417 1048 causa
1455 1010 1559 1050 Cam.
1599 1011 1688 1049 add.
1726 1013 1799 1060 est,

314 1076 399 1113 iure
430 1075 561 1113 credo.
587 1095 641 1100 —
675 1077 767 1114 677.
804 1073 920 1125 „copi
949 1090 1021 1126 pro
1048 1074 1231 1126 eopioso“
1258 1078 1357 1116 Non.
1383 1093 1421 1129 p.
1440 1080 1490 1116 84
1519 1079 1621 1117 hunc
1644 1092 1798 1117 versum
1855 1089 1883 1123 ,’

315 1143 479 1182 afferens
516 1147 561 1181 ut
598 1144 792 1182 edidimus
832 1149 871 1181 et
901 1149 945 1182 ut
975 1146 1015 1182 in
1046 1146 1079 1182 A
1110 1146 1266 1195 legitur.
1341 1146 1448 1194 Ego,
1489 1148 1636 1197 inquit,
1675 1151 1720 1184 ut
1749 1147 1798 1185 de

313 1211 460 1249 virtute
491 1225 577 1249 mea
606 1212 754 1261 glorier
784 1217 824 1250 et
853 1214 1004 1262 copiam
1034 1214 1183 1261 ingenii
1214 1214 1289 1251 mei
1319 1214 1478 1261 iactem,
1523 1217 1598 1252 iam
1639 1215 1800 1254 consilia

315 1292 494 1330 ceperam
525 1281 831 1327 accuratissima,
865 1281 1005 1330 quibus
1035 1281 1212 1319 lenonem
1244 1282 1431 1329 fallerem,
1464 1282 1533 1319 sed
1555 1283 1678 1320 multo
1701 1295 1798 1332 prae-
1855 1311 1864 1329 4

313 1350 420 1385 stare
449 1347 587 1394 fateor,
619 1349 723 1397 quod
755 1347 928 1386 Fortuna
957 1349 1113 1386 obtulit.
1145 1369 1200 1374 —
1232 1351 1325 1388 678.
1358 1348 1530 1400 quicque
1551 1351 1598 1388 A.
1625 1370 1680 1376 --
1705 1351 1798 1389 679.
1850 1346 1880 1389 ’ἕ
1898 1354 1902 1358 ”

312 1407 359 1452 in
390 1412 545 1462 ordme,
578 1430 613 1453 v.
646 1416 696 1454 ad
726 1416 810 1454 Mil.
845 1417 938 1454 873.
1007 1416 1052 1454 R.
1091 1418 1168 1464 „mi
1200 1416 1384 1465 ordine“;
1430 1419 1553 1468 Bugg.
1585 1418 1740 1456 Tidskr.
1770 1419 1797 1456 f.
1856 1410 1890 1453 ²st

313 1482 415 1521 Phil.
448 1483 520 1521 VII
557 1498 595 1535 p.
630 1486 702 1522 23:
755 1482 965 1531 „ordine“;
1012 1485 1117 1523 Brix.
1149 1486 1247 1523 Ann.
1288 1486 1383 1536 phil.
1416 1486 1464 1525 CI
1502 1500 1542 1537 p.
1581 1487 1659 1524 775
1699 1487 1798 1525 coni.

320 1555 486 1599 „ornata
515 1557 654 1590 cuncta
685 1554 725 1590 in
757 1554 906 1598 animo⁷
949 1556 992 1590 ut
1022 1554 1245 1600 uolueram,
1287 1552 1465 1592 ordine“.
1503 1574 1552 1580 --
1602 1556 1694 1593 680.
1739 1553 1802 1594 Sic
1842 1566 1870 1598 ἶ.

317 1617 408 1668 erit,
439 1622 493 1658 sic
525 1634 609 1659 esse
640 1621 858 1671 apparebit,
892 1635 926 1658 v.
952 1622 1000 1658 ad
1024 1623 1133 1660 Asin.
1162 1623 1254 1660 727.
1281 1641 1336 1647 --
1369 1624 1462 1660 681.
1493 1619 1584 1661 sola
1613 1625 1731 1661 etiam
1752 1623 1820 1661 A.-
1847 1638 1863 1675 :²

315 1708 370 1713 —
402 1689 495 1727 683.
524 1686 759 1738 praecellet,
797 1702 886 1726 rara
917 1689 1095 1728 secundae
1126 1691 1415 1739 coniugationis
1445 1690 1587 1738 forma,
1626 1704 1662 1728 v.
1693 1691 1800 1729 Neue

315 1755 513 1795 Formenl.
544 1757 595 1795 II.
627 1770 665 1807 p.
699 1758 778 1795 428
811 1761 850 1794 et
880 1757 970 1796 Lor.
1002 1757 1082 1795 h.l.
1115 1778 1169 1783 -—
1201 1755 1369 1805 exinde,
1408 1772 1444 1796 v.
1478 1759 1527 1796 ad
1556 1758 1674 1797 Most.
1706 1760 1798 1798 222.

318 1844 366 1849 —
401 1825 493 1862 684.
535 1825 612 1863 Pro
644 1822 845 1863 accidisse
874 1826 983 1863 Acid.
1021 1823 1254 1873 „cecidisse“
1289 1826 1445 1873 maluit,
1483 1830 1528 1864 ut
1556 1826 1664 1864 Trin.
1699 1828 1796 1866 507:

321 1895 376 1940 „si
415 1893 510 1931 haee
545 1907 608 1931 res
647 1894 823 1943 grauiter
861 1894 1003 1931 cecidit
1041 1895 1212 1932 stultitia
1248 1893 1372 1932 mea“.
1446 1893 1559 1933 Unde
1590 1894 1634 1932 R.
1671 1895 1805 1942 „Bene
1870 1896 1883 1913 '·

314 1962 381 1998 ubi
427 1962 610 1999 discimus
654 1962 855 1999 consilium
896 1963 988 2012 quoi
1029 1961 1260 2010 cecidisse“,
1309 1962 1415 2012 quod
1452 1962 1597 2012 probat
1626 1963 1796 2013 Langen.
1843 1990 1851 2006 ,-

315 2029 438 2066 Beitr.
478 2043 516 2079 p.
552 2029 652 2075 3223
697 2030 766 2067 sed
806 2030 904 2067 illud
943 2031 1018 2068 iam
1056 2031 1166 2068 Acid.
1200 2031 1480 2069 animadvertit
1517 2030 1671 2069 defendi
1707 2031 1796 2070 Ter.
1872 2045 1882 2049 ·“

316 2097 438 2136 Andr.
459 2099 558 2135 264:
595 2099 738 2145 „timeo
768 2099 960 2136 incertum
990 2098 1063 2136 hoc
1093 2111 1277 2148 quorsum
1309 2096 1499 2136 accidat“.
1559 2099 1697 2149 Itaque
1725 2111 1814 2149 pro*
1868 2094 1873 2097 ³

320 2165 437 2215 „quid
469 2166 674 2203 discimus“
711 2167 850 2216 scripsi
882 2162 980 2215 quoi
1011 2163 1122 2215 quod
1149 2165 1324 2213 scimu3;
1362 2180 1450 2204 nam
1481 2179 1529 2204 ne
1563 2163 1794 2213 „discimus“
1837 2170 1852 2200 ’ἓ

315 2235 473 2283 quidem
505 2234 598 2271 ferri
628 2247 742 2284 posse
772 2239 877 2272 recte
908 2234 1009 2272 vidit
1039 2234 1149 2272 Acid.
1189 2254 1242 2259 —
1287 2230 1492 2272 hominem
1531 2234 1666 2272 catum
1704 2237 1795 2273 cett.
1844 2239 1864 2268 ,⁴

316 2301 488 2339 Eandem
521 2303 752 2339 sententiam
783 2303 988 2351 proferunt
1018 2302 1094 2340 Cio.
1128 2303 1224 2341 Rab.
1257 2302 1362 2340 Post.
1396 2303 1480 2339 init.
1527 2302 1626 2341 Plin.
1652 2302 1724 2353 Ep.
1749 2301 1793 2349 V,
1843 2289 1862 2346 'f
1892 2322 1894 2325 ·

317 2371 352 2417 9,
387 2371 424 2407 7.
456 2389 510 2394 —
550 2370 641 2408 685.
674 2367 779 2419 ,quoi
809 2370 870 2407 ed.
900 2383 960 2420 pr.
1002 2390 1056 2395 —-
1099 2371 1191 2408 686.
1236 2369 1397 2421 frustra
1436 2369 1481 2407 ut
1517 2367 1649 2408 simus
1677 2369 1794 2417 Cam„
1829 2364 1871 2408 ’,

316 2439 340 2475 i.
359 2451 391 2474 e.
409 2441 650 2487 quantopere
681 2438 876 2476 fallamur.
903 2458 958 2463 ——
982 2436 1086 2488 quid
1113 2439 1281 2488 Lipsius.
1313 2439 1402 2475 Ace.
1430 2438 1495 2475 inf.
1528 2437 1630 2488 apud
1661 2441 1796 2488 petere
1842 2428 1871 2494 v*

316 2510 444 2543 exstat
488 2505 646 2543 Sueton.
693 2505 809 2556 Vesp.
852 2507 888 2552 8,
934 2506 1038 2557 apud
1083 2510 1266 2556 expetere
1310 2519 1345 2543 v.
1393 2506 1442 2543 ad
1486 2505 1570 2543 Mil.
1603 2506 1694 2544 622.
1740 2524 1794 2530 -
1837 2518 1851 2555 s

317 2575 409 2611 688.
440 2569 648 2611 mittimus
679 2573 812 2620 codd.;
855 2573 1121 2622 „amittimus“
1158 2574 1246 2612 edd.
1278 2593 1332 2598 —
1363 2571 1500 2611 euenit
1529 2570 1709 2622 Pyla'des.
1742 2589 1791 2599 --
1823 2565 1866 2630 ‚J

317 2643 408 2678 (390.
449 2638 803 2692 lonqumploquon
843 2642 889 2679 cf.
921 2642 1037 2692 Epid.
1072 2643 1163 2680 376.
1197 2643 1289 2679 663.
1351 2641 1455 2678 Pers.
1494 2641 1582 2678 168.
1615 2660 1670 2666 —
1699 2641 1790 2679 691.
1844 2636 1868 2670 ·ῗ

316 2706 546 2747 aurielealco
585 2709 747 2755 comm,
780 2709 826 2747 cf.
860 2710 942 2747 Mil.
978 2712 1069 2748 659.
1103 2731 1157 2735 —
1205 2711 1296 2747 692.
1342 2707 1462 2745 mado
1494 2708 1630 2745 ultima
1660 2708 1790 2757 longa;
1831 2707 1842 2717 ”

316 2776 359 2813 R.
397 2778 535 2823 „modo
567 2778 668 2814 hic“.
701 2798 755 2802 —
785 2778 1026 2816 &nummatus
1055 2776 1134 2828 sui,
1168 2792 1200 2815 v.
1235 2778 1282 2814 ad
1316 2778 1454 2826 Amph.
1492 2777 1581 2813 183.
1617 2794 1663 2800 -
1698 2775 1790 2815 693.

1918 2640 1937 2654 2
1921 2587 1937 2634 -.n
1901 2053 1953 2581 †·¹.Q‘BRCQQ⁴QP:L³
1924 2004 1938 2038 J,
1923 1979 1938 1998 ·..
1918 1935 1938 1972 ῖ-ἑ-

1854 2939 1861 2958 .-
1854 2871 1869 2890 =·.

1913 2839 1918 2845 ⁴
1912 2678 1938 2797 *Re-'³2:¹-

1946 2906 1950 2920 -
1947 2698 1955 2715 2-
