1963 3243
138 257 199 300 IV,
226 259 257 302 7,
286 258 429 292 19-32-
775 256 990 292 Pseudolus.
1575 261 1627 299 89

138 383 289 438 Neque
331 382 570 437 quidquam
611 387 677 425 est
715 383 866 425 melius
907 397 1034 438 quam
1082 387 1130 424 ut.
1167 382 1249 424 hoo
1288 383 1452 437 pultem
1494 388 1628 437 atque

953 455 1141 508 aliquem
1174 468 1350 496 euocem
1382 454 1500 495 intus
1533 453 1626 495 hue.

140 527 256 570 Leno
288 531 513 581 argentum
546 526 627 568 hoc
658 526 758 568 uolo

139 600 173 640 A
206 613 270 641 me
303 599 489 653 accipiat
523 604 654 653 atque
687 599 861 640 amittat
883 599 1115 653 ¹mulierem
1148 611 1312 639 mecum
1347 598 1484 640 simul.
1544 610 1629 642 1125

793 692 971 734 Ballio

139 750 255 792 Iieus
287 755 346 791 tu.

818 820 955 863 Simo

309 893 422 944 Quid
454 894 551 935 uis?

792 964 972 1007 Ballio

467 1037 548 1079 Hic
579 1037 706 1079 homo
738 1051 857 1079 meus
889 1042 966 1079 est.

815 1128 951 1170 Simo

853 1199 935 1250 Qui
969 1200 1101 1242 dum?

794 1291 972 1333 Ball-io

953 1362 1063 1412 Quia
1094 1363 1257 1417 praeda
1287 1363 1394 1405 haec
1424 1376 1520 1405 mea
1551 1369 1628 1405 est.

141 1435 337 1478 Scortum
378 1436 568 1490 quaerit,
617 1435 750 1477 habet
788 1440 1035 1488 argentum3
1077 1435 1335 1477 admordere
1377 1435 1489 1476 huno
1527 1433 1631 1476 mihi

1112 1556 1115 1559 Ι
1158 1507 1289 1549 lubet.

817 1578 956 1621 Simo

142 1651 290 1693 Iamne
321 1651 442 1693 illum
473 1665 723 1694 comesurus
757 1651 833 1693 es‘?

798 1738 975 1780 Ballio

889 1811 1000 1852 Dum
1031 1824 1181 1852 recens
1215 1816 1294 1863 est,

142 1881 250 1923 Dum
285 1881 370 1931 dat,
403 1882 504 1923 duni
535 1881 660 1932 calet,
692 1882 894 1924 deuorari
926 1883 1072 1934 decet3
1104 1897 1202 1924 nam

142 1953 250 1995 Boni
281 1968 348 1996 me
379 1955 461 1995 uiri
494 1959 749 2009 pauperant‚
781 1954 952 2008 inprobi
985 1959 1155 2007 augent.
1544 1965 1634 1998 1130

141 2025 308 2080 Populo
341 2027 520 2075 strenui,
552 2027 657 2068 mihi
687 2025 858 2080 inprobi
890 2027 987 2067 usui
1020 2032 1130 2068 sunt.

816 2120 952 2162 Simo

140 2192 303 2235 Malum
335 2193 452 2247 quod
482 2193 563 2234 tibi
595 2193 637 2234 di
670 2193 849 2242 dabunt,
881 2198 929 2234 ut
962 2192 1196 2234 scelestu’s.

778 2280 996 2334 Harpax

130 2352 209 2397 ,Me
240 2365 354 2394 nunc
385 2365 624 2400 conmoror,
657 2366 785 2406 quom
818 2351 896 2393 has
927 2352 1031 2394 foris
1064 2366 1147 2393 non
1179 2351 1300 2411 ferio,
1333 2355 1380 2392 ut
1412 2351 1542 2392 sciam

142 2423 261 2467 Sitne
295 2424 434 2466 Ballio
467 2424 594 2466 domi.

233 2561 320 2595 1123
346 2571 390 2594 eu
407 2571 529 2594 ...em
555 2560 627 2594 huc
652 2560 696 2602 A,
724 2571 873 2594 euocem
900 2560 986 2593 hinc
1011 2560 1109 2594 intus
1134 2558 1204 2594 BG
1306 2559 1391 2592 1125
1417 2558 1446 2591 A
1472 2568 1536 2593 om.
1563 2556 1637 2592 BC

230 2616 341 2664 mulie
367 2616 395 2651 C
517 2617 604 2650 1126
629 2619 751 2651 meust
874 2615 1031 2660 apredase
1050 2615 1086 2650 Β
1201 2615 1291 2650 haec
1319 2626 1385 2650 om.
1403 2615 1432 2650 C
1546 2615 1632 2648 1127

141 2678 334 2717 argentum
361 2677 436 2707 tam
458 2672 504 2717 B,
531 2680 725 2718 argentum
752 2680 823 2707 tam
853 2674 961 2707 etiam
991 2672 1019 2707 C
1119 2673 1219 2706 iubet
1243 2671 1278 2706 B
1381 2671 1466 2705 1128
1491 2682 1630 2705 comes-

141 2739 246 2764 surus
273 2730 305 2763 A
413 2731 498 2765 1129
524 2730 635 2764 datur
735 2729 839 2764 decet
866 2736 939 2763 tam
968 2729 1013 2771 B,
1040 2729 1146 2764 decet
1171 2734 1293 2763 tamen
1321 2728 1350 2763 C
1455 2729 1541 2763 1130
1565 2728 1633 2762 im-

140 2786 246 2830 probi
274 2787 374 2821 alent
399 2790 539 2831 augent
562 2797 638 2822 rem
664 2797 783 2821 meam
809 2786 893 2820 mali
920 2785 989 2821 BC
1110 2787 1191 2820 1131
1220 2785 1352 2830 Populi
1379 2784 1446 2820 BC
1565 2784 1632 2818 im-

142 2842 297 2886 probius
322 2843 393 2878 uisi
419 2847 506 2877 sunt
533 2842 561 2878 C
656 2844 741 2877 1132
767 2842 801 2876 di
830 2854 894 2877 om.
925 2843 953 2878 C
1043 2844 1078 2877 ui
1107 2843 1158 2877 sio
1184 2841 1229 2883 B,
1255 2843 1323 2877 nisi
1353 2841 1381 2877 C
