1963 3243
0 218 33 305 5²
725 241 765 275 v.
791 242 980 276 585—620.
1501 248 1582 288 255

0 327 26 410 ᾖ
108 367 206 417 „sed
238 367 300 406 hic
331 381 445 419 quem
477 368 634 407 uideo“.
671 390 725 395 —
768 365 964 419 {meabilis
995 371 1025 408 Α
1067 377 1103 408 et
1145 371 1247 409 Fest.
1280 386 1316 421 p.
1356 374 1449 410 174:
1497 388 1582 417 „no-

104 436 217 475 bilem
255 438 407 486 antiqui
445 450 517 487 pro
556 443 649 474 noto
680 438 878 486 ponebant
909 438 1023 484 cet.“.
1081 440 1127 476 cf.
1148 440 1248 476 infra
1280 441 1358 476 969
1392 444 1430 477 et
1466 442 1581 478 1112.

11 515 28 545 ·,’
104 504 244 554 Amph.
271 506 365 542 436.
392 524 447 530 —
472 506 564 543 598.
598 502 758 543 uenerit
787 507 832 542 A.
868 526 912 531 —
949 502 1013 544 hic
1041 516 1132 544 cum
1163 503 1386 546 machaera.
1418 508 1463 545 cf.
1496 510 1583 546 157.

3 571 21 606 l
104 591 158 599 —
187 572 247 610 Ab
280 573 378 621 ayat
402 572 432 610 Β
463 587 605 611 novum
638 587 791 610 versum
823 575 972 623 incipit.

218 641 309 679 599.
343 640 524 690 Harpax,
570 641 704 678 cacula
736 641 888 685 militis,
936 644 1002 692 qui
1042 642 1292 680 Phoenicium
1332 647 1500 689 emerat,
1548 646 1585 682 in

104 722 254 747 scenam
280 708 543 758 progreditur.
588 708 791 758 Anapaesti
817 711 1115 757 continuantur;
1149 713 1366 750 599—601
1394 714 1585 749 octonarii

103 781 212 823 sunt,
261 777 341 815 602
372 777 558 823 dimeter,
607 778 684 815 603
717 780 973 827 septenarius.
1021 798 1075 804 —-
1120 775 1180 816 Hi
1211 776 1290 817 loci
1327 793 1398 829 pro
1431 780 1586 828 dactylo

105 845 329 896 legendum;
366 845 482 891 „haec
514 844 622 883 loca“
657 849 702 882 ut
726 845 825 883 Rud.
845 847 923 883 227
949 847 1170 883 maluerunt
1195 847 1302 885 Mull.
1323 848 1429 886 Pros.
1449 862 1486 898 p.
1512 850 1585 886 194

106 917 144 951 et
170 913 377 963 Kiessling.
406 913 506 951 Mus.
537 913 608 951 Rh.
633 913 766 951 XXIII
790 928 827 964 p.
854 915 947 951 422.
1013 915 1140 961 „Quos
1173 913 1302 953 locos“
1331 920 1457 953 exstat
1479 916 1586 954 Trin.

0 994 29 1083 J·
107 982 200 1020 931.
234 1001 286 1006 -
325 982 418 1020 600.
458 977 662 1019 rationem
692 979 822 1030 capio,
854 984 878 1020 i.
911 996 941 1019 e.
976 985 1158 1030 instituo,
1205 984 1251 1020 cf.
1284 983 1333 1020 ad
1364 984 1452 1021 Aul.
1486 985 1586 1021 791:

110 1063 334 1097 „numerum
376 1050 510 1100 cape“.
572 1050 648 1087 Pro
690 1060 812 1099 quam
849 1051 893 1088 R.
927 1056 1016 1089 cett.
1055 1065 1100 1088 ex
1131 1051 1256 1100 Lipsii
1295 1054 1395 1089 coni.
1433 1049 1586 1098 „nam“.

108 1137 158 1144 -—
200 1119 294 1155 601.
341 1113 560 1166 Septimiae
600 1120 766 1168 primam
807 1120 982 1169 cori-ipit.
1027 1139 1075 1144 —
1115 1115 1265 1157 habitet
1303 1119 1347 1156 R.
1396 1139 1445 1144 —
1493 1116 1590 1168 quoi

9 1174 28 1217 -ἶ
108 1181 237 1224 iussit
266 1186 325 1224 ed.
358 1199 416 1236 pr.
451 1206 504 1210 —-
537 1187 627 1224 603.
662 1183 803 1225 Ballio
834 1190 998 1237 primam
1031 1189 1205 1237 corripit.
1267 1188 1364 1224 Tum
1399 1189 1499 1225 hiari
1531 1190 1587 1224 vi-

0 1251 40 1308 Ji·
107 1253 222 1292 detur
252 1258 341 1304 post
375 1253 507 1299 „ubi“.
541 1275 595 1279 ——
625 1250 696 1292 ubi
726 1251 808 1294 hic.
846 1256 892 1292 cf.
927 1255 976 1292 ad
1008 1256 1091 1293 Mil.
1127 1258 1163 1293 9.
1232 1256 1350 1304 Soph.
1385 1256 1483 1293 Phil.
1522 1257 1589 1294 16:

0 1317 34 1368 '-',
107 1323 200 1359 ὅπου
230 1324 402 1359 ἐνταῦθα.
450 1324 515 1359 Ar.
534 1322 630 1360 Ran.
651 1325 752 1361 432:
799 1324 892 1360 ὅπου
920 1323 1061 1360 ’νθάδε.
1093 1343 1147 1349 —-
1181 1324 1380 1371 ,‚habitet“
1416 1325 1592 1375 postulat

107 1381 270 1428 Becker.
303 1389 415 1429 Stud.
447 1391 558 1428 Stud.
591 1391 607 1427 I
638 1404 676 1440 p.
712 1392 804 1428 311.

17 1470 34 1514 ..ᾗ
223 1460 387 1497 605-7
405 1460 595 1496 octonarii
620 1460 806 1496 trochaici
833 1463 936 1506 sunt,
965 1459 1058 1505 604,
1091 1462 1122 1497 si
1148 1473 1233 1497 cum
1263 1460 1402 1497 Bothio
1428 1460 1591 1498 alterum

19 1525 34 1589 ῥ’
111 1527 196 1565 tace
229 1527 369 1574 deleas,
403 1529 660 1578 septenarius.
730 1527 807 1565 Sed
842 1514 976 1566 versus
1008 1529 1165 1577 spurius
1199 1528 1365 1574 videtur,
1401 1542 1478 1566 non
1510 1533 1591 1566 tam

12 1611 31 1643 ῃ
109 1598 273 1645 propter
289 1595 584 1632 similitudinem
609 1609 643 1633 v.
664 1597 755 1642 382,
785 1610 901 1645 quam
921 1598 1011 1646 quia
1027 1600 1130 1632 recte
1149 1595 1330 1634 Pseudoli
1356 1598 1480 1634 oratio
1507 1610 1528 1633 a
1554 1611 1588 1634 v.

20 1715 22 1717 Ι
111 1664 188 1702 605
221 1664 375 1701 initium
406 1664 524 1712 capit,
556 1663 635 1701 baec
667 1667 861 1702 sententia
893 1665 1002 1715 sequi
1035 1664 1162 1707 debet,
1196 1669 1239 1701 ut
1268 1663 1312 1701 fit
1337 1679 1373 1701 v.
1402 1665 1494 1702 607.
1555 1664 1593 1702 Si

29 1742 33 1746 ·
109 1732 300 1780 genuinus
332 1737 445 1777 esset,
482 1731 566 1769 tace
595 1731 669 1768 sibi
697 1732 845 1769 diceret·
874 1732 1099 1776 Pseudolus,
1135 1745 1166 1768 v.
1189 1732 1235 1768 ad
1255 1732 1370 1769 Most.
1392 1734 1493 1779 8703
1527 1733 1593 1770 sed

31 1806 34 1811 ·
109 1799 276 1837 tacebat.
345 1796 394 1838 St
425 1799 530 1837 Cam.
592 1809 654 1836 me
685 1800 729 1837 R.
762 1800 915 1837 addidit
946 1813 991 1837 ex
1024 1801 1115 1837 382.
1146 1819 1202 1824 —
1235 1801 1325 1837 606.
1358 1796 1449 1838 Hoc
1470 1810 1593 1848 prae-

107 1868 253 1906 κονίαν
280 1864 515 1917 principio,
562 1868 607 1904 cf.
648 1867 759 1917 Capt.
797 1869 914 1906 1021.
986 1866 1162 1914 ,‚omnia‘⁴
1207 1867 1281 1905 del.
1321 1868 1498 1906 Guietus.
1542 1888 1591 1893 —

112 1936 191 1974 607
222 1950 244 1974 a
273 1936 402 1974 tribus
433 1936 598 1983 dactylis
629 1937 781 1985 incipit.

37 2000 40 2001 ⁷
224 2005 303 2042 608
334 2017 418 2054 sqq.
452 2005 664 2054 septenarii
694 2004 894 2041 trochaici.
926 2023 982 2028 —
1021 2005 1113 2042 609.
1154 2001 1436 2053 conpendium,
1478 2017 1511 2042 v.
1545 2004 1593 2042 ad

17 2061 41 2124 ,1ιΔῚ
110 2072 218 2109 Asin.
253 2073 347 2111 305.
378 2092 432 2097 -—
465 2073 558 2110 610.
589 2072 790 2121 precator,
823 2086 870 2109 ne
903 2073 1167 2118 verberentur,
1202 2073 1247 2109 cf.
1283 2074 1388 2110 Asin.
1424 2074 1501 2111 383
1534 2086 1593 2122 sq.

113 2159 158 2164 —
196 2141 289 2178 611.
322 2150 366 2178 es
397 2136 542 2178 Ballio
573 2143 618 2177 A.
654 2159 703 2164 —
743 2135 969 2186 Subballio,
1013 2142 1123 2190 quasi
1158 2140 1342 2177 Ballionis
1375 2142 1496 2178 vicem
1529 2152 1593 2189 ge-

27 2197 42 2219 ⁴⁸
110 2221 212 2246 rens.
256 2227 302 2233 —
346 2209 438 2246 612.
485 2205 654 2247 Comites
678 2217 872 2256 promus,
912 2210 976 2257 qui
1009 2208 1143 2245 condit
1180 2213 1217 2245 et
1247 2209 1412 2258 promit,
1454 2211 1591 2256 ταμίας.

23 2262 42 2276 ⁷*
114 2275 324 2324 „Pi-omus“
360 2276 444 2313 Mil.
479 2277 571 2313 836.
633 2276 779 2313 Colum.
805 2276 892 2321 XII,
919 2277 954 2316 3
980 2278 1016 2313 4.
1051 2295 1104 2301 -
1135 2276 1228 2313 613.
1265 2272 1403 2324 Quasz,
1437 2278 1596 2314 auditur

115 2343 354 2393 „loqueris‘ss
387 2359 424 2381 v.
443 2345 491 2382 ad
508 2345 627 2382 Mero
648 2345 741 2382 945.
778 2345 989 2382 inf1a637.
1017 2363 1064 2368 —
1091 2340 1334 2391 atricnffsem
1365 2358 1399 2381 v.
1421 2345 1470 2381 ad
1487 2347 1595 2382 Asin.

25 2408 56 2451 ἔ
113 2413 206 2450 262.
233 2432 288 2438 -
314 2414 406 2450 614.
439 2409 565 2450 Nunc
583 2409 749 2461 quedem
766 2410 900 2458 etiam,
932 2414 957 2450 i.
976 2426 1007 2449 e.
1027 2413 1141 2448 etiam
1160 2425 1278 2459 nunc;
1310 2412 1480 2449 nondum
1498 2413 1597 2450 liber

21 2472 56 2525 3
111 2479 236 2519 factus
266 2494 363 2518 sum.
401 2500 450 2505 ——
482 2481 576 2518 616.
609 2477 714 2518 cliczs
745 2482 791 2517 A.
823 2500 879 2505 —
909 2477 1071 2526 iniuste,
1103 2494 1137 2517 v.
1171 2481 1218 2517 ad
1250 2480 1387 2517 Bacch.
1421 2481 1514 2518 462.
1547 2500 1593 2506 -

22 2544 51 2612 ’Ξ
115 2549 207 2586 617.
253 2547 431 2598 Utraque
470 2562 637 2598 persona
675 2561 801 2585 secum
847 2549 1035 2598 loquitur.
1083 2567 1136 2573 ·-
1187 2548 1280 2585 618.
1327 2549 1430 2584 Ante
1472 2547 1592 2597 „“ego

30 2605 58 2633 ‘¹'
111 2614 244 2653 hiatur
273 2617 312 2653 in
343 2617 508 2654 diaeresi.
539 2636 595 2641 -—
628 2618 720 2654 619.
751 2612 867 2654 solus
897 2626 1032 2653 secum
1059 2617 1103 2662 A,
1138 2630 1171 2653 v.
1190 2615 1294 2652 Lt'iw.
1313 2616 1425 2652 Anal.
1442 2629 1480 2665 p.
1504 2617 1594 2654 169.

26 2687 63 2757 g
115 2702 163 2709 —
199 2681 302 2733 quid
330 2680 426 2722 ais?
455 2685 502 2722 cf.
537 2686 629 2721 352.
662 2704 717 2708 —
750 2686 842 2722 620.
882 2679 931 2721 ab
962 2679 1053 2730 illo,
1094 2684 1141 2720 cf.
1174 2683 1222 2720 ad
1254 2683 1337 2720 Mil.
1374 2684 1463 2721 160.
1496 2685 1598 2722 infra

32 2749 63 2803 3}
115 2752 207 2789 626.
239 2771 295 2777 --
324 2750 448 2790 militi
478 2753 639 2790 librario
671 2753 817 2789 codicis
841 2752 871 2788 B
902 2752 1150 2789 obversatum
1180 2751 1349 2798 videtur,
1382 2751 1430 2789 cf.
1455 2751 1595 2802 Bergk.

32 2806 66 2926 Ξ
114 2819 235 2858 Beitr.
267 2834 305 2870 p.
338 2823 402 2858 69.
474 2817 722 2858 illacedom'o
752 2822 866 2857 etiam
899 2822 943 2866 A,
977 2834 1011 2856 v.
1044 2819 1092 2856 ad
1125 2820 1187 2856 51.
1255 2815 1394 2857 Herm.
1427 2818 1471 2857 R.
1504 2824 1595 2859 cett.
