1963 3243
351 224 430 262 114
1042 219 1159 254 Plauti
1482 218 1544 261 IV,
1570 220 1602 260 ¹7,
1629 217 1752 261 24—8‚
1777 220 1800 252 4

926 343 1226 386 Pleusicles

1595 412 1798 470 Eloquar.

351 489 481 529 Maris
515 502 647 529 causa
677 487 820 529 hercle
853 488 935 528 hoc
967 487 1092 528 oculo
1124 491 1222 528 utor
1254 487 1395 528 minus
1428 486 1555 537 bene;

350 559 460 600 Nam
492 561 527 600 si
559 560 862 601 abstinuissem
893 573 918 599 a
949 573 1079 606 mare,
1112 571 1155 598 eo
1186 563 1407 610 tamquam
1437 558 1520 599 hoc
1550 563 1708 599 uterer.

351 631 432 672 Sed
465 632 591 672 nimis
622 634 843 671 morantur
872 645 939 671 me
971 631 1056 671 diu.
1118 630 1252 671 Eccos
1285 634 1453 670 exeunt.

416 822 777 865 PALAESTRIO.
837 821 1322 864 PHILOCOMASIUM.
1382 820 1738 863 PLEUSICLES.

826 889 1326 932 PYRGOPOLINICES.

925 1015 1234 1056 Palaestrio

354 1088 468 1138 Quid
500 1089 617 1130 modi
647 1087 792 1130 flendo
824 1101 987 1142 quaeso
1020 1087 1147 1129 hodie
1178 1087 1344 1128 facies?

855 1211 1304 1254 Philocomasium

1204 1283 1315 1333 Quid
1348 1298 1426 1337 ego
1457 1285 1502 1326 ni
1532 1283 1686 1326 fleam?
1719 1295 1806 1330 1305

353 1357 438 1399 Ubi
468 1357 740 1411 pulcerrume
774 1356 840 1410 egi
871 1360 1073 1403 aetatem,
1107 1356 1228 1398 abeo.

869 1509 872 1512 ι
932 1481 1235 1524 Palaestrio

1359 1554 1437 1595 Em
1468 1553 1683 1595 hominem
1714 1552 1806 1603 tibi,

356 1626 438 1677 Qui
470 1640 497 1667 a
526 1631 665 1667 matre
698 1630 740 1667 et
771 1640 919 1667 sorore
951 1626 1083 1668 uenit.

857 1751 1311 1793 Philocomasium

1103 1823 1254 1865 Uideo.

859 1948 1310 2003 Pyrgopolinices

1299 2021 1452 2072 Audin,
1484 2021 1755 2063 Palaestrio?

929 2147 1242 2188 Palaestrio

360 2200 470 2250 Quid
503 2203 599 2244 uis?

868 2294 1303 2348 Pyryopolinices

644 2366 756 2416 Quin
788 2372 835 2409 tu
866 2368 989 2409 iubes
1023 2368 1175 2410 ecferri
1208 2371 1352 2410 omnia
1382 2383 1494 2423 quae
1525 2369 1596 2410 isti
1630 2368 1755 2410 dedi?

450 2491 539 2524 1302
563 2491 679 2526 Moris
778 2492 848 2526 hoc
885 2503 954 2535 ago
981 2493 1089 2527 oculo
1117 2492 1147 2528 0
1240 2494 1376 2527 minem
1479 2493 1566 2529 1303
1592 2492 1814 2527 abstinuissa

361 2551 398 2581 et
421 2547 468 2589 B,
503 2549 744 2583 abstinuisset
776 2548 804 2583 C
906 2556 1030 2585 amore
1064 2562 1171 2594 quem
1206 2554 1394 2594 tamquam
1419 2550 1491 2585 hoc
1517 2554 1623 2584 utere
1729 2550 1815 2584 1304

360 2605 485 2638 medin
510 2604 545 2638 B
637 2604 811 2640 Eaetremo
835 2606 956 2641 versui
981 2607 1170 2641 adduntur
1193 2609 1344 2641 nomina
1366 2607 1545 2650 promimae
1566 2617 1680 2642 scenae
1691 2617 1814 2651 super-

361 2662 508 2704 scripta.
589 2664 675 2697 1305
689 2662 800 2697 fendo
872 2675 917 2697 ne
931 2663 997 2697 BC
1075 2666 1161 2698 1306
1175 2664 1420 2708 pulcherrima
1433 2669 1568 2698 etatem
1585 2664 1814 2709 B‚pulcher·

360 2729 462 2752 rume
498 2724 707 2762 egaetatem
744 2720 773 2755 Ο
885 2719 988 2754 abeo.
1014 2720 1086 2755 ΡΑ.
1113 2723 1214 2755 muni
1248 2721 1433 2756 hominem
1465 2721 1500 2762 O,
1527 2722 1644 2755 uideo.
1673 2722 1744 2756 PA.
1769 2722 1814 2756 ab

361 2786 404 2809 eo
431 2775 631 2810 homineB
727 2778 813 2812 1307
839 2776 1012 2811 uenite-B
1106 2779 1250 2812 uideom
1278 2778 1432 2812 audistis
1458 2779 1493 2812 in
1508 2779 1551 2818 B,
1567 2780 1685 2814 uideo.
1711 2780 1813 2814 PAL.

362 2832 524 2867 audistin
552 2832 580 2865 (J
674 2835 758 2868 1308
783 2833 851 2868 ΡΥ.
879 2846 944 2869 om.
1038 2835 1098 2878 qui
1128 2836 1223 2868 intus
1250 2836 1352 2869 iubes
1378 2842 1414 2869 et
1440 2836 1508 2869 sori
1535 2837 1569 2870 B
