1963 3243
330 162 408 199 140
995 155 1115 189 Plauti
1532 153 1559 198 1,
1584 156 1616 197 2,
1641 155 1775 189 28—39
1808 135 1809 140 ’

920 280 1186 322 Charinus

327 356 529 397 Resinam
561 370 611 396 ex
645 355 769 396 melle
802 353 1055 407 Aegyptiam
1087 358 1260 404 uorato3
1297 352 1463 394 saluom
1493 352 1660 395 feceris.

922 466 1186 508 Acanthio

326 542 381 582 At
424 541 580 594 edepol
626 545 673 582 tu
719 540 907 582 calidam
953 541 1090 593 picem
1135 539 1295 591 bibito3
1334 538 1562 593 aegritudo
1604 538 1776 580 absces-

1406 612 1523 653 serit.
1713 624 1777 658 140

923 726 1187 767 Charinus

324 798 551 841 Hominem
582 814 660 853 ego
691 799 1010 841 iracundiorem
1041 812 1169 852 quam
1200 803 1243 840 te
1275 799 1376 840 noui
1407 799 1634 840 neminem.

918 912 1188 954 Acanthio

324 987 378 1027 At
409 1000 487 1039 ego
520 986 917 1028 maledicentiorem
949 998 1080 1038 quam
1112 989 1155 1025 te
1186 985 1287 1025 noui
1318 985 1545 1025 neminem.

922 1097 1188 1139 Charinus

326 1172 411 1222 sin,
444 1172 576 1212 saluti
609 1171 722 1225 quod
756 1171 835 1212 tibi
868 1185 961 1212 esse
994 1184 1163 1220 censeo,
1196 1169 1238 1210 id
1272 1169 1549 1211 consuadeo‘?

923 1283 1188 1325 Acanthio

326 1361 469 1411 Apage
500 1357 748 1398 istiusmodi
782 1357 979 1407 salutem,
1010 1369 1101 1396 cum
1131 1357 1327 1397 cruciatu
1359 1370 1470 1410 quae
1501 1355 1691 1397 aduenit.

923 1470 1191 1512 Charinus

326 1544 404 1585 Dic
450 1543 565 1595 mihi,
610 1557 666 1584 an
713 1544 813 1584 boni
860 1543 964 1597 quid
1009 1549 1247 1596 usquamst,
1285 1542 1400 1596 quod
1444 1543 1677 1596 quisquam
1714 1543 1777 1584 uti

1411 1615 1570 1668 possiet
1715 1626 1779 1658 145

327 1687 426 1728 Sine
444 1688 557 1728 malo
582 1688 708 1737 omni,
727 1691 776 1727 ut
797 1702 850 1728 ne
878 1687 1069 1728 laborem
1098 1687 1258 1741 capias,
1287 1700 1417 1739 quom
1442 1685 1515 1727 illo
1540 1687 1603 1727 uti
1626 1685 1777 1728 uoles?

924 1800 1188 1842 Acanthio

325 1873 480 1915 Nescio
504 1887 581 1925 ego
608 1875 766 1924 istaec3
791 1872 1089 1927 philosophari
1108 1886 1341 1926 numquam
1359 1872 1490 1913 didici
1507 1886 1648 1926 neque
1665 1873 1776 1923 scio;

325 1945 415 1998 Ego
449 1947 620 1995 bonum,
653 1945 812 1986 malum
845 1959 930 1998 quo
948 1946 1128 1995 accedit,
1162 1944 1266 1986 mihi
1294 1945 1386 1985 dari
1422 1944 1537 1985 haud
1565 1944 1775 1985 desidero.

924 2058 1187 2100 Charinus

327 2129 442 2173 Cedo
473 2137 591 2173 tuam
627 2132 729 2173 mihi
763 2132 994 2183 dexteram,
1026 2146 1104 2185 age
1137 2132 1249 2181 dum,
1283 2131 1507 2173 Acanthio.

925 2248 958 2288 A
968 2260 990 2288 c
1000 2260 1025 2287 a
1035 2261 1062 2286 n
1073 2246 1188 2288 thio

1315 2318 1404 2369 Em,
1437 2317 1632 2368 dabitur;
1663 2322 1775 2359 tene.

923 2431 1187 2474 Charinus

328 2502 408 2543 Uin
442 2509 487 2544 tu
520 2509 562 2545 te
596 2505 697 2546 mihi
732 2519 826 2546 esse
860 2504 1170 2557 obsequentem
1203 2518 1256 2544 an
1289 2504 1442 2544 neuis‘?

420 2664 479 2695 141
508 2674 576 2705 ego
603 2673 667 2697 om.
685 2663 712 2698 Ο
806 2665 869 2697 144
895 2675 977 2697 cum
1003 2674 1068 2697 om.
1167 2666 1230 2697 145
1255 2663 1373 2706 possit
1468 2662 1532 2696 146
1558 2665 1620 2695 aut
1715 2663 1778 2696 148

328 2718 427 2762 quod
452 2719 486 2752 B
580 2719 715 2754 accidit
741 2719 769 2753 O
862 2722 924 2754 149
949 2720 1036 2753 mihi
1065 2726 1164 2754 tuam
1183 2719 1218 2753 B
1311 2720 1476 2754 dextram
1503 2719 1686 2762 agendum

328 2776 409 2809 hem
438 2775 466 2810 0
558 2778 621 2810 150
648 2778 777 2811 obesse
803 2783 1018 2821 sequentem
1046 2789 1140 2812 anne
1166 2777 1220 2810 uis
