1963 3243
326 215 407 254 254
960 211 1172 246 Pseudolus.

327 339 441 377 Both.
475 359 523 365 —
561 341 651 378 585.
683 340 730 378 ut
758 345 846 390 post
876 340 1124 389 parenthesin
1155 340 1359 388 repetitur,
1391 353 1425 376 v.
1453 340 1502 377 ad
1524 339 1612 378 Aul.
1632 341 1724 378 786.
1749 360 1805 365 —

321 402 514 456 perfidiis
543 408 589 445 A.
1660 441 1662 443 ,

440 477 643 522 586-96,
678 476 801 512 altera
831 476 970 512 cantici
1000 488 1102 524 pars,
1134 475 1330 512 trochaica
1361 478 1430 520 est,
1464 475 1654 512 586—88
1675 479 1805 524 septe-

325 544 443 589 narii,
491 544 541 581 89
575 545 818 589 octonarius,
866 545 913 580 91
948 543 1211 592 septenarius,
1258 544 1309 580 92
1342 543 1507 580 dimeter
1545 542 1803 589 catalecticus,

326 611 376 648 93
404 614 442 647 et
466 612 515 648 95
549 612 749 659 octonarii,
783 612 832 648 96
867 610 1031 647 dimeter
1066 611 1333 661 anapaesticus,
1356 630 1411 635 —
1444 611 1535 648 586.
1567 609 1807 648 nostrorum

326 678 501 724 Guietus,
521 680 566 716 cf.
592 680 680 716 185.
698 699 753 703 ——
780 679 871 716 587.
905 673 1183 725 θπῦαἶῖἱδΐαόο,
1210 680 1375 728 quaesita
1391 678 1646 716 similitudine
1661 679 1804 716 Ballio-

326 747 386 782 nis
413 747 591 793 nominis,
619 748 730 795 quasi
760 747 918 784 ballista
949 751 1133 792 evertam,
1165 760 1201 784 v.
1234 746 1281 783 ad
1312 746 1452 784 Bacch.
1487 747 1564 783 706
1597 759 1655 796 sq.
1689 750 1728 784 et
1757 747 1807 784 ad

326 813 443 851 Poen.
464 815 555 851 201.
588 833 642 839 —
676 816 754 852 588
774 830 825 842 =
846 815 947 861 385;
980 814 1054 851 del.
1080 814 1126 851 R.
1144 814 1244 851 Mihi
1267 815 1349 851 sola
1373 814 1588 855 similitudo
1612 827 1691 852 non
1713 816 1807 852 satis

325 885 428 919 iusta
445 895 561 919 causa.
577 882 788 920 damnandi
804 882 975 928 videtur,
1002 895 1037 918 v.
1056 882 1103 918 ad
1120 883 1229 920 Asin.
1252 883 1342 920 185.
1387 882 1432 919 In
1456 882 1527 919 hac
1543 882 1677 920 fabula
1690 882 1807 933 plura

325 950 440 987 huius
473 951 624 998 generis
656 950 833 998 exempla
864 954 975 996 sunt3
1015 963 1076 987 vv.
1107 950 1183 986 117
1215 954 1254 986 et
1282 950 1385 987 1073
1418 954 1585 999 uterque
1616 951 1807 999 genuinus

325 1018 503 1065 videtur3
549 1018 617 1055 sed
656 1018 703 1054 de
742 1019 821 1055 604
854 1015 924 1065 (=
952 1014 1050 1066 382)
1082 1022 1120 1055 et
1152 1019 1229 1055 528
1263 1013 1332 1066 (=
1359 1013 1458 1065 485)
1491 1017 1626 1055 dubito
1657 1022 1696 1066 et
1726 1019 1806 1055 792

256 1089 257 1092 ’
327 1081 396 1133 (=
415 1084 512 1131 409)
545 1086 594 1122 ad
625 1099 775 1123 scenam
805 1088 979 1135 pertinet
1008 1086 1074 1122 vix
1102 1087 1322 1134 genuinam.
1350 1104 1404 1110 --
1430 1086 1521 1123 589.
1554 1082 1609 1123 ad
1637 1081 1710 1123 hoc
1733 1085 1806 1134 Py-

326 1154 445 1191 lades.
477 1174 532 1178 —-
569 1163 757 1203 expuyno
787 1167 960 1204 praesens
991 1166 1061 1203 pro
1093 1153 1237 1199 futuro,
1269 1168 1305 1191 v.
1339 1154 1388 1191 ad
1419 1153 1558 1203 Amph.
1593 1154 1685 1190 714.
1717 1152 1804 1191 add.
1879 1177 1883 1180 >

326 1221 412 1259 Ter.
445 1222 537 1260 Hec.
580 1223 678 1259 775:
731 1221 860 1271 „quod
905 1223 937 1258 si
980 1221 1151 1270 perficio,
1197 1235 1276 1258 non
1319 1223 1495 1270 paenitet
1538 1234 1598 1258 me
1642 1218 1806 1259 famae“.

327 1290 493 1337 Quidam
514 1287 798 1340 „expugnabo“
819 1289 1037 1336 voluerunt,
1070 1295 1114 1326 ut
1129 1289 1267 1327 Bacch.
1287 1290 1388 1326 709:
1424 1289 1488 1335 „Si
1514 1289 1554 1325 id
1571 1287 1727 1338 capso“.
1753 1308 1806 1315 —

329 1360 408 1396 590
441 1362 480 1395 et
511 1359 680 1395 numeris
714 1357 926 1394 destitutus
953 1362 991 1393 et
1018 1357 1192 1406 alioquin
1218 1359 1386 1406 ineptus.
1450 1352 1526 1395 Sui
1555 1353 1666 1395 ciues
1689 1357 1806 1395 Pseu·
1879 1359 1884 1364 ’

327 1426 418 1464 dolo
451 1439 561 1463 servo
591 1426 687 1463 nulli
720 1429 830 1471 sunt,
863 1426 930 1474 qui
961 1428 1087 1462 autem
1124 1422 1384 1474 „participes“
1419 1425 1665 1473 intelligunt,
1697 1429 1742 1462 ut
1770 1439 1805 1463 v.

329 1496 426 1542 593,
473 1495 552 1531 vim
585 1495 668 1531 voci
700 1494 862 1531 alienam
901 1493 1094 1530 tribuunt.
1170 1492 1244 1539 Qui
1284 1493 1363 1529 haec
1403 1494 1657 1542 conscripsit,
1704 1495 1806 1531 cives

326 1563 482 1600 Atticos
511 1562 719 1607 intellexit,
753 1576 774 1598 a
805 1561 944 1611 quibus
975 1562 1153 1598 lenonem
1186 1574 1426 1599 communem
1457 1562 1626 1598 omnium
1659 1561 1807 1599 hostem

325 1630 478 1668 facilius
510 1632 634 1667 everti
663 1643 792 1679 posse,
824 1631 855 1667 si
887 1631 963 1667 iam
994 1643 1016 1666 a
1046 1629 1238 1666 Pseudolo
1269 1630 1395 1666 victus
1426 1632 1545 1675 esset3
1590 1629 1658 1666 sed
1695 1630 1818 1666 nimis-

326 1698 488 1734 obscure
527 1701 567 1734 et
597 1698 795 1735 inerudite
827 1695 932 1736 hanc
960 1707 1049 1735 rem
1079 1697 1184 1734 dicit.
1259 1696 1364 1733 Vera
1395 1696 1578 1746 apodosis
1609 1697 1808 1734 sententiae

326 1780 348 1803 a
388 1761 435 1803 Si
474 1767 637 1815 inceptae
685 1761 737 1814 (v.
774 1762 870 1813 589)
912 1771 973 1802 est
1007 1767 1097 1803 591.
1173 1765 1213 1802 Si
1254 1764 1467 1802 Ballionem
1512 1765 1804 1814 expugnaverit,

325 1840 461 1883 postea
486 1833 679 1871 Simonem
703 1834 966 1883 aggredietur.
1028 1834 1138 1870 Hunc
1170 1834 1271 1869 enim
1303 1832 1513 1882 significari
1539 1831 1665 1870 verbis
1690 1827 1804 1881 oppi-
1878 1851 1881 1855 ⁴

328 1900 426 1940 dum
463 1899 536 1939 hoc
566 1901 681 1940 uetus
712 1903 928 1938 rectissime
959 1903 1111 1938 monuit
1151 1900 1330 1950 Spengel.
1362 1900 1490 1938 Plaut.
1521 1913 1559 1950 p.
1593 1901 1663 1948 34,
1702 1903 1807 1950 post·

327 1983 444 2020 quam
475 1970 711 2007 Ritschelius
749 1969 823 2006 hoc
858 1982 935 2007 non
972 1969 1177 2029 intellecto
1217 1972 1343 2005 totum
1373 1969 1475 2006 hunc
1505 1968 1650 2015 locum,
1697 1966 1807 2017 quasi

326 2039 567 2088 gravissimis
599 2038 841 2088 glossematis
867 2038 1125 2086 inquinatum,
1153 2037 1403 2074 licentissime
1425 2037 1624 2073 tractavit.
1644 2055 1695 2060 —
1715 2035 1806 2073 592.

328 2102 534 2151 obducam,
568 2107 615 2144 cf.
648 2107 729 2144 Att.
763 2106 926 2143 AEnead.
962 2103 1076 2151 (Non.
1101 2118 1139 2154 p.
1167 2101 1282 2152 224):
1319 2104 1432 2152 „Uim
1463 2103 1653 2141 Gallicam
1683 2102 1808 2142 obdue

328 2178 466 2212 contra
495 2176 533 2211 in
567 2175 646 2211 acie
678 2170 929 2211 exercitum“.
971 2192 1020 2197 -—
1065 2173 1162 2219 594,
1205 2175 1238 2210 si
1277 2177 1530 2222 transponas:
1576 2172 1694 2218 „meis
1725 2182 1807 2208 esse
1882 2190 1887 2203 ι

328 2247 460 2280 natum
499 2247 543 2279 ut
581 2255 640 2279 me
679 2240 844 2287 sciant“‚
885 2241 1073 2278 iambicus
1111 2242 1335 2278 octonarius
1373 2241 1450 2278 erit
1521 2239 1616 2277 Cum
1652 2238 1680 2276 C
1719 2251 1806 2276 con·-

329 2312 455 2360 spirat
494 2311 538 2347 A.
581 2330 636 2334 -—
675 2311 768 2347 595.
814 2309 908 2346 Tam
956 2308 1076 2345 nobili
1113 2309 1242 2346 furum
1282 2321 1423 2358 genere
1465 2321 1506 2345 se
1546 2312 1681 2345 natum
1725 2318 1807 2344 esse

328 2379 443 2424 dicit,
484 2383 528 2416 ut
558 2379 724 2415 maxima
754 2378 925 2414 facinora
956 2390 996 2414 se
1029 2377 1143 2413 edere
1175 2377 1324 2414 deceat.
1382 2375 1457 2413 Pro
1489 2376 1684 2413 sententia
1711 2387 1804 2424 pen·
1874 2375 1878 2410 ἶ
1942 2375 1944 2378 ’

331 2447 436 2484 denti
469 2442 531 2495 (ut
553 2441 708 2494 deceat)
741 2445 920 2483 absoluta
942 2446 1113 2494 ponitur,
1146 2448 1190 2482 ut
1213 2446 1353 2494 saepius
1376 2447 1469 2494 post
1490 2442 1806 2487 demonstrativa,
1859 2440 1885 2464 ·³

331 2529 365 2551 v.
399 2515 446 2552 ad
478 2513 618 2563 Amph.
652 2514 743 2550 952.
777 2532 829 2537 —
864 2514 955 2550 596.
988 2508 1099 2550 clara
1129 2509 1300 2558 clueant,
1333 2512 1378 2549 cf.
1411 2512 1567 2549 Lucret.
1599 2510 1630 2558 I,
1666 2510 1754 2548 119.

446 2584 524 2620 597
543 2595 599 2630 sq.
619 2583 810 2618 octonarii
829 2583 1068 2630 anapaestici.
1116 2580 1159 2616 In
1177 2581 1396 2628 posteriore
1412 2579 1621 2617 Mfillerum
1646 2589 1804 2627 sequor3

331 2651 389 2695 R.‚
430 2651 502 2689 Fl..
546 2650 635 2687 Lor.
669 2649 766 2686 duos
803 2652 1051 2685 tetrametros
1084 2648 1307 2685 bacchaicos
1338 2648 1587 2696 scripserunt.
1620 2665 1674 2670 —
1702 2641 1807 2683 hunc

331 2728 458 2767 quem,
492 2719 675 2754 attractio
708 2717 1015 2763 demonstrativi,
1047 2731 1081 2754 v.
1113 2716 1161 2753 ad
1186 2715 1324 2765 Amph.
1355 2715 1478 2760 1002;
1509 2717 1554 2750 ut
1583 2713 1676 2750 alibi
1709 2708 1803 2759 „is“,

331 2786 385 2822 ita
417 2785 452 2822 h.
479 2787 501 2821 l.
539 2783 646 2831 „hic“
682 2789 771 2834 post
801 2785 1005 2822 relativam
1037 2785 1269 2821 sententiam
1300 2784 1503 2832 repetitur.
1571 2780 1652 2828 Fl.,
1690 2779 1804 2818 Lon:
