1963 3243
129 177 191 219 IV,
215 178 248 220 3,
278 176 405 211 10-21
751 173 945 210 Mercator.
1508 180 1582 219 183,

682 301 1036 355 Lysimachus

396 372 602 426 Equidem
637 372 778 413 hercle
811 373 971 426 oppido
1006 373 1112 426 perii
1148 373 1297 425 misem

130 446 253 490 Uidit.
317 444 371 486 Ut
403 450 443 485 te
477 458 638 494 omne-S,
671 444 893 498 Demipho.
929 445 970 486 di
1006 444 1227 498 perduint!

736 558 973 612 Dorippa

127 632 198 674 Pol
231 632 310 673 hoc
341 637 418 679 est,
451 631 512 672 ire
546 630 662 684 quod
696 645 768 671 rus
804 645 923 671 meus
957 632 1025 672 uir
1058 632 1206 674 uoluit.

680 745 1029 799 Lysimachus

127 818 237 869 Quid
267 832 378 860 nunc
411 832 488 871 ego
513 818 686 868 faciam,
720 818 799 858 uisi
826 823 874 859 ut
897 831 986 859 eam
1012 818 1167 859 adeam
1195 824 1328 873 atque
1354 821 1579 875 adloquar.

126 890 247 932 Iubet
278 890 446 932 saluere
478 904 580 932 suus
612 890 680 931 uir
711 904 888 931 uxorem
920 905 1056 931 suam.
1099 923 1102 926 ⁴
1515 908 1581 939 705

127 961 286 1005 Urbani
319 962 425 1003 fiunt
456 963 637 1003 rustici?

733 1042 973 1096 Dorippa

666 1115 871 1156 Pudicius

127 1189 305 1231 Faciunt
337 1202 464 1242 quam
498 1187 573 1238 illi,
606 1188 679 1241 qui
713 1201 797 1228 non
830 1188 938 1228 fiunt
969 1188 1134 1228 rustici.

684 1301 1028 1355 Lysimachus

125 1375 232 1417 Num
267 1375 366 1429 quid
401 1374 656 1428 delinquont
688 1375 869 1415 rustici?

734 1489 975 1542 Dorippa

941 1560 1122 1602 Ecastor
1155 1562 1295 1602 minus

125 1633 259 1684 Quam
291 1634 461 1685 urbani,
493 1639 537 1675 et
568 1633 703 1675 multo
738 1634 879 1674 minus
911 1633 1012 1674 mali
1047 1641 1266 1686 quaerunt
1298 1634 1393 1675 sibi.

680 1747 1027 1802 Lysimachus

125 1819 233 1870 Quid
265 1826 409 1862 autem
441 1820 596 1861 urbani
629 1820 934 1875 deliquerunt?
969 1820 1036 1861 dic
1069 1820 1187 1862 mihi.
1516 1834 1583 1866 710

734 1935 971 1988 Dorippa

127 2006 261 2057 Quoia
292 2007 367 2049 illa
399 2008 552 2049 mulier
585 2007 753 2049 intust‘?

679 2121 851 2174 Lysim
864 2134 920 2162 ac
933 2120 1025 2163 hus

804 2193 1020 2236 Uidistine
1054 2195 1179 2236 eam?

732 2308 974 2363 Dorippa

128 2364 238 2407 Uidi.

667 2457 1027 2512 Lysimachus

326 2529 462 2580 Quoia
495 2545 545 2571 ca
577 2531 646 2574 sit.
678 2530 873 2581 rogitas?

215 2688 280 2722 '702
304 2692 340 2723 te
365 2699 421 2724 om
445 2687 481 2723 Β
586 2688 745 2733 perdunt
770 2688 817 2732 B,
843 2689 1019 2733 perdiunt
1049 2689 1077 2724 C'
1166 2692 1232 2724 703
1258 2689 1332 2724 DO.
1359 2701 1427 2725 om.
1452 2690 1488 2725 B

127 2743 193 2778 704
217 2743 287 2779 LY.
312 2756 376 2780 m.
402 2744 438 2780 B
532 2758 611 2781 eam
638 2756 705 2780 om.
798 2747 865 2780 705
891 2747 1035 2781 salnai-e
1063 2747 1097 2780 B
1189 2748 1256 2782 708
1282 2748 1448 2792 nunquid
1477 2749 1504 2783 G

129 2798 326 2846 delinquen
352 2802 386 2837 B
476 2805 539 2837 711
569 2803 661 2847 Quia
