1963 3243
263 237 314 276 60
942 229 1063 263 Plauti
1482 226 1530 271 11,
1555 228 1586 270 4,
1612 220 1753 263 21—2'9

861 354 893 396 P
907 368 924 396 s
936 367 957 395 e
967 369 995 394 u
1007 353 1032 394 d
1043 366 1066 394 o
1076 353 1090 394 l
1100 368 1127 394 u
1138 367 1156 395 s

618 427 742 477 Quid,
774 425 1004 468 adtulisti‘?

862 519 1150 562 Calidorus

1062 589 1232 632 Adduxi
1263 589 1380 631 uolui
1413 589 1564 630 dicere.
1678 600 1750 634 715

265 734 367 784 Quis
401 733 499 775 istic
533 732 624 774 est?
857 673 1156 716 PseUdOlus

862 801 1152 844 Calidorus

673 874 896 917 Charinus.

860 955 1157 998 Pseudolus

928 1028 1059 1080 Euge,
1090 1028 1176 1068 iam
1207 1023 1373 1076 Χαίρειν
1403 1024 1545 1064 τοῦτον
1576 1023 1680 1076 λέγω.

875 1107 1147 1149 Charinus

267 1180 377 1231 Quin
408 1185 457 1222 tu
489 1181 523 1222 si
557 1180 660 1234 quid
693 1184 821 1235 opust
851 1178 954 1221 mihi
987 1178 1195 1221 audacter
1225 1179 1424 1233 inperas‘?

858 1258 890 1299 P
904 1273 920 1299 s
935 1272 992 1300 eu
1004 1258 1031 1299 d
1043 1259 1157 1300 olus

1363 1314 1468 1356 Tam
1500 1315 1642 1368 gratia
1672 1318 1755 1357 est-

268 1388 383 1430 Bene
416 1390 472 1430 sit
501 1388 595 1439 tibi,
630 1388 833 1440 Charine3
865 1387 964 1429 nolo
996 1387 1076 1429 tibi
1109 1387 1316 1429 molestos
1348 1400 1443 1429 esse
1474 1400 1566 1428 nos.

877 1465 1146 1508 Charinus

265 1540 355 1582 Uos
386 1539 591 1582 molestos
622 1539 748 1581 mihi!
781 1538 1012 1580 Molestum
1045 1543 1112 1580 est
1143 1538 1189 1580 id
1218 1538 1402 1593 quidem.

861 1629 1158 1671 Pseudolus

1237 1684 1343 1726 Tum
1373 1690 1422 1727 tu
1453 1685 1584 1738 igitur
1614 1698 1756 1727 mane.
1799 1705 1806 1708 ·
1878 1704 1890 1714 ι

270 1824 382 1874 Quid
413 1825 522 1866 ist-uc
554 1823 647 1865 est?
867 1765 1153 1808 Gahdmus

860 1894 891 1935 P
904 1908 923 1936 s
935 1908 955 1935 e
969 1909 995 1935 u
1008 1894 1032 1935 d
1047 1908 1070 1935 o
1083 1894 1134 1935 lu
1149 1907 1167 1934 s

519 1966 761 2022 Epistulam
793 1967 906 2008 hanc
935 1965 1062 2007 modo
1093 1965 1304 2019 intercepi
1337 1969 1380 2006 et
1410 1963 1660 2018 symbolum.
1688 1975 1759 2010 720

869 2056 900 2098 C
913 2056 1025 2097 alid
1037 2070 1059 2098 o
1070 2071 1090 2097 r
1100 2071 1126 2097 u
1139 2070 1157 2097 s

272 2129 550 2184 Symbolum?
583 2144 708 2183 quem
741 2129 1010 2184 symbolum?

864 2215 1163 2257 Pseudolus

1054 2285 1135 2336 Qui
1167 2300 1192 2328 a
1223 2286 1359 2328 milite
1390 2285 1584 2328 adlatust
1613 2284 1759 2327 modo.

270 2359 376 2402 Eius
409 2373 560 2402 seruos
593 2360 665 2413 qui
697 2359 808 2400 hunc
839 2357 1007 2400 ferebat
1039 2373 1134 2400 cum
1166 2359 1357 2412 quinque
1389 2358 1556 2412 argenti
1587 2357 1726 2408 minis,

271 2431 407 2474 Tuam
439 2432 512 2486 qui
543 2432 727 2473 amicam
760 2430 860 2472 hinc
892 2430 1154 2481 arcessebat,
1188 2430 1224 2471 ei
1257 2443 1304 2472 os
1335 2429 1503 2472 subleui
1535 2428 1674 2471 modo.

362 2580 427 2614 716
453 2578 741 2622 charytouonolw
856 2579 922 2612 '717
949 2576 1020 2612 CH.
1048 2587 1113 2612 om.
1228 2581 1269 2611 tu
1295 2575 1467 2621 quicquid
1493 2586 1585 2621 opus
1612 2578 1669 2612 est
1693 2574 1766 2612 Bc*

364 2635 401 2669 P.
425 2639 500 2670 tam
527 2635 689 2679 graciam
715 2634 760 2675 B,
788 2645 852 2670 om.
883 2635 918 2670 C.
1028 2635 1094 2669 718
1121 2634 1170 2668 sit
1195 2633 1345 2669 charine
1369 2632 1438 2668 ΒΟ
1538 2634 1603 2668 719
1627 2632 1666 2667 id
1691 2643 1756 2668 om.

363 2698 402 2726 tu
429 2703 494 2728 om.
526 2692 555 2727 G
608 2727 611 2729 ,
657 2693 724 2726 720
748 2690 820 2726 CH.
927 2691 1084 2736 epistula
1107 2690 1142 2724 Β
1246 2690 1356 2724 modo
1381 2689 1477 2724 hanc
1500 2688 1576 2731 BC,
1602 2689 1697 2724 hanc
1721 2688 1756 2723 A

273 2750 333 2782 721
365 2748 434 2783 CH.
507 2749 658 2783 aliatust
681 2748 792 2783 modo
818 2752 873 2782 est
894 2747 940 2789 Β,
968 2747 1168 2782 alienatust
1191 2746 1302 2781 modo
1329 2749 1383 2781 est
1404 2745 1432 2780 C
1499 2746 1564 2780 723
1590 2755 1756 2781 accerse-

273 2805 336 2839 bat
361 2805 405 2848 A,
432 2805 640 2840 arcessabat
665 2804 700 2839 B
