1963 3243
346 192 397 230 22
1008 187 1128 222 Plauti
1576 188 1622 232 ΙΙ,
1647 190 1679 232 3,
1706 190 1794 223 1-8

565 380 895 423 SCELEDRUS
928 380 1292 429 PALAESTRIQ
1324 379 1491 422 SERUI
1521 380 1573 422 II.

927 505 1214 547 Sceledrus

343 578 431 618 Nisi
466 577 637 630 quidem
672 591 749 630 ego
780 577 908 618 hodie
940 576 1160 618 ambulaui
1192 576 1410 618 dormiens
1442 577 1483 617 in
1516 578 1684 631 tegulis,

343 648 470 690 Certo
503 649 655 702 edepol
687 650 776 691 scio
807 663 873 689 me
905 648 1066 689 uidisse
1098 648 1167 688 hic
1199 661 1431 701 proxumae
1463 649 1647 691 uiciniae
1727 662 1793 695 275

342 720 705 762 Philocomasium
738 720 886 761 erilem
918 720 1099 761 amicam
1132 718 1214 760 sibi
1248 719 1402 761 malam
1441 734 1529 762 rem
1570 734 1790 774 quaerere.

911 832 1216 874 Palaestrio

340 904 421 945 Hic
451 904 569 946 illam
600 905 713 947 uidit
743 905 1023 956 osculantem,
1057 908 1266 958 quantum
1298 904 1410 946 hunc
1441 905 1588 948 audiui
1617 905 1747 960 loqui.

339 1088 643 1139 Quishicest‘?
922 1017 1213 1060 sceledrus

909 1181 940 1222 P
955 1181 1003 1223 al
1015 1195 1040 1222 a
1051 1196 1073 1223 e
1086 1183 1222 1223 strio

626 1253 742 1295 Tuus
760 1267 1007 1295 conseruos.
1055 1253 1167 1303 Quid
1185 1254 1290 1307 agis,
1309 1253 1539 1296 Sceledre?

923 1366 1206 1409 Sceledrus

1448 1440 1520 1492 Te,
1537 1440 1790 1495 Palaestrio,

338 1509 477 1563 Uolup
496 1515 563 1552 est
579 1512 844 1554 conuenisse.

907 1607 939 1648 P
952 1607 1001 1648 al
1014 1620 1039 1648 a
1051 1621 1072 1648 e
1083 1621 1102 1648 s
1112 1606 1217 1648 trio

778 1679 888 1729 Quid
905 1679 1020 1721 iam‘?
1053 1684 1128 1721 aut
1145 1679 1250 1732 quid
1267 1680 1415 1732 negoti
1432 1680 1523 1722 est‘?
1555 1679 1622 1722 fac
1639 1680 1785 1721 sciam.

921 1793 1209 1835 Sceledrus

333 1862 490 1914 Metuo,

910 1956 1211 1999 Palaestrio

448 2025 559 2076 Quid
590 2028 773 2069 metuis?

917 2120 1205 2163 Sceledrus

648 2190 711 2232 Nc
728 2190 873 2234 hercle
890 2192 1032 2243 hodie,
1051 2196 1261 2246 quantum
1279 2192 1349 2234 hic
1367 2192 1701 2244 familiariumst,
1719 2205 1786 2238 280

331 2262 578 2303 Maxumum
610 2264 652 2304 in
687 2264 845 2306 malum
877 2265 1114 2306 cruciatum
1146 2265 1418 2307 insuliamus.

534 2398 678 2434 SERUI
704 2399 740 2434 II
766 2410 830 2434 om.
858 2401 892 2434 A

420 2457 485 2489 274
511 2455 671 2491 dormies
697 2456 733 2491 B
836 2458 901 2491 275
929 2457 1083 2501 aedepol
1111 2457 1140 2493 C
1236 2460 1301 2493 276
1327 2458 1629 2493 Philocomasiem
1658 2457 1692 2492 B

329 2513 463 2546 malum
493 2512 539 2555 B,
572 2513 683 2548 alium
711 2513 740 2548 Ο
841 2526 916 2548 rom
950 2524 1016 2548 om.
1042 2514 1112 2549 BG
1211 2516 1277 2549 277
1308 2515 1380 2549 huc
1412 2515 1446 2548 B
1550 2515 1704 2559 loquere
1734 2515 1782 2559 B,

329 2570 539 2614 loquentem
563 2570 591 2603 (J
680 2572 747 2604 278
773 2569 837 2604 SC.
863 2571 933 2604 iste
954 2570 1001 2612 B,
1028 2570 1092 2606 SC.
1120 2575 1174 2605 ste
1197 2571 1225 2606 C
1312 2572 1376 2605 279
1402 2570 1564 2616 Uolupos
1591 2573 1782 2606 conuenis-

330 2631 385 2660 svt
410 2627 443 2660 B
527 2628 614 2670 quid
638 2629 705 2661 iam
729 2628 854 2671 negoti
876 2631 930 2662 est
955 2628 999 2666 A,
1027 2628 1113 2671 quid
1141 2628 1279 2670 negotii
1305 2628 1350 2670 R,
1378 2629 1463 2671 quid
1491 2639 1585 2670 nego
1612 2634 1649 2662 tu
1678 2629 1707 2663 C'

330 2684 479 2717 fasciam
506 2685 536 2716 A
608 2688 674 2718 2⁴30
700 2685 800 2719 Metu
825 2685 912 2728 quid
937 2684 1004 2719 BC
1072 2685 1141 2718 PA.
1169 2689 1344 2728 quantum
1372 2693 1427 2719 est
1452 2686 1537 2718 fami
1554 2710 1560 2717 .
1577 2714 1584 2720 .
1601 2688 1644 2728 A,
1670 2698 1780 2730 quau-

330 2746 405 2773 tum
434 2740 491 2773 hic
518 2740 775 2775 familiarumst
799 2741 866 2776 BC
964 2744 1024 2775 251
1055 2743 1332 2786 cruciatumque
1360 2743 1387 2778 (Γ
1487 2743 1698 2776 insuliamus
1724 2748 1781 2779 est

328 2796 372 2839 Β,
399 2797 570 2830 insuliam
600 2798 629 2832 C
