1963 3243
371 214 449 253 198
1046 210 1167 245 Plauti
1595 210 1638 255 v,
1662 212 1694 255 4,
1720 212 1854 246 31—42

922 334 1301 387 Adelphasium

367 406 465 449 Non
482 420 532 449 eo
550 420 708 460 genere
733 420 882 448 sumus
900 410 1152 460 prognatae,
1180 407 1354 448 tametsi
1372 421 1520 448 sumus
1539 420 1704 457 seruae,
1720 421 1854 458 soror,

367 478 426 520 Ut
465 478 620 520 deceat
657 492 734 520 nos
771 477 913 519 facere
945 477 1196 532 quidquam,
1229 477 1342 530 quod
1372 477 1500 519 homo
1532 479 1762 532 quisquam
1791 479 1854 520 in-

1382 549 1537 590 rideat.
1559 567 1595 600 g„
1769 561 1856 594 1200

365 622 505 664 Multa
536 626 635 663 sunt
665 620 893 662 mulierum
923 621 1042 668 uitia,
1077 620 1151 661 sed
1183 620 1265 661 hoc
1289 634 1309 660 e
1336 620 1483 662 multis
1506 634 1753 662 maxumum
1778 626 1853 668 est,

367 693 506 743 Quom
536 693 619 734 sibi
649 692 777 733 nimis
809 691 984 746 placent
1015 705 1242 744 mlnusque
1274 691 1438 733 addunt
1470 706 1642 745 operam
1677 693 1741 733 uti
1763 692 1855 747 pla-
1899 719 1907 727 ι

1382 769 1508 804 ceant
1541 765 1660 805 uiris.

923 857 1290 898 Anterastilis

366 931 535 973 Nimiae
565 929 784 984 uoluptati
816 934 899 978 est,
940 928 1055 981 quod
1087 929 1129 969 in
1163 929 1271 969 extis
1302 930 1462 970 nostris
1494 935 1742 984 portentum
1775 937 1854 980 est,

1384 1015 1518 1049 soror,

367 1073 490 1123 Quod
521 1073 737 1127 haruspex
770 1072 822 1113 de
854 1071 1065 1113 ambabus
1098 1071 1219 1113 dixit.

913 1174 1303 1226 Ayorastoczes

1131 1245 1271 1287 Uelim
1303 1246 1355 1287 de
1387 1260 1452 1287 me
1485 1246 1651 1301 aliquid
1685 1246 1853 1288 dixerit.

930 1331 1290 1389 A'izterastz'lis

365 1421 453 1463 Nos
484 1420 577 1462 fore
607 1420 746 1461 inuito
779 1419 951 1460 domino
984 1425 1131 1460 nostro
1166 1419 1315 1460 diebus
1347 1420 1498 1474 paucis
1530 1419 1699 1461 liberas.
1770 1432 1855 1465 1205

364 1493 415 1534 Id
432 1507 521 1546 ego,
551 1493 633 1533 nisi
651 1491 754 1545 quid
774 1491 817 1532 di
834 1495 909 1532 aut
925 1496 1126 1545 parentes
1143 1491 1291 1541 faxint,
1317 1492 1391 1545 qui
1410 1505 1589 1545 sperem,
1616 1491 1734 1533 haud
1751 1493 1853 1534 scio.

916 1593 1298 1647 Ayorastocles

367 1667 463 1708 Mea
493 1665 650 1707 fiducia
679 1664 822 1707 hercle
854 1665 1083 1719 haruspex,
1116 1672 1281 1719 patrue,
1314 1665 1380 1706 his
1413 1666 1622 1719 promisit,
1654 1666 1755 1715 scio,
1815 1660 1821 1662 ’

368 1738 647 1788 Libertatem,
680 1738 783 1791 quia
814 1751 880 1778 me
911 1751 1057 1778 amare
1088 1737 1201 1778 hanc
1234 1737 1325 1778 scit.

922 1838 1297 1891 Adelphasium

1253 1909 1396 1956 Soror,
1429 1924 1607 1964 sequere
1640 1911 1731 1952 hac..

929 2013 1292 2055 Anterastilis

1678 2070 1853 2124 Sequor.

1019 2153 1204 2195 Hanno

366 2227 629 2281 Priusquam
660 2225 804 2275 abitis,
837 2239 914 2266 uos
947 2225 1045 2266 uolo
1078 2225 1240 2266 ambas.
1303 2225 1394 2266 Nisi
1425 2225 1553 2278 piget.
1590 2224 1826 2266 consistite.

919 2327 1298 2379 Adelphasium

368 2400 474 2451 Quis
503 2400 712 2443 reuocat?

460 2559 545 2593 1199
570 2569 695 2592 sumus
721 2569 858 2601 genere
886 2555 915 2591 C'
1014 2558 1099 2590 1200
1124 2555 1244 2590 facere
1270 2567 1336 2590 nos
1364 2554 1393 2590 G
1493 2556 1574 2589 1201
1602 2555 1800 2589 maximust
1823 2553 1857 2588 A

368 2616 455 2649 1202
480 2615 622 2649 addunt
647 2625 713 2650 om.
739 2613 809 2649 Bo
897 2618 938 2647 ut
1033 2614 1118 2646 1203
1144 2624 1251 2646 soror
1277 2617 1333 2646 est
1360 2611 1389 2647 O
1480 2612 1566 2646 1204
1591 2610 1769 2655 Quodque

366 2671 598 2716 aliquidquid
624 2682 626 2684 ·
706 2671 791 2705 1206
816 2669 906 2714 quid
932 2680 1073 2713 sperem
1180 2670 1249 2703 hau
1276 2668 1309 2702 A
1418 2669 1504 2702 1207
1530 2668 1630 2702 Meas
1655 2666 1691 2701 B
1791 2666 1856 2701 Pa·

366 2721 492 2762 truelis
518 2728 689 2772 promisit
716 2726 746 2762 G
842 2727 929 2760 1208
955 2736 1079 2760 sorore
1105 2737 1217 2770 quere
1242 2725 1278 2760 B
1387 2726 1472 2759 1209
1498 2724 1616 2759 habiit
1641 2735 1726 2758 suos
1752 2722 1854 2758 uola-

366 2784 492 2818 mabas
520 2783 565 2828 B,
592 2784 798 2818 habitisuos
825 2782 1016 2817 Clamabas
1044 2782 1071 2815 C
