1963 3243
315 169 370 208 42
979 167 1100 201 Plauti
1503 166 1550 209 II,
1576 168 1606 208 5,
1632 167 1766 200 56-64

318 290 376 331 Ut
405 290 635 344 utrobique
667 293 904 334 orationem
937 293 1062 334 docte
1094 292 1240 334 diuisit
1271 293 1408 334 suam!

317 361 375 403 Ut
406 362 638 403 sublinitur
670 376 716 404 os
749 363 918 404 custodi
951 370 1093 413 cauto,
1127 377 1337 405 conseruo
1370 363 1482 405 meo!

315 432 453 474 Nimis
485 433 599 483 beat,
633 434 748 488 quod
780 440 1031 477 conmeatus
1049 436 1279 477 transtinet
1300 441 1421 476 trans
1445 436 1667 489 parietem.
1699 447 1765 479 470

901 558 1188 601 Sceledrus

317 628 445 679 Heus,
478 629 730 680 Palaestrio,
762 631 992 672 machaera
1020 630 1125 672 nihil
1157 645 1277 685 opus.

886 755 1195 796 Palaestrio

1137 827 1247 877 Quid
1280 828 1396 868 iam‘?
1428 834 1503 868 aut
1534 828 1639 881 quid
1671 828 1764 869 est?

901 928 927 970 S
938 943 960 970 c
972 929 1051 970 ele
1063 929 1089 970 d
1100 943 1122 970 r
1132 943 1158 970 u
1171 943 1189 970 s

317 999 442 1040 Domi
476 1013 622 1041 eccam
654 1000 800 1041 erilem
833 1001 1128 1042 concubinam.

885 1114 1197 1156 Palaestrio

1128 1186 1252 1237 Quid,
1285 1187 1428 1228 domi?

903 1288 1191 1330 Sceledrus

1399 1361 1444 1401 ln
1478 1361 1589 1404 lecto
1621 1361 1764 1404 cubat.

886 1440 1196 1483 Palaestrio

317 1513 481 1566 Edepol
514 1527 567 1554 ne
599 1518 646 1554 tu
679 1513 758 1554 tibi
790 1512 945 1554 malam
978 1526 1066 1554 rem
1098 1513 1340 1568 repperisti,
1371 1519 1417 1554 ut
1449 1513 1688 1566 praedicas.

899 1626 925 1668 S
937 1640 958 1667 c
970 1626 1048 1668 ele
1060 1627 1085 1668 d
1096 1641 1118 1668 r
1131 1641 1157 1668 u
1170 1641 1188 1668 s

316 1699 428 1748 Quid
458 1701 572 1741 iam?

887 1779 1049 1820 Palae
1062 1780 1196 1821 strio

479 1851 589 1901 Quia
604 1853 715 1893 hanc
732 1853 944 1904 attingere
962 1856 1105 1893 ausu's
1125 1852 1343 1893 mulierem
1361 1851 1460 1892 hinc
1478 1866 1528 1892 ex
1547 1864 1765 1904 proxumO.

883 1964 1190 2007 Sceledrus

316 2037 454 2091 Magis
487 2037 632 2079 hercle
663 2043 820 2079 metuo.

884 2140 916 2180 P
929 2139 1046 2181 alae
1057 2140 1196 2181 strio

609 2210 691 2252 Sed
724 2226 958 2265 numquam
991 2213 1223 2265 quisquam
1258 2212 1387 2253 faciet
1418 2213 1517 2264 quin
1551 2225 1672 2252 soror
1702 2219 1768 2254 475

315 2285 456 2326 Istaec
473 2286 527 2326 sit
544 2285 713 2337 gemina
730 2284 867 2325 huius.
932 2283 1035 2324 Eam
1055 2283 1125 2336 pol
1144 2290 1188 2324 tu
1207 2284 1472 2325 osculantem
1492 2284 1561 2325 hic
1579 2284 1766 2325 uideras.

404 2444 472 2477 468
507 2443 712 2487 Ut...biq’
748 2443 783 2476 B
887 2443 1001 2476 ducta
1037 2443 1173 2477 edu-it
1209 2443 1312 2477 intua
1336 2441 1384 2486 B,
1423 2443 1535 2477 ducta
1572 2441 1689 2476 ediuit
1726 2446 1767 2476 ut

314 2505 413 2535 tuam
440 2499 469 2535 Ο
565 2501 632 2534 469
661 2500 914 2535 sublimiturus
941 2500 1272 2534 custodi..causto
1295 2498 1341 2540 B,
1373 2499 1615 2533 subliniturus
1647 2503 1766 2533 custo—

316 2558 382 2591 diit
396 2562 505 2592 cauto
523 2557 552 2592 Ο
640 2559 707 2591 470
731 2563 822 2602 quot
835 2555 904 2592 BC
992 2562 1067 2590 tam
1082 2556 1117 2590 Β
1210 2558 1274 2591 471
1301 2556 1413 2591 Heius
1427 2555 1463 2590 B
1555 2555 1653 2589 haud
1678 2554 1764 2599 quid

317 2627 405 2657 opus
432 2619 487 2648 est
511 2614 580 2650 BC
690 2615 756 2649 472
786 2614 854 2648 hec
879 2614 1051 2648 camerile
1076 2614 1283 2648 concubina
1308 2612 1343 2648 B
1457 2613 1594 2647 cubant
1619 2611 1653 2646 B

315 2671 381 2705 474
406 2672 466 2715 qui
493 2671 565 2705 iam
581 2671 609 2705 Ο
687 2672 746 2705 hic
761 2672 797 2705 in
813 2671 983 2715 proximo
998 2670 1072 2705 BC.
1166 2673 1232 2705 475
1258 2670 1349 2704 PAL
1375 2681 1440 2705 om.
1455 2670 1522 2704 BC
1589 2681 1625 2702 se
1641 2668 1676 2703 Β

314 2729 451 2762 facient
476 2726 510 2761 Β
614 2729 848 2772 quis....sit
872 2728 914 2771 B,
949 2728 1009 2770 qui
1043 2738 1151 2761 soror
1183 2727 1211 2761 G
1311 2728 1378 2761 476
1405 2727 1480 2761 Ista
1513 2727 1558 2760 sit
1592 2737 1764 2767 germana

315 2785 421 2819 huius
446 2783 512 2819 BC
603 2785 693 2829 polt’
720 2785 756 2819 Β
849 2785 933 2819 hinc
957 2783 993 2818 Β
