1963 3243
319 223 400 261 256
890 219 995 253 Miles
1021 218 1217 262 gloriosus.

311 349 471 396 plenum
504 351 558 387 est
587 348 670 397 Pyl.
704 367 758 373 —
792 349 882 387 516.
933 349 1021 396 „Ita
1050 359 1136 387 sum
1170 351 1335 391 coactus,
1367 361 1411 386 eo
1441 361 1526 386 sum
1550 338 1773 398 redactus“,

318 417 453 454 Lamb.
486 416 713 454 Similitudo
744 429 792 453 ex
821 429 864 453 re
896 416 1036 453 bellica
1067 415 1197 464 ducta,
1215 417 1263 454 cf.
1283 417 1372 455 Ter.
1391 416 1531 454 Heaut.
1552 418 1650 454 669:
1687 417 1772 465 „Ita

318 485 389 521 hac
426 498 468 521 re
506 486 545 521 in
585 488 791 533 angustum
833 483 981 534 oppido
1014 497 1115 522 nunc
1146 497 1254 521 meae
1287 488 1479 534 coguntur
1509 482 1686 534 copiae“.
1718 505 1771 510 —

320 554 399 591 517
455 552 696 600 expostulare
733 552 777 589 R.
818 572 874 577 —
912 563 1071 599 aequom
1107 553 1166 589 sit.
1238 551 1439 590 Vocabula
1470 553 1509 588 in
1541 566 1558 589 s
1591 554 1772 590 exeuntia

317 625 506 671 sequente
537 635 555 658 s
585 635 632 658 ne
665 622 705 658 in
730 624 904 658 extremo
931 620 1088 669 quidem
1115 633 1250 658 versus
1275 621 1374 671 pede
1391 621 1624 670 positionem
1642 607 1772 658 neces·

319 691 459 727 sariam
504 690 631 726 facere
670 692 837 733 constat,
878 701 913 724 v.
946 687 1049 726 Prol.
1081 701 1119 738 p.
1154 688 1255 735 2013
1287 689 1355 726 sed
1386 689 1486 726 idem
1519 690 1558 726 in
1590 703 1627 726 m
1657 689 1772 726 finale

316 757 402 795 fieri
441 770 553 807 posse
593 770 669 794 non
706 757 878 794 videtur.
941 756 986 793 R.
1027 769 1111 793 cum
1142 756 1311 805 Pylade:
1375 760 1528 804 „tecum
1568 760 1772 806 aequomst

318 822 471 874 prius“.
539 825 653 862 Ribb.
695 825 854 863 Goetz.:
904 827 1058 872 „tecum
1099 838 1262 874 aequom
1310 823 1408 862 siet“
1458 838 1543 862 cum
1583 825 1771 872 Beckero,

319 895 384 943 qui
424 894 715 930 coniunctivum
756 897 796 930 et
833 893 895 930 hic
926 896 965 929 et
994 906 1029 929 v.
1065 894 1142 931 519
1176 893 1355 942 postulat
1386 891 1577 941 (Studem.
1611 893 1722 932 Stud.
1754 894 1773 932 I

317 975 355 1011 p.
400 959 508 1007 218),
551 963 613 998 vix
654 963 885 1009 necessario,
927 974 961 997 v.
1002 962 1051 998 ad
1089 961 1230 1011 Amph.
1275 962 1337 998 17.
1380 980 1427 986 ——
1471 963 1550 999 518
1590 975 1645 1011 sq.
1680 962 1773 1000 Post

323 1029 502 1076 .‚utrum“
547 1029 763 1067 desiderari
795 1029 861 1067 An
900 1033 1079 1079 apparet.
1139 1029 1293 1066 Primus
1325 1016 1492 1077 Pylades
1522 1029 1593 1067 hoc
1625 1044 1659 1068 v.
1695 1031 1770 1068 519

319 1099 494 1146 addidit3
525 1102 606 1135 tum
636 1095 803 1148 Lipsius,
838 1111 916 1147 quo
948 1098 1168 1135 accuratius
1200 1100 1483 1135 sententiarum
1517 1098 1612 1135 ordo
1637 1099 1772 1136 decur-

319 1171 435 1211 reret,
463 1167 670 1216 utriusque
696 1179 833 1203 versus
858 1166 1035 1204 ordinem
1053 1167 1234 1214 invertit3
1267 1166 1326 1213 R.,
1347 1179 1459 1215 quem
1479 1167 1602 1204 secuti
1619 1179 1771 1204 sumus:

319 1235 384 1273 An
407 1237 442 1272 εἰ
465 1237 581 1272 istaec
604 1247 682 1272 non
705 1237 760 1272 est
789 1234 878 1272 haec
906 1246 1025 1282 neque
1054 1235 1146 1272 haec
1170 1236 1293 1272 m'sast
1321 1234 1424 1271 mihi.
1474 1233 1604 1271 Madv.
1621 1235 1720 1272 Adv.
1738 1235 1775 1272 II

318 1318 354 1353 p.
391 1306 412 1340 9
447 1305 570 1340 locum
602 1317 678 1340 non
710 1305 806 1341 satis
837 1303 1007 1340 feliciter
1038 1304 1236 1341 tractavit.
1269 1322 1323 1327 --
1357 1302 1450 1340 519.
1484 1302 1527 1339 R.
1561 1301 1632 1352 Op.
1665 1302 1703 1339 II
1733 1316 1770 1352 p.

320 1374 422 1410 431:
474 1372 563 1418 „Me
595 1373 829 1421 expurigare
862 1372 956 1409 haec
987 1371 1059 1408 tibi
1090 1371 1250 1408 uidetur
1281 1368 1467 1420 aequius“
1503 1371 1550 1408 cf.
1571 1371 1673 1419 4993
1703 1384 1773 1408 nos

319 1455 404 1479 cum
440 1441 578 1478 Bothio
612 1440 714 1477 Med.
747 1460 801 1465 —
835 1441 926 1478 520.
960 1439 1077 1485 Sic-ut,
1111 1455 1149 1478 v.-
1179 1440 1228 1476 ad
1252 1439 1367 1490 Epid.
1395 1441 1486 1477 273.
1519 1438 1660 1477 Pseud.
1681 1440 1772 1477 375.

319 1510 426 1546 Pers.
464 1511 553 1547 138.
594 1508 713 1545 Poen.
748 1509 840 1546 505.
882 1508 1000 1545 Most.
1036 1510 1128 1546 373.
1162 1508 1335 1558 Simplex
1371 1506 1459 1554 „ut“
1496 1521 1532 1544 v.
1566 1507 1614 1544 ad
1634 1507 1772 1546 Pseud.

322 1579 417 1615 279.
457 1597 511 1602 —
553 1577 645 1615 521.
684 1578 836 1614 nostrae·
873 1576 939 1622 R.;
982 1577 1110 1614 Bentl.
1156 1573 1418 1620 „consimilis“
1463 1576 1609 1623 voluit;
1657 1575 1771 1614 Both.

323 1647 386 1683 Br.
440 1645 554 1682 Ribb.
619 1646 704 1692 „Ita
749 1647 867 1682 istaec
915 1645 1029 1682 huius
1075 1646 1215 1682 similis
1262 1649 1320 1680 est
1366 1647 1521 1681 nostrae
1569 1642 1662 1681 tua“
1725 1663 1774 1670 —

323 1715 417 1752 523.
467 1714 568 1762 Quin
606 1713 776 1764 Lipsius.
818 1733 870 1738 —
914 1713 1019 1751 iubeo
1061 1713 1167 1751 Cam.
1228 1712 1285 1750 De
1326 1714 1505 1762 proximo
1535 1715 1572 1750 et
1601 1713 1773 1751 diversas

321 1787 540 1821 structuras
584 1783 769 1830 iungente
816 1796 851 1819 v.
901 1782 948 1818 ad
993 1782 1100 1819 Asin.
1152 1782 1244 1819 697.
1307 1781 1349 1818 R.
1399 1785 1489 1818 cett.
1545 1779 1628 1827 „ei“
1682 1782 1707 1819 i.
1739 1795 1798 1827 e.-

326 1849 387 1898 ‚‚i“
428 1853 685 1901 scripserunt.
741 1870 795 1874 —
840 1850 1014 1897 placide,
1060 1853 1085 1887 i.
1126 1864 1158 1887 e.
1199 1863 1275 1887 non
1318 1850 1573 1897 festinanter,
1620 1849 1665 1887 cf.
1711 1848 1773 1887 ad.

322 1919 438 1968 Epid.
477 1919 566 1957 108.

439 1989 531 2026 524.
593 1988 717 2034 Quum
763 1989 932 2037 primum
972 1988 1176 2024 Sceledrus
1225 1986 1326 2023 aedes
1364 1988 1508 2030 intrat,
1553 1986 1773 2036 Peripleco-

324 2071 457 2094 menus
496 2057 545 2094 ad
585 2057 718 2093 militis
757 2057 859 2094 aedes
898 2069 1106 2094 conversus
1144 2055 1473 2092 Philocomasium
1506 2069 1622 2105 quam
1655 2055 1773 2093 celer-

323 2128 418 2162 rime
456 2125 505 2162 ad
544 2138 584 2162 se
615 2122 886 2162 transcurrere
916 2125 1040 2161 iubet.
1076 2144 1121 2148 ——
1161 2124 1403 2162 Transcurre
1433 2150 1443 2159 .
1463 2153 1499 2161 ..
1533 2125 1586 2161 ad
1622 2124 1682 2162 ed.
1713 2137 1772 2174 pr.

324 2214 376 2219 -—
415 2194 620 2238 curriculo,
660 2195 685 2231 i.
720 2206 751 2229 e.
786 2207 916 2240 cursu,
955 2207 990 2230 v.
1023 2192 1072 2229 ad
1103 2192 1222 2230 Most.
1257 2193 1350 2230 354.
1383 2212 1432 2217 —
1466 2194 1522 2230 ita
1551 2193 1776 2240 neyotiumst

324 2263 384 2300 ed.
425 2276 500 2313 pr.,
538 2276 572 2300 v.
613 2262 665 2299 ad
702 2262 841 2300 Bacch.
884 2263 976 2299 751.
1016 2281 1069 2286 —
1111 2261 1201 2299 528.
1244 2261 1514 2307 essnfuscauere’t.
1583 2261 1772 2307 Quoniam

324 2345 392 2368 nec
431 2331 759 2368 Philocomasium
800 2343 871 2367 nec
909 2329 1116 2367 Sceledrus
1154 2329 1269 2367 huius
1301 2330 1410 2367 verbi
1442 2329 1659 2367 subiectum
1691 2342 1773 2367 esse

323 2404 465 2449 potest,
506 2403 674 2449 apparet
712 2399 963 2436 intransitiva
1001 2399 1039 2435 vi
1076 2399 1182 2448 poni,
1220 2412 1255 2435 v.
1290 2398 1338 2435 ad
1371 2398 1464 2444 584,
1497 2402 1539 2435 ut
1570 2399 1644 2436 sit:
1690 2402 1772 2435 tur-

324 2468 456 2505 bidum
488 2467 568 2514 fiat,
610 2467 804 2505 turbetur.
865 2467 1055 2504 Similiter
1095 2466 1189 2504 Cist.
1237 2467 1284 2504 18
1336 2467 1563 2504 sribendum
1615 2479 1772 2504 censeo:

328 2537 456 2584 „Raro
482 2538 585 2573 enim
619 2537 738 2574 dabat
769 2536 876 2586 quod
907 2535 1093 2582 biberem,
1127 2539 1167 2572 et
1196 2548 1345 2572 merum
1379 2533 1646 2582 infuscabat“;
1678 2546 1773 2572 anus
1848 2562 1854 2566 -

325 2606 505 2654 queritur
542 2605 646 2654 quod
679 2606 812 2642 vinum
846 2618 921 2642 non
953 2605 1100 2641 clarum
1133 2603 1302 2641 colorem
1334 2604 1559 2652 praebuerit‚
1594 2603 1662 2641 sed
1692 2603 1771 2640 fus-

326 2686 410 2710 cum
444 2679 482 2710 et
512 2673 712 2711 turbidum
740 2674 869 2720 fuerit,
903 2672 1006 2723 quod
1032 2672 1266 2722 corruptelae
1283 2671 1470 2709 indicium
1489 2676 1559 2710 est.
1606 2671 1770 2710 Forchh.

325 2740 460 2778 Goetz.
495 2756 516 2778 a
553 2740 640 2787 „Si“
676 2754 816 2780 novam
846 2742 1079 2779 sententiam
1110 2741 1317 2791 incipiunt,
1350 2741 1511 2778 eandem
1543 2744 1634 2790 post
1667 2751 1775 2787 „mn-
