1963 3243
721 190 761 224 v.
787 192 983 226 894-933.
1511 196 1590 234 279

132 335 170 360 v.
203 321 294 358 913.
330 319 412 356 Br.:
449 320 628 365 „Adsunt
659 319 758 357 fabri
791 319 998 357 architecti
1032 331 1103 367 ego
1137 326 1177 357 tu
1211 323 1328 369 atque
1361 320 1454 356 haec
1488 322 1591 359 haud

130 386 343 438 imperiti“.
392 386 528 424 Ribb.:
567 386 850 432 „architectoui
882 385 1048 440 probo“.
1106 388 1225 425 Immo
1258 388 1465 426 architecto
1496 391 1590 426 scri·

42 487 55 502 .
131 455 296 495 bendum
329 461 400 500 est,
433 469 476 492 nc
508 454 649 492 deinde
682 469 754 505 pro
790 470 889 505 „que
915 471 936 494 a
961 460 1000 494 te
1027 453 1199 502 amant“‚
1232 457 1305 492 nisi
1339 456 1467 503 fallor,
1501 469 1597 504 quat·

131 525 297 572 faciant,
327 523 446 562 haud.
508 523 620 570 Quod
658 524 843 571 „eorum“
880 530 1066 562 omissum
1098 528 1168 572 est,
1203 538 1238 561 v.
1271 525 1318 562 ad
1344 525 1484 573 Amph.
1522 526 1592 571 383

133 593 401 632 coniunctivus
461 592 499 629 in
559 594 754 630 sententia
815 593 982 630 relativa
1053 592 1246 631 obiectum
1311 593 1510 630 indicante
1575 607 1595 630 a

131 662 366 700 comicorum
428 661 607 698 oratione
668 674 745 698 non
807 661 1004 706 abhorret,
1070 661 1115 698 cf.
1178 660 1265 698 Ter.
1328 661 1429 698 Eun.
1493 661 1594 699 705:

134 729 295 776 „Credis
362 729 451 766 huic
518 728 622 778 quod
689 727 847 766 dieat?“
916 749 963 754 —
1028 730 1121 766 918.
1198 731 1465 773 materiarius,
1528 731 1595 779 qui

131 797 331 836 materiem
372 797 544 846 praebet,
591 798 622 834 is
664 798 699 835 h.
741 797 765 835 1.
807 798 918 835 miles
958 802 1030 834 est.
1063 817 1117 822 —
1148 798 1250 845 quod
1285 808 1383 846 opus
1421 799 1487 846 qui
1523 798 1592 844 det,

129 866 156 904 i.
188 879 219 911 e,
253 866 318 915 qui
349 865 416 902 det
448 864 553 914 quod
580 879 678 915 opus
704 870 774 903 est.
825 865 997 904 Verbum
1024 865 1315 903 substantivum
1333 867 1424 904 add.
1446 866 1594 913 Lamb.,

129 935 195 972 vix
225 934 460 971 necessario.
522 932 578 970 De
610 934 747 971 ordine
780 935 989 972 verborum
1023 948 1058 971 v.
1084 934 1131 971 ad
1150 934 1260 972 Asin.
1282 936 1374 972 230.
1409 954 1463 959 —
1495 937 1590 973 920.

129 1003 280 1050 Royare
315 1003 505 1047 mirumst,
544 1002 591 1039 cf.
638 1003 730 1040 356.
765 1023 817 1028 —
851 1004 944 1040 921.
978 1003 1256 1050 cincinnatum,
1297 1003 1341 1040 cf.
1377 1003 1456 1041 Cic.
1490 1003 1591 1041 Sest.

132 1072 195 1117 11,
243 1071 314 1107 26:
364 1071 650 1117 „cincinnatum
699 1068 938 1109 consulem“.
1001 1070 1059 1108 Pl.
1107 1071 1266 1109 Trucul.
1317 1073 1417 1110 284:
1470 1074 1594 1119 „istos

126 1138 240 1176 fictos
271 1140 513 1188 compositos
545 1140 695 1188 crispos
727 1141 926 1176 cincinnos
949 1143 1038 1177 tuos
1061 1137 1377 1187 Unguentatos“.
1411 1160 1466 1165 —
1498 1140 1591 1179 922.

126 1207 189 1246 dle
226 1210 259 1245 te
297 1219 390 1245 nam
427 1207 541 1245 Both.
585 1227 635 1232 —-
676 1209 770 1245 924.
802 1209 978 1255 potuerit
1015 1206 1121 1245 Cam.
1182 1207 1242 1246 Eo
1282 1208 1452 1246 iambum
1484 1210 1593 1252 facit,

126 1280 171 1313 ut
205 1274 339 1323 „eam“
375 1277 468 1314 486.
502 1276 637 1313 Ribb.:
689 1275 772 1323 „Eo
804 1278 910 1326 potis
943 1278 1020 1313 erit
1051 1289 1132 1313 rem
1164 1276 1334 1326 lepidius
1365 1278 1432 1326 pol
1462 1276 1590 1315 fie1·i“.

128 1343 284 1382 Goetz.:
331 1344 412 1390 „Eo
452 1346 585 1393 potuit
623 1344 753 1382 hercle
785 1344 956 1393 lepidius
988 1344 1043 1380 nil
1074 1343 1200 1382 fieri“.
1236 1365 1288 1369 —
1321 1345 1436 1384 Potin
1466 1350 1523 1395 ut,
1557 1361 1591 1384 v.

127 1413 177 1450 ad
201 1412 318 1450 Most.
349 1414 440 1451 388.
477 1433 524 1437 —
561 1414 655 1451 925.
686 1412 769 1457 „Da
789 1413 881 1450 mihi
900 1413 1014 1451 modo
1033 1414 1250 1460 hominem3
1269 1415 1374 1463 quod
1391 1415 1441 1452 ad
1460 1420 1593 1453 cetera

126 1483 279 1528 attinet,
312 1484 461 1520 otiosus
494 1480 570 1520 sis“
606 1481 834 1518 Lambinus.
867 1482 1045 1529 quiescas
1076 1484 1212 1527 cetera,
1239 1482 1440 1520 01.Senec.
1474 1483 1591 1521 Herc.

126 1549 213 1588 Oet.
249 1551 374 1588 1590:
413 1554 528 1597 „ante
560 1581 568 1588 .
590 1582 624 1587 ..
660 1563 774 1600 quam
802 1554 889 1587 tuas
923 1550 1060 1588 laudes
1088 1550 1227 1600 populi
1245 1550 1491 1600 quiescant“.
1537 1552 1596 1590 De

125 1619 250 1656 vocali
295 1620 458 1669 ancipiti
503 1625 594 1656 ante
642 1619 824 1657 diaeresiu
866 1632 901 1656 v,
935 1618 1091 1666 Proleg.
1125 1631 1162 1667 p.
1201 1620 1291 1657 185.
1326 1620 1428 1656 infra
1471 1621 1591 1658 1247.

125 1705 179 1713 —
209 1686 360 1725 Nonius
387 1701 426 1738 p.
457 1689 559 1725 476:
598 1685 845 1734 „Ludificata
877 1701 944 1725 ero
970 1687 1165 1724 hominem
1199 1700 1271 1736 pro
1303 1682 1591 1737 [ludificauero.

125 1755 290 1793 Plautus
330 1759 369 1794 in
409 1752 576 1806 Milite:]
619 1755 824 1793 ludificata
863 1756 998 1805 lepido
1039 1754 1118 1792 Ero
1158 1756 1311 1805 culpam
1360 1769 1511 1793 omnem
1552 1759 1593 1795 in

125 1837 186 1862 me
225 1824 421 1874 inponit“.
483 1824 596 1863 Unde
627 1825 694 1862 R.:
740 1826 803 1871 „ni
843 1823 1046 1861 ludificata
1085 1837 1151 1861 ero
1191 1824 1387 1862 hominem
1426 1824 1591 1876 Culpam

125 1905 276 1930 omnem
316 1895 353 1930 in
395 1893 481 1930 med
520 1892 751 1942 inponito“;
795 1892 862 1929 sed
905 1892 1084 1943 „lepide“
1131 1889 1311 1930 omnibus
1349 1895 1591 1931 testimoniis

127 1959 322 1998 firmatum
356 1966 434 2009 est;
467 1962 622 1999 obiecto
655 1961 864 1999 carendum
898 1962 984 1998 erit.
1016 1981 1070 1986 —·
1103 1962 1197 1998 926.
1231 1972 1301 2009 aye
1327 1991 1333 1997 .
1355 1991 1362 1998 .
1384 1991 1391 1999 .
1411 1962 1519 2011 abite,
1552 1975 1587 1999 v.

128 2029 179 2066 ad
195 2029 293 2067 Rud.
321 2031 414 2067 797.
447 2050 500 2055 —
533 2031 626 2068 927.
660 2030 843 2077 Insistite,
875 2030 919 2066 cf.
958 2030 1050 2066 793.
1084 2049 1138 2054 —
1169 2028 1264 2067 Alta
1296 2041 1402 2076 cura,
1438 2030 1510 2067 hoc
1541 2044 1589 2068 ne.

129 2099 340 2143 curaveris,
380 2112 414 2136 V.
454 2098 502 2136 ad
542 2099 651 2136 Asin.
697 2100 789 2136 106.
830 2098 920 2136 add.
959 2097 1047 2134 Ter.
1086 2097 1243 2135 Phorm.
1280 2098 1372 2135 235.
1411 2117 1455 2122 --
1492 2099 1586 2136 928.

127 2165 197 2204 has
234 2177 341 2204 nunc
378 2168 455 2204 iam
493 2166 598 2204 Cam.
647 2187 691 2191 —
734 2167 786 2204 ad
820 2166 964 2213 forum,
1005 2167 1028 2202 i.
1070 2179 1101 2202 e.
1137 2166 1241 2214 apud
1273 2166 1415 2207 forum.
1449 2171 1493 2203 ut
1528 2180 1590 2204 ‹70-

127 2234 202 2272 luit
239 2235 449 2280 Abraham,
490 2248 525 2272 v.
567 2235 615 2271 ad
648 2236 756 2272 Asin.
792 2236 885 2273 818.
919 2253 972 2260 —
1006 2235 1099 2272 929.
1140 2234 1208 2280 illi,
1250 2235 1421 2283 repetito
1454 2235 1591 2272 eodem

127 2304 369 2352 pronomine,
409 2318 444 2341 v.
487 2303 533 2340 ad
573 2302 683 2353 Capt.
727 2303 820 2341 588.
865 2322 911 2327 -
956 2303 1049 2340 930.
1090 2300 1129 2339 A
1161 2305 1230 2340 tua
1261 2302 1320 2339 ed.
1354 2316 1413 2352 pr.
1449 2303 1591 2340 Hiatus

127 2375 217 2422 post
257 2372 337 2410 haec
373 2385 514 2422 parum
551 2373 634 2408 veri
674 2371 812 2409 similis
851 2377 920 2408 est.
983 2370 1048 2407 R:
1095 2384 1202 2417 „esse
1242 2383 1363 2407 uxore
1396 2371 1490 2408 mihi
1524 2371 1590 2408 da·

124 2439 251 2482 tum“,
283 2444 423 2489 postea
458 2437 626 2486 ,‚tuad“;
660 2439 782 2476 Koch.
813 2436 1034 2487 ,‚uoxore“;
1066 2438 1202 2476 Muell.
1221 2436 1373 2485 ·„eum“
1403 2439 1590 2477 addebat.

130 2527 182 2533 —
222 2509 316 2546 931.
355 2507 474 2546 Hanc
513 2508 573 2545 ed.
616 2521 696 2558 pr.;
737 2506 1044 2557 Milphidippam
1086 2507 1193 2544 dicit.
1256 2518 1369 2554 quom
1400 2506 1520 2554 Cam„
1553 2521 1588 2545 v.

128 2575 179 2613 ad
209 2576 349 2626 Amph.
384 2577 477 2614 858.
511 2595 563 2601 —
594 2577 767 2613 mittitote
792 2575 904 2613 Both.
938 2594 992 2600 -—
1025 2575 1118 2612 932.
1144 2586 1202 2612 me
1225 2574 1313 2612 add.
1342 2574 1470 2622 Cam.;
1503 2575 1588 2625 Pyl.

133 2641 285 2692 „eum“.
319 2664 372 2670 —-
405 2645 498 2682 933.
531 2646 734 2682 oneratum
765 2643 850 2681 cod.
883 2643 929 2689 D,
961 2656 1014 2681 sc.
1047 2643 1271 2689 mendaciis,
1310 2655 1344 2680 v.
1377 2642 1426 2680 ad
1447 2643 1588 2681 Bacch.

133 2711 227 2749 346.
259 2711 410 2750 Deinde
441 2713 502 2750 ed.
534 2725 595 2762 pr.
633 2712 733 2759 „huc
764 2709 963 2758 acciebo“,
997 2711 1064 2748 sed
1096 2710 1332 2757 adducendi,
1364 2723 1441 2748 non
1473 2710 1590 2750 advo-

130 2779 245 2818 candi
277 2781 384 2818 notio
414 2781 651 2829 requiritur3
685 2779 750 2817 ΒΓ.
788 2777 1080 2828 „admonebo“,
1112 2791 1203 2828 ego:
1236 2778 1437 2817 arcessibo.
1471 2778 1590 2817 Ribb.
