1963 3243
290 210 370 249 228
928 206 1142 242 Pseudolus.

287 349 366 373 non
391 339 544 383 patrem
569 335 707 384 solum,
734 335 804 373 sed
827 335 946 372 etiam
971 339 1134 372 matrem
1160 334 1376 373 defraudes.
1439 331 1619 373 Pietatis
1641 345 1776 384 causa,

289 402 388 439 ἕνεκα
417 404 475 448 τῆς
505 403 700 451 εὐσεβείας,
746 403 792 440 cf.
826 402 875 440 ad
905 402 1022 452 Epid.
1056 403 1149 440 677.
1216 402 1317 440 Mire
1356 401 1553 452 Ladewig.
1594 407 1632 440 et
1671 403 1776 441 Brix.

288 470 388 508 Ann.
422 470 518 520 phil.
551 470 654 508 CXV
683 484 721 520 p.
756 471 857 507 328:
907 483 978 517 „ne
1016 474 1140 507 mater
1179 471 1290 519 queri
1328 471 1452 520 possit
1489 472 1548 508 sui
1588 472 1778 509 minorem

292 539 483 577 rationem
513 538 687 576 habitam
720 551 803 575 esse
836 550 952 587 quam
983 535 1155 586 patris“;
1209 551 1256 575 ea-
1295 551 1373 575 non
1404 539 1530 587 pietas
1569 543 1671 576 esset
1710 538 1778 575 sed

291 607 510 656 aequalitas,
559 620 628 643 nec
668 606 760 643 talis
798 605 924 642 ironia
964 605 1026 642 hic
1063 606 1192 642 locum
1230 605 1402 643 haberet.
1481 601 1550 643 De
1585 602 1693 644 istac
1722 615 1779 654 re,

291 674 399 723 quod
430 674 479 710 ad
509 675 699 724 pietatem
731 675 893 718 attinet,
940 672 1156 709 Pseudolus
1195 686 1282 710 eum
1319 686 1499 710 securum
1537 687 1620 711 esse
1657 673 1777 720 iubet,

288 742 367 778 vid.
399 741 512 778 infra.
575 742 657 778 Hoc
687 754 766 778 non
795 740 995 777 intellecto
1021 740 1134 778 Both.
1160 754 1195 778 v.
1226 742 1302 778 122
1334 742 1511 790 proximo
1541 743 1777 791 postposuit,

289 821 456 858 eumque
495 811 620 846 secuti
651 808 696 846 R.
743 810 799 855 „si
838 808 914 845 hau
945 806 1131 857 potes?“,
1169 809 1259 845 Lor.
1293 821 1379 845 cum
1411 808 1635 861 Seyffertio:
1687 810 1779 858 „qui

288 875 469 926 potes‘?“,
514 876 630 913 Lcwe
665 878 758 925 „qui
788 873 973 925 potest?“
1021 877 1275 925 scripserunt.
1313 896 1363 902 —
1412 877 1502 913 124.
1536 875 1700 913 Securos
1738 878 1778 913 in

287 948 418 981 utram
435 944 581 981 vellent
599 958 730 982 aurem
749 944 917 981 dormire
938 957 1052 993 posse
1075 943 1270 990 dicebant,
1299 943 1353 980 ἐπ’
1376 943 1559 993 ἀμφότερα
1578 944 1780 988 καθεύδειν,

290 1012 336 1049 cf.
368 1012 552 1050 Menand.
585 1014 631 1050 fr.
665 1012 836 1050 Plocion.
873 1014 913 1049 1:
959 1011 1033 1048 Ἐπ’
1067 1011 1250 1060 ἀμφότερα
1288 1014 1349 1048 νῦν
1386 1012 1406 1057 ἡ
1443 1012 1626 1061 ’πίκληρος
1662 1013 1778 1060 μέλλει

289 1080 527 1125 καθευδήσων
561 1081 830 1130 κατειργάσασα
866 1081 959 1129 μέγα
997 1080 1056 1116 καὶ
1086 1080 1294 1128 περιβόητον
1325 1080 1438 1130 ἔργον.
1515 1080 1602 1117 Ter.
1636 1080 1776 1117 Heaut.

292 1149 392 1185 342:
428 1148 690 1197 „Ademptum
719 1149 794 1185 tibi
818 1150 894 1185 iam
919 1148 1008 1185 faxo
1033 1161 1185 1196 omnem
1211 1151 1369 1194 metum,
1402 1147 1447 1185 In
1472 1161 1607 1185 aurem
1631 1152 1778 1185 utram-

288 1217 349 1252 uis
389 1217 511 1254 otiose
549 1221 594 1253 ut
625 1214 834 1254 dormias“.
896 1215 996 1252 Plin.
1027 1215 1100 1266 Ep.
1133 1215 1197 1263 IV,
1240 1217 1302 1253 29.
1379 1215 1595 1253 Pseudolus
1637 1219 1777 1261 autem,

292 1297 412 1334 quum
449 1285 571 1321 oculis
611 1284 779 1322 dormire
810 1285 987 1321 homines
1017 1284 1244 1321 viderentur
1277 1281 1377 1331 (Mil.
1414 1282 1529 1330 826),
1562 1284 1778 1321 scurriliter

280 1337 335 1389 ‘in
367 1349 530 1390 oculum
567 1348 778 1390 utrumuis
817 1352 933 1398 dicit,
980 1353 1096 1389 simul
1133 1350 1355 1401 significans
1393 1353 1433 1388 in
1469 1352 1540 1389 hac
1576 1365 1619 1388 re
1657 1353 1779 1389 oculis

294 1421 554 1458 conivendum
586 1433 682 1458 esse.
744 1420 828 1457 Hoc
858 1433 936 1457 non
967 1420 1247 1457 intellexerunt
1278 1421 1346 1469 qui
1376 1433 1511 1457 versus
1548 1420 1623 1457 122
1657 1423 1695 1456 et
1728 1421 1776 1457 23

291 1492 631 1538 transposuerunt,
665 1502 743 1538 quo
775 1489 879 1526 facto
910 1501 987 1525 non
1020 1491 1078 1525 est
1108 1501 1177 1524 cur
1208 1488 1411 1525 oculorum
1442 1489 1588 1524 mentio
1618 1487 1697 1524 fiat.
1727 1477 1776 1512 3-

295 1558 387 1594 125.
419 1556 485 1594 R.:
522 1557 589 1604 „In
615 1556 820 1593 oculumne
847 1569 895 1593 an
913 1557 953 1593 in
971 1555 1132 1593 aurem?
1163 1554 1232 1593 PS.
1252 1553 1375 1592 Hoc“.
1409 1555 1579 1593 Facilius
1598 1555 1777 1604 Kampm.

294 1623 480 1672 „Oculum
520 1638 618 1662 anne
657 1621 720 1661 in“
765 1627 804 1660 et
835 1623 942 1661 Brix.
975 1624 1074 1660 Anu.
1106 1623 1203 1673 phil.
1236 1623 1284 1661 CI
1321 1636 1360 1672 p.
1395 1624 1494 1661 773.
1541 1636 1656 1672 quem
1695 1636 1780 1660 cum
1811 1665 1818 1667 ,
1891 1665 1899 1671 .

291 1691 380 1729 Lor.
413 1696 570 1729 secutus
610 1705 711 1730 sum:
768 1688 916 1731 Utrum
956 1688 1119 1729 oculum
1159 1701 1266 1729 (mne
1305 1687 1478 1729 aurem?
1535 1690 1593 1728 De
1641 1692 1781 1727 omissa

290 1761 574 1809 praepositione
614 1774 649 1797 v.
683 1774 731 1797 au
763 1760 883 1797 Merc.
919 1761 1008 1796 721.
1078 1759 1195 1796 Lcwe
1226 1772 1263 1808 p.
1302 1760 1377 1796 159
1417 1772 1555 1808 parum
1595 1759 1779 1796 feliciter:

296 1827 513 1874 „Utrumne
530 1830 569 1865 in
588 1826 773 1865 aurem‘?“
804 1847 853 1853 —
871 1824 956 1871 hoc.
988 1827 1091 1876 quod
1119 1827 1212 1873 dixi,
1244 1840 1320 1864 non
1336 1826 1375 1863 id
1395 1827 1501 1876 quod
1524 1827 1782 1864 interlocutor

292 1895 456 1932 fortuito
503 1900 677 1933 extremo
720 1896 806 1934 loco
844 1898 995 1945 posuit,
1043 1909 1089 1932 ne
1128 1908 1214 1932 cum
1244 1895 1289 1932 R.
1322 1908 1394 1945 pro
1433 1892 1574 1932 mimas
1617 1891 1778 1941 „nimis“

292 1964 461 2010 scribas3
493 1964 593 2001 illud
624 1965 738 2001 etiam
757 1965 810 2000 ·in
837 1966 870 2000 A
901 1967 1040 2001 exstat.
1101 1962 1161 2000 Ad
1194 1963 1426 2000 sententiam
1458 1963 1504 1999 cf.
1537 1961 1653 2011 Epid.
1687 1963 1780 2001 350.

293 2031 434 2069 Bacch.
470 2033 590 2069 1070.
631 2051 685 2057 —-
735 2033 825 2069 126.
864 2031 1114 2081 Spectatores
1151 2031 1378 2080 alloquitur.
1423 2049 1470 2055 —
1525 2031 1614 2068 127.
1657 2025 1779 2068 Pube.

293 2098 397 2137 Fest.
437 2099 545 2149 Epit.
592 2114 628 2150 p.
678 2101 780 2137 252:
845 2100 977 2146 „Pube
1022 2102 1228 2148 praesente
1279 2102 1339 2135 est
1383 2098 1530 2148 populo
1577 2101 1779 2148 praesente,

293 2168 549 2214 συνεκδοχικῶς
593 2168 640 2205 ab
679 2167 755 2215 his,
804 2170 871 2217 qui
910 2167 1080 2217 puberes
1119 2172 1222 2212 sunt,
1262 2179 1413 2204 omnem
1445 2166 1635 2216 populum
1665 2166 1782 2213 signi-

292 2233 452 2273 ficans“.
513 2235 727 2285 Antiquam
758 2235 963 2272 formulam
1002 2235 1098 2272 hanc
1138 2248 1222 2272 esse
1260 2237 1366 2271 recte
1399 2234 1677 2271 animadvertit
1707 2233 1782 2270 Ro—

295 2304 424 2352 meijn.
451 2323 505 2329 —-
540 2304 631 2341 130.
666 2299 725 2351 St,
761 2304 845 2340 tace
862 2305 906 2340 A.
933 2323 989 2327 —
1023 2303 1112 2340 131.
1152 2298 1287 2341 Crura
1319 2303 1398 2339 eius
1431 2314 1589 2351 crepare
1620 2301 1781 2349 mavult,

293 2386 343 2409 se.
378 2372 514 2417 fracta,
548 2385 582 2408 V.
616 2372 664 2408 ad
696 2373 802 2409 Asin.
838 2373 929 2409 471.
964 2390 1017 2395 -
1054 2371 1143 2407 132.
1177 2367 1325 2420 Atque,
1367 2385 1401 2407 v.
1435 2370 1481 2406 ad
1513 2369 1781 2419 Amph-948.

294 2458 347 2463 —
392 2436 508 2476 initas
540 2439 817 2477 Ritterhusius.
857 2459 910 2463 —
945 2436 1166 2487 periurum
1196 2438 1339 2486 caput,
1392 2451 1428 2475 v,
1461 2437 1509 2474 ad
1542 2436 1653 2474 Cure.
1689 2436 1791 2474 234:

294 2507 498 2557 Scriptura
521 2507 766 2557 palimpsesti
792 2520 930 2556 parum
957 2511 1063 2543 certa
1088 2511 1165 2552 est,
1199 2506 1325 2543 L6w.:
1359 2503 1781 2557 ΡΕΒΙΗΒΙΙᾩᾼΡΠΤ.

407 2575 626 2613 Secundam
671 2575 854 2612 Pseudoli
908 2588 1062 2612 scenam
1114 2575 1326 2624 separatim
1382 2575 1568 2611 tractavit
1619 2573 1782 2612 Usener.

294 2642 378 2679 Iud.
411 2643 532 2680 schol.
566 2642 784 2692 Gryphisw.
823 2643 939 2681 1866.
1002 2642 1095 2679 Exit
1124 2641 1250 2679 Ballio
1282 2642 1382 2679 leno.
1443 2641 1574 2678 Natali
1614 2641 1676 2678 die
1714 2653 1782 2678 suo

294 2710 438 2748 lautius
470 2715 745 2760 opsonaturus,
778 2714 868 2747 ante
900 2724 1014 2760 quam
1046 2711 1094 2748 ad
1117 2709 1322 2748 macellum
1348 2709 1440 2756 abit,
1475 2721 1607 2746 servos
1634 2712 1780 2755 evocat,

294 2783 334 2814 ut
360 2779 407 2814 iis
431 2791 515 2827 quae
539 2778 624 2815 fieri
651 2779 744 2815 velit
768 2781 944 2828 imperet.
993 2778 1091 2815 Tum
1117 2779 1233 2816 etiam
1262 2777 1491 2814 mulieribus
1510 2776 1782 2814 meretricibus
