<?xml version="1.0" encoding="UTF-8"?>
<!DOCTYPE html PUBLIC "-//W3C//DTD XHTML 1.0 Transitional//EN"
    "http://www.w3.org/TR/xhtml1/DTD/xhtml1-transitional.dtd">
<html xmlns="http://www.w3.org/1999/xhtml" xml:lang="en" lang="en">
 <head>
  <title>
</title>
<meta http-equiv="Content-Type" content="text/html;charset=utf-8" />
  <meta name='ocr-system' content='tesseract 3.04.00' />
  <meta name='ocr-capabilities' content='ocr_page ocr_carea ocr_par ocr_line ocrx_word'/>
</head>
<body>
  <div class='ocr_page' id='page_1' title='image "./comoediaerecensu04plauuoft_0264.png"; bbox 0 0 1963 3243; ppageno 0'>
   <div class='ocr_carea' id='block_1_1' title="bbox 290 225 1197 270">
    <p class='ocr_par' dir='ltr' id='par_1_1' title="bbox 290 225 1197 270">
     <span class='ocr_line' id='line_1_1' title="bbox 290 225 1197 270; baseline -0.013 0"><span class='ocrx_word' id='word_1_1' title='bbox 290 231 372 270; x_wconf 77' lang='lat'><strong>258</strong></span> <span class='ocrx_word' id='word_1_2' title='bbox 864 225 970 260; x_wconf 82' lang='lat' dir='ltr'>Miles</span> <span class='ocrx_word' id='word_1_3' title='bbox 996 225 1197 269; x_wconf 76' lang='lat' dir='ltr'><strong>gloriosus.</strong></span> 
     </span>
    </p>
   </div>
   <div class='ocr_carea' id='block_1_2' title="bbox 291 322 1751 406">
    <p class='ocr_par' dir='ltr' id='par_1_2' title="bbox 291 322 1751 406">
     <span class='ocr_line' id='line_1_2' title="bbox 291 322 1751 406; baseline -0.002 -12"><span class='ocrx_word' id='word_1_4' title='bbox 291 361 383 394; x_wconf 86' lang='lat' dir='ltr'><strong>rant</strong></span> <span class='ocrx_word' id='word_1_5' title='bbox 421 369 500 406; x_wconf 89' lang='lat' dir='ltr'><strong>quo</strong></span> <span class='ocrx_word' id='word_1_6' title='bbox 531 355 725 393; x_wconf 83' lang='lat' dir='ltr'>Ribbeck:</span> <span class='ocrx_word' id='word_1_7' title='bbox 793 353 914 401; x_wconf 86' lang='lat' dir='ltr'><strong>„Dass</strong></span> <span class='ocrx_word' id='word_1_8' title='bbox 953 352 1005 390; x_wconf 88' lang='lat' dir='ltr'><strong>du</strong></span> <span class='ocrx_word' id='word_1_9' title='bbox 1037 355 1111 391; x_wconf 91' lang='lat' dir='ltr'><strong>mir</strong></span> <span class='ocrx_word' id='word_1_10' title='bbox 1142 368 1211 392; x_wconf 84' lang='lat' dir='ltr'><strong>aus</strong></span> <span class='ocrx_word' id='word_1_11' title='bbox 1243 354 1331 391; x_wconf 90' lang='lat' dir='ltr'><strong>dem</strong></span> <span class='ocrx_word' id='word_1_12' title='bbox 1363 353 1485 402; x_wconf 86' lang='lat' dir='ltr'><strong>Wege</strong></span> <span class='ocrx_word' id='word_1_13' title='bbox 1515 351 1669 404; x_wconf 84' lang='lat' dir='ltr'><strong>gehst“,</strong></span> <span class='ocrx_word' id='word_1_14' title='bbox 1699 322 1751 391; x_wconf 30' lang='lat' dir='ltr'><strong>&#39;id</strong></span> 
     </span>
    </p>
   </div>
   <div class='ocr_carea' id='block_1_3' title="bbox 289 421 1757 530">
    <p class='ocr_par' dir='ltr' id='par_1_3' title="bbox 289 421 1757 530">
     <span class='ocr_line' id='line_1_3' title="bbox 289 421 1757 473; baseline -0.002 -11"><span class='ocrx_word' id='word_1_15' title='bbox 289 423 518 473; x_wconf 84' lang='lat' dir='ltr'><strong>significare</strong></span> <span class='ocrx_word' id='word_1_16' title='bbox 550 436 629 461; x_wconf 88' lang='lat' dir='ltr'><strong>non</strong></span> <span class='ocrx_word' id='word_1_17' title='bbox 660 427 838 473; x_wconf 79' lang='lat' dir='ltr'><strong>possunt.</strong></span> <span class='ocrx_word' id='word_1_18' title='bbox 900 421 980 459; x_wconf 89' lang='lat' dir='ltr'><strong>Nec</strong></span> <span class='ocrx_word' id='word_1_19' title='bbox 1012 422 1150 459; x_wconf 85' lang='lat' dir='ltr'><strong>melius</strong></span> <span class='ocrx_word' id='word_1_20' title='bbox 1184 421 1372 459; x_wconf 86' lang='lat' dir='ltr'><strong>Lorenz.:</strong></span> <span class='ocrx_word' id='word_1_21' title='bbox 1423 421 1663 468; x_wconf 84' lang='lat' dir='ltr'><strong>„Wahrlicb‚</strong></span> <span class='ocrx_word' id='word_1_22' title='bbox 1703 422 1757 460; x_wconf 88' lang='lat' dir='ltr'><strong>du</strong></span> 
     </span>
     <span class='ocr_line' id='line_1_4' title="bbox 291 488 941 530; baseline -0.008 1"><span class='ocrx_word' id='word_1_23' title='bbox 291 493 412 530; x_wconf 84' lang='lat' dir='ltr'><strong>sollst</strong></span> <span class='ocrx_word' id='word_1_24' title='bbox 441 492 544 529; x_wconf 87' lang='lat' dir='ltr'><strong>mich</strong></span> <span class='ocrx_word' id='word_1_25' title='bbox 575 490 730 527; x_wconf 90' lang='lat' dir='ltr'><strong>kennen</strong></span> <span class='ocrx_word' id='word_1_26' title='bbox 762 488 941 526; x_wconf 86' lang='lat' dir='ltr'><strong>lernen“.</strong></span> 
     </span>
    </p>
   </div>
   <div class='ocr_carea' id='block_1_4' title="bbox 291 556 1929 2857">
    <p class='ocr_par' dir='ltr' id='par_1_4' title="bbox 291 556 1880 2238">
     <span class='ocr_line' id='line_1_5' title="bbox 412 556 1758 605; baseline -0.003 -9"><span class='ocrx_word' id='word_1_27' title='bbox 412 564 504 601; x_wconf 76' lang='lat'><strong>577.</strong></span> <span class='ocrx_word' id='word_1_28' title='bbox 538 560 730 600; x_wconf 74' lang='lat' dir='ltr'><strong>Discessit</strong></span> <span class='ocrx_word' id='word_1_29' title='bbox 768 571 898 595; x_wconf 88' lang='lat' dir='ltr'><strong>senex.</strong></span> <span class='ocrx_word' id='word_1_30' title='bbox 960 556 1167 594; x_wconf 83' lang='lat' dir='ltr'><strong>Sceledrus</strong></span> <span class='ocrx_word' id='word_1_31' title='bbox 1208 571 1255 594; x_wconf 85' lang='lat' dir='ltr'><strong>ex</strong></span> <span class='ocrx_word' id='word_1_32' title='bbox 1295 558 1424 594; x_wconf 87' lang='lat' dir='ltr'><strong>animo</strong></span> <span class='ocrx_word' id='word_1_33' title='bbox 1455 557 1529 594; x_wconf 91' lang='lat' dir='ltr'><strong>sibi</strong></span> <span class='ocrx_word' id='word_1_34' title='bbox 1560 557 1758 605; x_wconf 88' lang='lat' dir='ltr'><strong>ignovisse</strong></span> 
     </span>
     <span class='ocr_line' id='line_1_6' title="bbox 295 625 1759 674; baseline -0.007 -4"><span class='ocrx_word' id='word_1_35' title='bbox 295 645 383 670; x_wconf 91' lang='lat' dir='ltr'><strong>eum</strong></span> <span class='ocrx_word' id='word_1_36' title='bbox 411 645 490 669; x_wconf 90' lang='lat' dir='ltr'><strong>non</strong></span> <span class='ocrx_word' id='word_1_37' title='bbox 519 630 658 668; x_wconf 86' lang='lat' dir='ltr'><strong>credit.</strong></span> <span class='ocrx_word' id='word_1_38' title='bbox 691 646 744 652; x_wconf 90' lang='lat'>—</span> <span class='ocrx_word' id='word_1_39' title='bbox 772 627 944 674; x_wconf 70' lang='lat' dir='ltr'><strong>qratiam</strong></span> <span class='ocrx_word' id='word_1_40' title='bbox 973 625 1078 672; x_wconf 74' lang='lat' dir='ltr'><strong>fecit,</strong></span> <span class='ocrx_word' id='word_1_41' title='bbox 1110 626 1312 662; x_wconf 79' lang='lat' dir='ltr'><strong>concessit.</strong></span> <span class='ocrx_word' id='word_1_42' title='bbox 1343 643 1392 651; x_wconf 93' lang='lat'><strong>—-</strong></span> <span class='ocrx_word' id='word_1_43' title='bbox 1419 625 1510 663; x_wconf 87' lang='lat'>578.</span> <span class='ocrx_word' id='word_1_44' title='bbox 1536 634 1654 671; x_wconf 76' lang='lat' dir='ltr'><strong>quam</strong></span> <span class='ocrx_word' id='word_1_45' title='bbox 1675 633 1759 661; x_wconf 83' lang='lat' dir='ltr'><strong>rem</strong></span> 
     </span>
     <span class='ocr_line' id='line_1_7' title="bbox 291 691 1765 749; baseline -0.007 -11"><span class='ocrx_word' id='word_1_46' title='bbox 291 703 413 749; x_wconf 74' lang='lat' dir='ltr'><strong>yerat,</strong></span> <span class='ocrx_word' id='word_1_47' title='bbox 446 699 493 736; x_wconf 88' lang='lat' dir='ltr'><strong>cf.</strong></span> <span class='ocrx_word' id='word_1_48' title='bbox 528 699 620 736; x_wconf 88' lang='grc'>360.</span> <span class='ocrx_word' id='word_1_49' title='bbox 653 715 708 721; x_wconf 93' lang='lat'><strong>—-</strong></span> <span class='ocrx_word' id='word_1_50' title='bbox 741 695 834 732; x_wconf 88' lang='lat'><strong>580.</strong></span> <span class='ocrx_word' id='word_1_51' title='bbox 884 693 1182 740; x_wconf 74' lang='lat' dir='ltr'><strong>comprehendar</strong></span> <span class='ocrx_word' id='word_1_52' title='bbox 1212 694 1257 730; x_wconf 91' lang='lat' dir='ltr'><strong>A.</strong></span> <span class='ocrx_word' id='word_1_53' title='bbox 1297 712 1353 718; x_wconf 91' lang='lat'>—</span> <span class='ocrx_word' id='word_1_54' title='bbox 1393 693 1485 730; x_wconf 87' lang='lat'>581.</span> <span class='ocrx_word' id='word_1_55' title='bbox 1522 703 1581 729; x_wconf 85' lang='lat' dir='ltr'><strong>me</strong></span> <span class='ocrx_word' id='word_1_56' title='bbox 1623 691 1765 729; x_wconf 71' lang='lat' dir='ltr'><strong>habent</strong></span> 
     </span>
     <span class='ocr_line' id='line_1_8' title="bbox 295 759 1760 812; baseline -0.007 -5"><span class='ocrx_word' id='word_1_57' title='bbox 295 768 486 812; x_wconf 75' lang='lat' dir='ltr'><strong>uenalem,</strong></span> <span class='ocrx_word' id='word_1_58' title='bbox 528 779 588 802; x_wconf 87' lang='lat' dir='ltr'><strong>me</strong></span> <span class='ocrx_word' id='word_1_59' title='bbox 626 764 815 812; x_wconf 86' lang='lat' dir='ltr'><strong>vendunt,</strong></span> <span class='ocrx_word' id='word_1_60' title='bbox 856 761 1044 811; x_wconf 80' lang='lat' dir='ltr'><strong>produnt,</strong></span> <span class='ocrx_word' id='word_1_61' title='bbox 1085 762 1132 798; x_wconf 90' lang='lat' dir='ltr'><strong>cf.</strong></span> <span class='ocrx_word' id='word_1_62' title='bbox 1165 761 1305 798; x_wconf 84' lang='lat' dir='ltr'><strong>Bacch.</strong></span> <span class='ocrx_word' id='word_1_63' title='bbox 1340 761 1433 798; x_wconf 88' lang='grc'>809.</span> <span class='ocrx_word' id='word_1_64' title='bbox 1469 761 1562 798; x_wconf 89' lang='grc'><strong>811.</strong></span> <span class='ocrx_word' id='word_1_65' title='bbox 1623 759 1760 797; x_wconf 85' lang='lat' dir='ltr'>Lamb.</span> 
     </span>
     <span class='ocr_line' id='line_1_9' title="bbox 298 827 1762 883; baseline -0.007 -10"><span class='ocrx_word' id='word_1_66' title='bbox 298 836 467 874; x_wconf 75' lang='lat' dir='ltr'><strong>contulit</strong></span> <span class='ocrx_word' id='word_1_67' title='bbox 505 834 625 883; x_wconf 89' lang='lat' dir='ltr'><strong>Soph.</strong></span> <span class='ocrx_word' id='word_1_68' title='bbox 666 832 802 878; x_wconf 77' lang='lat' dir='ltr'><strong>Antig.</strong></span> <span class='ocrx_word' id='word_1_69' title='bbox 847 831 974 867; x_wconf 84' lang='lat'>1036:</span> <span class='ocrx_word' id='word_1_70' title='bbox 1008 829 1259 877; x_wconf 81' lang='grc' dir='ltr'><strong><em>ἐξημπόλημαι</em></strong></span> <span class='ocrx_word' id='word_1_71' title='bbox 1294 829 1609 878; x_wconf 70' lang='grc' dir='ltr'><strong><em>κᾶκπεφόρτισμαι</em></strong></span> <span class='ocrx_word' id='word_1_72' title='bbox 1639 827 1762 864; x_wconf 77' lang='grc' dir='ltr'><strong>πάλαι.</strong></span> 
     </span>
     <span class='ocr_line' id='line_1_10' title="bbox 302 895 1803 946; baseline -0.007 -4"><span class='ocrx_word' id='word_1_73' title='bbox 302 924 349 929; x_wconf 91' lang='grc'><strong>-</strong></span> <span class='ocrx_word' id='word_1_74' title='bbox 386 904 478 941; x_wconf 80' lang='grc'><strong>582.</strong></span> <span class='ocrx_word' id='word_1_75' title='bbox 511 912 631 940; x_wconf 77' lang='lat' dir='ltr'><strong>nassa</strong></span> <span class='ocrx_word' id='word_1_76' title='bbox 661 904 700 937; x_wconf 89' lang='lat' dir='ltr'><strong>et</strong></span> <span class='ocrx_word' id='word_1_77' title='bbox 732 910 856 937; x_wconf 82' lang='lat' dir='ltr'><strong>escam</strong></span> <span class='ocrx_word' id='word_1_78' title='bbox 878 901 1010 946; x_wconf 75' lang='lat' dir='ltr'><strong>petam</strong></span> <span class='ocrx_word' id='word_1_79' title='bbox 1041 898 1075 934; x_wconf 92' lang='lat' dir='ltr'>A</span> <span class='ocrx_word' id='word_1_80' title='bbox 1108 903 1147 934; x_wconf 82' lang='lat' dir='ltr'><strong>et</strong></span> <span class='ocrx_word' id='word_1_81' title='bbox 1178 896 1273 935; x_wconf 88' lang='lat' dir='ltr'><strong>Fest</strong></span> <span class='ocrx_word' id='word_1_82' title='bbox 1303 910 1340 946; x_wconf 92' lang='lat' dir='ltr'><strong>p.</strong></span> <span class='ocrx_word' id='word_1_83' title='bbox 1378 897 1476 934; x_wconf 86' lang='lat'>169:</span> <span class='ocrx_word' id='word_1_84' title='bbox 1528 895 1678 942; x_wconf 87' lang='lat' dir='ltr'><strong>„Nassa</strong></span> <span class='ocrx_word' id='word_1_85' title='bbox 1707 899 1768 932; x_wconf 88' lang='lat' dir='ltr'><strong>est</strong></span> <span class='ocrx_word' id='word_1_86' title='bbox 1796 922 1803 930; x_wconf 91' lang='lat'>.</span> 
     </span>
     <span class='ocr_line' id='line_1_11' title="bbox 299 965 1765 1022; baseline -0.007 -13"><span class='ocrx_word' id='word_1_87' title='bbox 299 972 509 1022; x_wconf 85' lang='lat' dir='ltr'><strong>piscatorii</strong></span> <span class='ocrx_word' id='word_1_88' title='bbox 546 971 649 1006; x_wconf 84' lang='lat' dir='ltr'><strong>vasis</strong></span> <span class='ocrx_word' id='word_1_89' title='bbox 688 980 824 1017; x_wconf 88' lang='lat' dir='ltr'><strong>genus,</strong></span> <span class='ocrx_word' id='word_1_90' title='bbox 864 979 942 1015; x_wconf 90' lang='lat' dir='ltr'><strong>quo</strong></span> <span class='ocrx_word' id='word_1_91' title='bbox 975 978 1060 1002; x_wconf 89' lang='lat' dir='ltr'><strong>cum</strong></span> <span class='ocrx_word' id='word_1_92' title='bbox 1093 966 1259 1002; x_wconf 88' lang='lat' dir='ltr'><strong>intravit</strong></span> <span class='ocrx_word' id='word_1_93' title='bbox 1288 966 1420 1014; x_wconf 88' lang='lat' dir='ltr'><strong>piscis,</strong></span> <span class='ocrx_word' id='word_1_94' title='bbox 1452 965 1560 1008; x_wconf 82' lang='lat' dir='ltr'><strong>exire</strong></span> <span class='ocrx_word' id='word_1_95' title='bbox 1591 975 1668 1000; x_wconf 90' lang='lat' dir='ltr'><strong>non</strong></span> <span class='ocrx_word' id='word_1_96' title='bbox 1697 975 1765 1012; x_wconf 89' lang='lat' dir='ltr'><strong>po-</strong></span> 
     </span>
     <span class='ocr_line' id='line_1_12' title="bbox 300 1030 1765 1080; baseline -0.005 -3"><span class='ocrx_word' id='word_1_97' title='bbox 300 1043 382 1078; x_wconf 85' lang='lat' dir='ltr'><strong>test</strong></span> <span class='ocrx_word' id='word_1_98' title='bbox 419 1035 554 1076; x_wconf 86' lang='lat' dir='ltr'><strong>cett.“.</strong></span> <span class='ocrx_word' id='word_1_99' title='bbox 598 1056 648 1061; x_wconf 91' lang='lat'><strong>-—</strong></span> <span class='ocrx_word' id='word_1_100' title='bbox 691 1036 783 1073; x_wconf 84' lang='lat'><strong>583.</strong></span> <span class='ocrx_word' id='word_1_101' title='bbox 819 1034 895 1071; x_wconf 90' lang='lat' dir='ltr'><strong>Pro</strong></span> <span class='ocrx_word' id='word_1_102' title='bbox 926 1036 963 1071; x_wconf 81' lang='lat' dir='ltr'><strong>et</strong></span> <span class='ocrx_word' id='word_1_103' title='bbox 991 1033 1168 1070; x_wconf 77' lang='lat' dir='ltr'><strong>Brixius:</strong></span> <span class='ocrx_word' id='word_1_104' title='bbox 1206 1030 1337 1080; x_wconf 85' lang='lat' dir='ltr'><strong>„aut.“</strong></span> <span class='ocrx_word' id='word_1_105' title='bbox 1374 1053 1428 1058; x_wconf 90' lang='lat'><em>-</em></span> <span class='ocrx_word' id='word_1_106' title='bbox 1462 1033 1555 1070; x_wconf 85' lang='lat'>584.</span> <span class='ocrx_word' id='word_1_107' title='bbox 1587 1030 1645 1068; x_wconf 90' lang='lat' dir='ltr'><strong>Cf.</strong></span> <span class='ocrx_word' id='word_1_108' title='bbox 1676 1030 1765 1069; x_wconf 87' lang='lat' dir='ltr'><strong>Ter.</strong></span> 
     </span>
     <span class='ocr_line' id='line_1_13' title="bbox 301 1096 1768 1155; baseline -0.006 -10"><span class='ocrx_word' id='word_1_109' title='bbox 301 1108 377 1146; x_wconf 84' lang='lat' dir='ltr'><strong>Ad.</strong></span> <span class='ocrx_word' id='word_1_110' title='bbox 413 1107 513 1144; x_wconf 79' lang='lat'><strong>785:</strong></span> <span class='ocrx_word' id='word_1_111' title='bbox 548 1105 667 1155; x_wconf 87' lang='lat' dir='ltr'><strong>„dum</strong></span> <span class='ocrx_word' id='word_1_112' title='bbox 700 1103 773 1140; x_wconf 83' lang='lat' dir='ltr'><strong>hae</strong></span> <span class='ocrx_word' id='word_1_113' title='bbox 805 1102 995 1140; x_wconf 87' lang='lat' dir='ltr'><strong>silescunt</strong></span> <span class='ocrx_word' id='word_1_114' title='bbox 1027 1101 1182 1147; x_wconf 79' lang='lat' dir='ltr'>turbae,</span> <span class='ocrx_word' id='word_1_115' title='bbox 1221 1102 1375 1138; x_wconf 87' lang='lat' dir='ltr'><strong>interea</strong></span> <span class='ocrx_word' id='word_1_116' title='bbox 1406 1102 1446 1138; x_wconf 94' lang='lat' dir='ltr'><strong>in</strong></span> <span class='ocrx_word' id='word_1_117' title='bbox 1478 1096 1664 1149; x_wconf 66' lang='lat' dir='ltr'><strong>anguluin</strong></span> <span class='ocrx_word' id='word_1_118' title='bbox 1695 1099 1768 1136; x_wconf 86' lang='lat' dir='ltr'><strong>ali-</strong></span> 
     </span>
     <span class='ocr_line' id='line_1_14' title="bbox 302 1169 1769 1226; baseline -0.007 -12"><span class='ocrx_word' id='word_1_119' title='bbox 302 1189 380 1226; x_wconf 93' lang='lat' dir='ltr'><strong>quo</strong></span> <span class='ocrx_word' id='word_1_120' title='bbox 412 1171 589 1212; x_wconf 82' lang='lat' dir='ltr'><strong>abeam“.</strong></span> <span class='ocrx_word' id='word_1_121' title='bbox 621 1172 714 1210; x_wconf 80' lang='lat' dir='ltr'><strong>haec</strong></span> <span class='ocrx_word' id='word_1_122' title='bbox 740 1171 818 1213; x_wconf 77' lang='lat' dir='ltr'><strong>AB,</strong></span> <span class='ocrx_word' id='word_1_123' title='bbox 852 1184 887 1208; x_wconf 86' lang='lat' dir='ltr'><strong>v.</strong></span> <span class='ocrx_word' id='word_1_124' title='bbox 915 1170 964 1206; x_wconf 84' lang='lat' dir='ltr'><strong>ad</strong></span> <span class='ocrx_word' id='word_1_125' title='bbox 989 1170 1080 1206; x_wconf 89' lang='lat' dir='ltr'>Aul.</span> <span class='ocrx_word' id='word_1_126' title='bbox 1109 1171 1201 1208; x_wconf 85' lang='lat'>378.</span> <span class='ocrx_word' id='word_1_127' title='bbox 1235 1189 1290 1194; x_wconf 92' lang='lat'><strong>—-</strong></span> <span class='ocrx_word' id='word_1_128' title='bbox 1320 1169 1480 1215; x_wconf 67' lang='grc' dir='ltr'><strong>ῑθηὶακνιΐ,</strong></span> <span class='ocrx_word' id='word_1_129' title='bbox 1507 1169 1769 1214; x_wconf 79' lang='lat' dir='ltr'><strong>intransitive,</strong></span> 
     </span>
     <span class='ocr_line' id='line_1_15' title="bbox 304 1221 1858 1293; baseline -0.005 -13"><span class='ocrx_word' id='word_1_130' title='bbox 304 1244 419 1293; x_wconf 88' lang='lat' dir='ltr'>quasi</span> <span class='ocrx_word' id='word_1_131' title='bbox 456 1242 671 1278; x_wconf 88' lang='lat' dir='ltr'><strong>leniuntur.</strong></span> <span class='ocrx_word' id='word_1_132' title='bbox 749 1239 900 1276; x_wconf 84' lang='lat' dir='ltr'>Gellius</span> <span class='ocrx_word' id='word_1_133' title='bbox 941 1238 1087 1284; x_wconf 89' lang='lat' dir='ltr'>XVIII,</span> <span class='ocrx_word' id='word_1_134' title='bbox 1139 1239 1187 1275; x_wconf 78' lang='lat'><strong>12</strong></span> <span class='ocrx_word' id='word_1_135' title='bbox 1229 1237 1545 1275; x_wconf 79' lang='lat' dir='ltr'><strong>animadvertens</strong></span> <span class='ocrx_word' id='word_1_136' title='bbox 1586 1236 1771 1286; x_wconf 84' lang='lat' dir='ltr'><strong>antiquos</strong></span> <span class='ocrx_word' id='word_1_137' title='bbox 1848 1221 1858 1227; x_wconf 23' lang='grc'><strong>’-</strong></span> 
     </span>
     <span class='ocr_line' id='line_1_16' title="bbox 305 1304 1773 1359; baseline -0.006 -10"><span class='ocrx_word' id='word_1_138' title='bbox 305 1311 506 1350; x_wconf 89' lang='lat' dir='ltr'><strong>interdum</strong></span> <span class='ocrx_word' id='word_1_139' title='bbox 562 1320 660 1359; x_wconf 79' lang='lat' dir='ltr'><strong>„pro</strong></span> <span class='ocrx_word' id='word_1_140' title='bbox 715 1307 848 1344; x_wconf 87' lang='lat' dir='ltr'><strong>uerbis</strong></span> <span class='ocrx_word' id='word_1_141' title='bbox 894 1306 1135 1343; x_wconf 80' lang='lat' dir='ltr'><strong>habentibus</strong></span> <span class='ocrx_word' id='word_1_142' title='bbox 1180 1305 1361 1355; x_wconf 85' lang='lat' dir='ltr'><strong>patiendi</strong></span> <span class='ocrx_word' id='word_1_143' title='bbox 1405 1304 1571 1354; x_wconf 86' lang='lat' dir='ltr'><strong>figuram</strong></span> <span class='ocrx_word' id='word_1_144' title='bbox 1616 1305 1773 1352; x_wconf 79' lang='lat' dir='ltr'><strong>agentia</strong></span> 
     </span>
     <span class='ocr_line' id='line_1_17' title="bbox 305 1371 1775 1430; baseline -0.006 -13"><span class='ocrx_word' id='word_1_145' title='bbox 305 1375 508 1430; x_wconf 88' lang='lat' dir='ltr'><strong>posuisse“</strong></span> <span class='ocrx_word' id='word_1_146' title='bbox 544 1376 658 1414; x_wconf 81' lang='lat' dir='ltr'><strong>affert</strong></span> <span class='ocrx_word' id='word_1_147' title='bbox 689 1375 817 1413; x_wconf 88' lang='lat' dir='ltr'><strong>Casin.</strong></span> <span class='ocrx_word' id='word_1_148' title='bbox 853 1375 933 1412; x_wconf 79' lang='lat'><strong>228</strong></span> <span class='ocrx_word' id='word_1_149' title='bbox 963 1374 1198 1423; x_wconf 72' lang='lat' dir='ltr'><strong>„palliolum</strong></span> <span class='ocrx_word' id='word_1_150' title='bbox 1241 1371 1396 1423; x_wconf 80' lang='lat' dir='ltr'><strong>rugat“,</strong></span> <span class='ocrx_word' id='word_1_151' title='bbox 1438 1386 1485 1410; x_wconf 86' lang='lat' dir='ltr'><strong>ex</strong></span> <span class='ocrx_word' id='word_1_152' title='bbox 1524 1373 1602 1410; x_wconf 87' lang='lat' dir='ltr'><strong>alio</strong></span> <span class='ocrx_word' id='word_1_153' title='bbox 1640 1371 1775 1409; x_wconf 77' lang='lat' dir='ltr'><strong>Plauti</strong></span> 
     </span>
     <span class='ocr_line' id='line_1_18' title="bbox 307 1440 1776 1496; baseline -0.006 -10"><span class='ocrx_word' id='word_1_154' title='bbox 307 1449 394 1486; x_wconf 93' lang='lat' dir='ltr'><strong>loco</strong></span> <span class='ocrx_word' id='word_1_155' title='bbox 429 1441 662 1496; x_wconf 87' lang='lat' dir='ltr'><strong>‚,pulueret“</strong></span> <span class='ocrx_word' id='word_1_156' title='bbox 697 1456 771 1493; x_wconf 93' lang='lat' dir='ltr'><strong>pro</strong></span> <span class='ocrx_word' id='word_1_157' title='bbox 807 1443 1009 1491; x_wconf 87' lang='lat' dir='ltr'><strong>„pulueris</strong></span> <span class='ocrx_word' id='word_1_158' title='bbox 1041 1442 1200 1492; x_wconf 86' lang='lat' dir='ltr'><strong>plenum</strong></span> <span class='ocrx_word' id='word_1_159' title='bbox 1232 1440 1324 1485; x_wconf 90' lang='lat' dir='ltr'><strong>sit“,</strong></span> <span class='ocrx_word' id='word_1_160' title='bbox 1357 1455 1404 1478; x_wconf 85' lang='lat' dir='ltr'><strong>ex</strong></span> <span class='ocrx_word' id='word_1_161' title='bbox 1430 1440 1547 1478; x_wconf 85' lang='lat' dir='ltr'><strong>Gellii</strong></span> <span class='ocrx_word' id='word_1_162' title='bbox 1570 1440 1776 1478; x_wconf 85' lang='lat' dir='ltr'><strong>annalibus</strong></span> 
     </span>
     <span class='ocr_line' id='line_1_19' title="bbox 317 1506 1776 1565; baseline -0.005 -11"><span class='ocrx_word' id='word_1_163' title='bbox 317 1518 555 1565; x_wconf 82' lang='lat' dir='ltr'><strong>„tempestas</strong></span> <span class='ocrx_word' id='word_1_164' title='bbox 587 1508 783 1555; x_wconf 84' lang='lat' dir='ltr'><strong>sedavit“,</strong></span> <span class='ocrx_word' id='word_1_165' title='bbox 820 1524 868 1547; x_wconf 85' lang='lat' dir='ltr'><strong>ex</strong></span> <span class='ocrx_word' id='word_1_166' title='bbox 899 1510 1047 1548; x_wconf 82' lang='lat' dir='ltr'><strong>Catone</strong></span> <span class='ocrx_word' id='word_1_167' title='bbox 1083 1523 1169 1557; x_wconf 89' lang='lat' dir='ltr'><strong>„res</strong></span> <span class='ocrx_word' id='word_1_168' title='bbox 1201 1506 1351 1556; x_wconf 87' lang='lat' dir='ltr'><strong>auxit“‚</strong></span> <span class='ocrx_word' id='word_1_169' title='bbox 1386 1523 1433 1546; x_wconf 86' lang='lat' dir='ltr'><strong>ex</strong></span> <span class='ocrx_word' id='word_1_170' title='bbox 1459 1508 1633 1545; x_wconf 84' lang='lat' dir='ltr'><strong>Varrone</strong></span> <span class='ocrx_word' id='word_1_171' title='bbox 1669 1521 1776 1554; x_wconf 89' lang='lat' dir='ltr'><strong>„mu-</strong></span> 
     </span>
     <span class='ocr_line' id='line_1_20' title="bbox 309 1576 1781 1633; baseline -0.006 -11"><span class='ocrx_word' id='word_1_172' title='bbox 309 1588 400 1623; x_wconf 88' lang='lat' dir='ltr'><strong>tant</strong></span> <span class='ocrx_word' id='word_1_173' title='bbox 429 1597 502 1633; x_wconf 89' lang='lat' dir='ltr'><strong>pro</strong></span> <span class='ocrx_word' id='word_1_174' title='bbox 540 1577 812 1628; x_wconf 82' lang='lat' dir='ltr'><strong>„mutantur“-</strong></span> <span class='ocrx_word' id='word_1_175' title='bbox 871 1578 1019 1615; x_wconf 85' lang='lat' dir='ltr'><strong>Eodem</strong></span> <span class='ocrx_word' id='word_1_176' title='bbox 1054 1579 1171 1616; x_wconf 90' lang='lat' dir='ltr'><strong>modo</strong></span> <span class='ocrx_word' id='word_1_177' title='bbox 1208 1576 1421 1624; x_wconf 73' lang='lat' dir='ltr'><strong>„rutilare·&#39;‘</strong></span> <span class='ocrx_word' id='word_1_178' title='bbox 1456 1576 1598 1614; x_wconf 88' lang='lat' dir='ltr'><strong>Accius</strong></span> <span class='ocrx_word' id='word_1_179' title='bbox 1630 1577 1707 1614; x_wconf 83' lang='grc'><strong>675</strong></span> <span class='ocrx_word' id='word_1_180' title='bbox 1741 1579 1781 1613; x_wconf 89' lang='lat' dir='ltr'><strong>et</strong></span> 
     </span>
     <span class='ocr_line' id='line_1_21' title="bbox 311 1643 1779 1704; baseline -0.006 -14"><span class='ocrx_word' id='word_1_181' title='bbox 311 1653 553 1704; x_wconf 82' lang='lat' dir='ltr'><strong>posteriores</strong></span> <span class='ocrx_word' id='word_1_182' title='bbox 585 1653 723 1699; x_wconf 85' lang='lat' dir='ltr'><strong>poetae.</strong></span> <span class='ocrx_word' id='word_1_183' title='bbox 759 1667 813 1674; x_wconf 83' lang='lat'>—</span> <span class='ocrx_word' id='word_1_184' title='bbox 847 1648 938 1685; x_wconf 83' lang='lat'>585.</span> <span class='ocrx_word' id='word_1_185' title='bbox 967 1647 1103 1695; x_wconf 73' lang='lat' dir='ltr'><strong>pipulo</strong></span> <span class='ocrx_word' id='word_1_186' title='bbox 1134 1647 1314 1694; x_wconf 85' lang='lat' dir='ltr'><strong>Bothius,</strong></span> <span class='ocrx_word' id='word_1_187' title='bbox 1354 1646 1467 1696; x_wconf 86' lang='lat' dir='ltr'><strong>quasi</strong></span> <span class='ocrx_word' id='word_1_188' title='bbox 1497 1646 1688 1688; x_wconf 82' lang='lat' dir='ltr'><strong>convicio,</strong></span> <span class='ocrx_word' id='word_1_189' title='bbox 1729 1643 1779 1681; x_wconf 80' lang='lat' dir='ltr'><strong>cf.</strong></span> 
     </span>
     <span class='ocr_line' id='line_1_22' title="bbox 316 1711 1781 1765; baseline -0.008 -6"><span class='ocrx_word' id='word_1_190' title='bbox 316 1721 408 1760; x_wconf 71' lang='lat' dir='ltr'>Aul.</span> <span class='ocrx_word' id='word_1_191' title='bbox 439 1719 536 1757; x_wconf 80' lang='lat'>438.</span> <span class='ocrx_word' id='word_1_192' title='bbox 567 1718 694 1765; x_wconf 73' lang='lat' dir='ltr'><strong>impio,</strong></span> <span class='ocrx_word' id='word_1_193' title='bbox 727 1718 751 1753; x_wconf 91' lang='lat' dir='ltr'><strong>i.</strong></span> <span class='ocrx_word' id='word_1_194' title='bbox 787 1729 818 1752; x_wconf 89' lang='lat' dir='ltr'><strong>e.</strong></span> <span class='ocrx_word' id='word_1_195' title='bbox 852 1717 1029 1755; x_wconf 76' lang='lat' dir='ltr'><strong>scelesto.</strong></span> <span class='ocrx_word' id='word_1_196' title='bbox 1064 1715 1226 1760; x_wconf 88' lang='lat' dir='ltr'><strong>nefario,</strong></span> <span class='ocrx_word' id='word_1_197' title='bbox 1261 1714 1307 1751; x_wconf 88' lang='lat' dir='ltr'><strong>cf.</strong></span> <span class='ocrx_word' id='word_1_198' title='bbox 1340 1714 1459 1751; x_wconf 91' lang='lat' dir='ltr'><strong>Most.</strong></span> <span class='ocrx_word' id='word_1_199' title='bbox 1493 1714 1598 1750; x_wconf 85' lang='lat'>494:</span> <span class='ocrx_word' id='word_1_200' title='bbox 1635 1711 1781 1759; x_wconf 88' lang='lat' dir='ltr'><strong>„scele-</strong></span> 
     </span>
     <span class='ocr_line' id='line_1_23' title="bbox 311 1781 1880 1833; baseline -0.007 -6"><span class='ocrx_word' id='word_1_201' title='bbox 311 1794 399 1828; x_wconf 84' lang='lat' dir='ltr'><strong>stae</strong></span> <span class='ocrx_word' id='word_1_202' title='bbox 431 1789 503 1825; x_wconf 79' lang='lat' dir='ltr'><strong>hae</strong></span> <span class='ocrx_word' id='word_1_203' title='bbox 535 1790 628 1824; x_wconf 88' lang='lat' dir='ltr'><strong>sunt</strong></span> <span class='ocrx_word' id='word_1_204' title='bbox 657 1785 787 1831; x_wconf 77' lang='lat' dir='ltr'><strong>aedes,</strong></span> <span class='ocrx_word' id='word_1_205' title='bbox 827 1784 988 1833; x_wconf 84' lang='lat' dir='ltr'><strong>impiast</strong></span> <span class='ocrx_word' id='word_1_206' title='bbox 1022 1781 1256 1820; x_wconf 83' lang='lat' dir='ltr'><strong>habitatio“.</strong></span> <span class='ocrx_word' id='word_1_207' title='bbox 1318 1781 1446 1820; x_wconf 86' lang='lat' dir='ltr'><strong>Catul.</strong></span> <span class='ocrx_word' id='word_1_208' title='bbox 1485 1782 1547 1827; x_wconf 87' lang='grc'><strong>14,</strong></span> <span class='ocrx_word' id='word_1_209' title='bbox 1581 1782 1625 1818; x_wconf 81' lang='grc'><strong>’7;</strong></span> <span class='ocrx_word' id='word_1_210' title='bbox 1690 1781 1799 1830; x_wconf 87' lang='lat' dir='ltr'><strong>„qui-</strong></span> <span class='ocrx_word' id='word_1_211' title='bbox 1854 1805 1880 1832; x_wconf 16' lang='grc' dir='ltr'><strong>ν.</strong></span> 
     </span>
     <span class='ocr_line' id='line_1_24' title="bbox 311 1847 1781 1902; baseline -0.007 -6"><span class='ocrx_word' id='word_1_212' title='bbox 311 1862 470 1896; x_wconf 88' lang='lat' dir='ltr'><strong>tantum</strong></span> <span class='ocrx_word' id='word_1_213' title='bbox 509 1855 582 1892; x_wconf 85' lang='lat' dir='ltr'><strong>tibi</strong></span> <span class='ocrx_word' id='word_1_214' title='bbox 623 1855 729 1891; x_wconf 87' lang='lat' dir='ltr'><strong>misit</strong></span> <span class='ocrx_word' id='word_1_215' title='bbox 768 1850 1021 1902; x_wconf 87' lang='lat' dir='ltr'><strong>impiorum“.</strong></span> <span class='ocrx_word' id='word_1_216' title='bbox 1086 1851 1129 1889; x_wconf 82' lang='lat' dir='ltr'><strong>R.</strong></span> <span class='ocrx_word' id='word_1_217' title='bbox 1180 1848 1424 1900; x_wconf 87' lang='lat' dir='ltr'><strong>„improbo“.</strong></span> <span class='ocrx_word' id='word_1_218' title='bbox 1463 1868 1520 1874; x_wconf 89' lang='lat'><em>-</em></span> <span class='ocrx_word' id='word_1_219' title='bbox 1561 1848 1653 1886; x_wconf 86' lang='lat'>586.</span> <span class='ocrx_word' id='word_1_220' title='bbox 1694 1847 1781 1886; x_wconf 88' lang='lat' dir='ltr'><strong>Sce-</strong></span> 
     </span>
     <span class='ocr_line' id='line_1_25' title="bbox 313 1917 1785 1967; baseline -0.007 -3"><span class='ocrx_word' id='word_1_221' title='bbox 313 1926 452 1964; x_wconf 85' lang='lat' dir='ltr'><strong>ledrus</strong></span> <span class='ocrx_word' id='word_1_222' title='bbox 491 1927 646 1961; x_wconf 88' lang='lat' dir='ltr'><strong>mutato</strong></span> <span class='ocrx_word' id='word_1_223' title='bbox 689 1921 852 1959; x_wconf 90' lang='lat' dir='ltr'><strong>consilio</strong></span> <span class='ocrx_word' id='word_1_224' title='bbox 892 1921 1049 1958; x_wconf 91' lang='lat' dir='ltr'><strong>domum</strong></span> <span class='ocrx_word' id='word_1_225' title='bbox 1092 1934 1132 1957; x_wconf 89' lang='lat' dir='ltr'><strong>se</strong></span> <span class='ocrx_word' id='word_1_226' title='bbox 1167 1919 1332 1962; x_wconf 77' lang='lat' dir='ltr'><strong>confert.</strong></span> <span class='ocrx_word' id='word_1_227' title='bbox 1365 1918 1500 1967; x_wconf 89' lang='lat' dir='ltr'><strong>ibique</strong></span> <span class='ocrx_word' id='word_1_228' title='bbox 1533 1917 1571 1954; x_wconf 91' lang='lat' dir='ltr'><strong>in</strong></span> <span class='ocrx_word' id='word_1_229' title='bbox 1604 1917 1702 1954; x_wconf 84' lang='lat' dir='ltr'><strong>cella</strong></span> <span class='ocrx_word' id='word_1_230' title='bbox 1731 1917 1785 1954; x_wconf 84' lang='lat' dir='ltr'><strong>vi·</strong></span> 
     </span>
     <span class='ocr_line' id='line_1_26' title="bbox 320 1986 1788 2035; baseline -0.007 -4"><span class='ocrx_word' id='word_1_231' title='bbox 320 1996 432 2032; x_wconf 86' lang='lat' dir='ltr'><strong>naria</strong></span> <span class='ocrx_word' id='word_1_232' title='bbox 470 2005 510 2029; x_wconf 90' lang='lat' dir='ltr'><strong>se</strong></span> <span class='ocrx_word' id='word_1_233' title='bbox 550 1992 734 2035; x_wconf 84' lang='lat' dir='ltr'><strong>inebriat,</strong></span> <span class='ocrx_word' id='word_1_234' title='bbox 775 2003 810 2027; x_wconf 87' lang='lat' dir='ltr'><strong>v.</strong></span> <span class='ocrx_word' id='word_1_235' title='bbox 854 1990 948 2026; x_wconf 88' lang='lat'><strong>818.</strong></span> <span class='ocrx_word' id='word_1_236' title='bbox 1011 1988 1087 2025; x_wconf 87' lang='lat' dir='ltr'><strong>Sed</strong></span> <span class='ocrx_word' id='word_1_237' title='bbox 1119 1988 1189 2024; x_wconf 79' lang='lat' dir='ltr'><strong>illa</strong></span> <span class='ocrx_word' id='word_1_238' title='bbox 1220 2000 1336 2025; x_wconf 86' lang='lat' dir='ltr'><strong>scena</strong></span> <span class='ocrx_word' id='word_1_239' title='bbox 1367 1986 1576 2024; x_wconf 84' lang='lat' dir='ltr'><strong>admodum</strong></span> <span class='ocrx_word' id='word_1_240' title='bbox 1607 1988 1788 2034; x_wconf 86' lang='lat' dir='ltr'><strong>suspecta</strong></span> 
     </span>
     <span class='ocr_line' id='line_1_27' title="bbox 317 2049 1864 2105; baseline -0.008 -5"><span class='ocrx_word' id='word_1_241' title='bbox 317 2067 390 2100; x_wconf 80' lang='lat' dir='ltr'><strong>est.</strong></span> <span class='ocrx_word' id='word_1_242' title='bbox 454 2062 525 2098; x_wconf 86' lang='lat' dir='ltr'><strong>Hic</strong></span> <span class='ocrx_word' id='word_1_243' title='bbox 563 2064 694 2097; x_wconf 88' lang='lat' dir='ltr'><strong>autem</strong></span> <span class='ocrx_word' id='word_1_244' title='bbox 733 2058 777 2096; x_wconf 82' lang='lat' dir='ltr'><strong>de</strong></span> <span class='ocrx_word' id='word_1_245' title='bbox 813 2069 872 2095; x_wconf 81' lang='lat' dir='ltr'><strong>me</strong></span> <span class='ocrx_word' id='word_1_246' title='bbox 912 2057 1103 2104; x_wconf 65' lang='lat' dir='ltr'><strong>quidquid</strong></span> <span class='ocrx_word' id='word_1_247' title='bbox 1141 2058 1198 2094; x_wconf 76' lang='lat' dir='ltr'><strong>est</strong></span> <span class='ocrx_word' id='word_1_248' title='bbox 1232 2069 1304 2105; x_wconf 88' lang='lat' dir='ltr'><strong>pro</strong></span> <span class='ocrx_word' id='word_1_249' title='bbox 1347 2052 1566 2105; x_wconf 87' lang='lat' dir='ltr'><strong>„quidquid</strong></span> <span class='ocrx_word' id='word_1_250' title='bbox 1603 2065 1663 2090; x_wconf 89' lang='lat' dir='ltr'><strong>me</strong></span> <span class='ocrx_word' id='word_1_251' title='bbox 1692 2049 1784 2090; x_wconf 86' lang='lat' dir='ltr'><strong>fiet“</strong></span> <span class='ocrx_word' id='word_1_252' title='bbox 1855 2070 1864 2084; x_wconf 77' lang='grc' dir='ltr'><strong>ι</strong></span> 
     </span>
     <span class='ocr_line' id='line_1_28' title="bbox 317 2121 1788 2176; baseline -0.007 -8"><span class='ocrx_word' id='word_1_253' title='bbox 317 2131 529 2168; x_wconf 84' lang='lat' dir='ltr'><strong>barbarum</strong></span> <span class='ocrx_word' id='word_1_254' title='bbox 571 2132 652 2175; x_wconf 79' lang='lat' dir='ltr'><strong>est3</strong></span> <span class='ocrx_word' id='word_1_255' title='bbox 703 2140 828 2176; x_wconf 83' lang='lat' dir='ltr'><strong>quare</strong></span> <span class='ocrx_word' id='word_1_256' title='bbox 870 2126 973 2163; x_wconf 92' lang='lat' dir='ltr'><strong>hunc</strong></span> <span class='ocrx_word' id='word_1_257' title='bbox 1013 2137 1169 2162; x_wconf 88' lang='lat' dir='ltr'><strong>versum</strong></span> <span class='ocrx_word' id='word_1_258' title='bbox 1209 2137 1294 2160; x_wconf 91' lang='lat' dir='ltr'><strong>cum</strong></span> <span class='ocrx_word' id='word_1_259' title='bbox 1336 2122 1424 2160; x_wconf 84' lang='lat' dir='ltr'><strong>Lor.</strong></span> <span class='ocrx_word' id='word_1_260' title='bbox 1464 2122 1529 2159; x_wconf 86' lang='lat' dir='ltr'><strong>Br.</strong></span> <span class='ocrx_word' id='word_1_261' title='bbox 1572 2121 1660 2158; x_wconf 85' lang='lat' dir='ltr'><strong>aliis</strong></span> <span class='ocrx_word' id='word_1_262' title='bbox 1697 2133 1788 2171; x_wconf 85' lang='lat' dir='ltr'><strong>spu-</strong></span> 
     </span>
     <span class='ocr_line' id='line_1_29' title="bbox 319 2199 594 2238; baseline -0.018 0"><span class='ocrx_word' id='word_1_263' title='bbox 319 2202 425 2238; x_wconf 88' lang='lat' dir='ltr'><strong>rium</strong></span> <span class='ocrx_word' id='word_1_264' title='bbox 456 2199 594 2235; x_wconf 88' lang='lat' dir='ltr'><strong>habeo.</strong></span> 
     </span>
    </p>

    <p class='ocr_par' dir='ltr' id='par_1_5' title="bbox 324 2240 1932 2857">
     <span class='ocr_line' id='line_1_30' title="bbox 434 2255 1790 2310; baseline -0.008 -6"><span class='ocrx_word' id='word_1_265' title='bbox 434 2267 583 2304; x_wconf 74' lang='lat' dir='ltr'><strong>versus</strong></span> <span class='ocrx_word' id='word_1_266' title='bbox 628 2264 820 2302; x_wconf 82' lang='lat'>587—96</span> <span class='ocrx_word' id='word_1_267' title='bbox 869 2262 1067 2310; x_wconf 82' lang='lat' dir='ltr'><strong>Ladewig.</strong></span> <span class='ocrx_word' id='word_1_268' title='bbox 1116 2260 1257 2298; x_wconf 83' lang='lat' dir='ltr'><strong>Philol.</strong></span> <span class='ocrx_word' id='word_1_269' title='bbox 1306 2258 1419 2296; x_wconf 79' lang='lat' dir='ltr'><strong>xvn</strong></span> <span class='ocrx_word' id='word_1_270' title='bbox 1464 2271 1502 2308; x_wconf 86' lang='lat' dir='ltr'><strong>p.</strong></span> <span class='ocrx_word' id='word_1_271' title='bbox 1554 2258 1634 2295; x_wconf 77' lang='lat'><strong>260</strong></span> <span class='ocrx_word' id='word_1_272' title='bbox 1681 2255 1790 2294; x_wconf 74' lang='lat' dir='ltr'><strong>dam·</strong></span> 
     </span>
     <span class='ocr_line' id='line_1_31' title="bbox 324 2315 1871 2382; baseline -0.008 -9"><span class='ocrx_word' id='word_1_273' title='bbox 324 2335 469 2382; x_wconf 83' lang='lat' dir='ltr'><strong>nabat3</strong></span> <span class='ocrx_word' id='word_1_274' title='bbox 530 2346 602 2370; x_wconf 92' lang='lat' dir='ltr'><strong>nec</strong></span> <span class='ocrx_word' id='word_1_275' title='bbox 657 2332 812 2378; x_wconf 89' lang='lat' dir='ltr'><strong>desunt,</strong></span> <span class='ocrx_word' id='word_1_276' title='bbox 875 2343 960 2380; x_wconf 81' lang='lat' dir='ltr'><strong>quae</strong></span> <span class='ocrx_word' id='word_1_277' title='bbox 1016 2342 1156 2379; x_wconf 87' lang='lat' dir='ltr'><strong>graves</strong></span> <span class='ocrx_word' id='word_1_278' title='bbox 1211 2327 1416 2378; x_wconf 87' lang='lat' dir='ltr'><strong>scrupulos</strong></span> <span class='ocrx_word' id='word_1_279' title='bbox 1468 2329 1663 2367; x_wconf 75' lang='lat' dir='ltr'><strong>moveant,</strong></span> <span class='ocrx_word' id='word_1_280' title='bbox 1722 2322 1791 2362; x_wconf 84' lang='lat' dir='ltr'><strong>sed</strong></span> <span class='ocrx_word' id='word_1_281' title='bbox 1861 2315 1871 2358; x_wconf 54' lang='lat' dir='ltr'><strong>i</strong></span> 
     </span>
     <span class='ocr_line' id='line_1_32' title="bbox 328 2393 1789 2456; baseline -0.009 -14"><span class='ocrx_word' id='word_1_282' title='bbox 328 2417 471 2454; x_wconf 86' lang='lat' dir='ltr'><strong>anceps</strong></span> <span class='ocrx_word' id='word_1_283' title='bbox 516 2401 705 2456; x_wconf 77' lang='lat' dir='ltr'><strong>iudicium</strong></span> <span class='ocrx_word' id='word_1_284' title='bbox 753 2404 812 2437; x_wconf 88' lang='lat' dir='ltr'><strong>est</strong></span> <span class='ocrx_word' id='word_1_285' title='bbox 857 2399 925 2437; x_wconf 90' lang='lat' dir='ltr'><strong>ubi</strong></span> <span class='ocrx_word' id='word_1_286' title='bbox 961 2398 1060 2435; x_wconf 83' lang='lat' dir='ltr'><strong>tales</strong></span> <span class='ocrx_word' id='word_1_287' title='bbox 1100 2398 1356 2434; x_wconf 86' lang='lat' dir='ltr'><strong>inveniuntur</strong></span> <span class='ocrx_word' id='word_1_288' title='bbox 1393 2393 1629 2444; x_wconf 84' lang='lat' dir='ltr'><strong>corruptelae</strong></span> <span class='ocrx_word' id='word_1_289' title='bbox 1674 2396 1719 2430; x_wconf 91' lang='lat' dir='ltr'><strong>ut</strong></span> <span class='ocrx_word' id='word_1_290' title='bbox 1754 2404 1789 2430; x_wconf 83' lang='lat' dir='ltr'><strong>v.</strong></span> 
     </span>
     <span class='ocr_line' id='line_1_33' title="bbox 334 2453 1877 2521; baseline -0.009 -11"><span class='ocrx_word' id='word_1_291' title='bbox 334 2473 412 2510; x_wconf 87' lang='grc'><strong>589</strong></span> <span class='ocrx_word' id='word_1_292' title='bbox 457 2475 497 2508; x_wconf 88' lang='lat' dir='ltr'><strong>et</strong></span> <span class='ocrx_word' id='word_1_293' title='bbox 536 2453 630 2508; x_wconf 88' lang='grc'><strong>596.</strong></span> <span class='ocrx_word' id='word_1_294' title='bbox 689 2468 802 2505; x_wconf 88' lang='lat' dir='ltr'><strong>Illius</strong></span> <span class='ocrx_word' id='word_1_295' title='bbox 841 2479 998 2505; x_wconf 87' lang='lat' dir='ltr'><strong>sensum</strong></span> <span class='ocrx_word' id='word_1_296' title='bbox 1042 2466 1238 2515; x_wconf 78' lang='lat' dir='ltr'><strong>expressit</strong></span> <span class='ocrx_word' id='word_1_297' title='bbox 1276 2463 1444 2502; x_wconf 90' lang='lat' dir='ltr'><strong>Bothius</strong></span> <span class='ocrx_word' id='word_1_298' title='bbox 1475 2462 1702 2512; x_wconf 87' lang='lat' dir='ltr'><strong>Scioppium</strong></span> <span class='ocrx_word' id='word_1_299' title='bbox 1733 2472 1792 2498; x_wconf 88' lang='lat' dir='ltr'><strong>se·</strong></span> <span class='ocrx_word' id='word_1_300' title='bbox 1852 2486 1877 2521; x_wconf 49' lang='grc' dir='ltr'><strong>ε,</strong></span> 
     </span>
     <span class='ocr_line' id='line_1_34' title="bbox 331 2523 1891 2593; baseline -0.009 -15"><span class='ocrx_word' id='word_1_301' title='bbox 331 2544 466 2578; x_wconf 88' lang='lat' dir='ltr'><strong>cutus:</strong></span> <span class='ocrx_word' id='word_1_302' title='bbox 505 2538 627 2587; x_wconf 73' lang='lat' dir='ltr'><strong>Quinc</strong></span> <span class='ocrx_word' id='word_1_303' title='bbox 665 2536 894 2581; x_wconf 77' lang='lat' dir='ltr'><strong>inducatur,</strong></span> <span class='ocrx_word' id='word_1_304' title='bbox 938 2548 974 2573; x_wconf 90' lang='lat' dir='ltr'><strong>v.</strong></span> <span class='ocrx_word' id='word_1_305' title='bbox 1015 2534 1064 2571; x_wconf 81' lang='lat' dir='ltr'><strong>ad</strong></span> <span class='ocrx_word' id='word_1_306' title='bbox 1103 2533 1244 2583; x_wconf 90' lang='lat' dir='ltr'><strong>Amph.</strong></span> <span class='ocrx_word' id='word_1_307' title='bbox 1285 2533 1384 2578; x_wconf 86' lang='lat'>690;</span> <span class='ocrx_word' id='word_1_308' title='bbox 1417 2543 1489 2568; x_wconf 90' lang='lat' dir='ltr'><strong>nec</strong></span> <span class='ocrx_word' id='word_1_309' title='bbox 1519 2535 1579 2567; x_wconf 86' lang='lat' dir='ltr'><strong>est</strong></span> <span class='ocrx_word' id='word_1_310' title='bbox 1610 2542 1679 2566; x_wconf 81' lang='lat' dir='ltr'><strong>cur</strong></span> <span class='ocrx_word' id='word_1_311' title='bbox 1707 2539 1793 2566; x_wconf 84' lang='lat' dir='ltr'><strong>cum</strong></span> <span class='ocrx_word' id='word_1_312' title='bbox 1841 2523 1891 2593; x_wconf 49' lang='lat' dir='ltr'><strong>:K</strong></span> 
     </span>
     <span class='ocr_line' id='line_1_35' title="bbox 330 2595 1928 2651; baseline -0.008 -6"><span class='ocrx_word' id='word_1_313' title='bbox 330 2608 422 2646; x_wconf 84' lang='lat' dir='ltr'><strong>Lor.</strong></span> <span class='ocrx_word' id='word_1_314' title='bbox 464 2607 527 2644; x_wconf 65' lang='grc' dir='ltr'><strong>ΒΓ.</strong></span> <span class='ocrx_word' id='word_1_315' title='bbox 567 2606 702 2644; x_wconf 89' lang='lat' dir='ltr'><strong>Goetz.</strong></span> <span class='ocrx_word' id='word_1_316' title='bbox 743 2616 899 2641; x_wconf 88' lang='lat' dir='ltr'><strong>versum</strong></span> <span class='ocrx_word' id='word_1_317' title='bbox 940 2602 1130 2640; x_wconf 84' lang='lat' dir='ltr'><strong>excidisse</strong></span> <span class='ocrx_word' id='word_1_318' title='bbox 1160 2606 1356 2651; x_wconf 86' lang='lat' dir='ltr'><strong>putemus.</strong></span> <span class='ocrx_word' id='word_1_319' title='bbox 1418 2599 1588 2649; x_wconf 88' lang='lat' dir='ltr'><strong>Propius</strong></span> <span class='ocrx_word' id='word_1_320' title='bbox 1618 2610 1640 2634; x_wconf 82' lang='lat' dir='ltr'><strong>a</strong></span> <span class='ocrx_word' id='word_1_321' title='bbox 1669 2595 1794 2642; x_wconf 60' lang='lat' dir='ltr'><strong>codd„</strong></span> <span class='ocrx_word' id='word_1_322' title='bbox 1845 2606 1864 2624; x_wconf 56' lang='grc' dir='ltr'>ἑ</span> <span class='ocrx_word' id='word_1_323' title='bbox 1900 2603 1928 2645; x_wconf 60' lang='lat' dir='ltr'>j</span> 
     </span>
     <span class='ocr_line' id='line_1_36' title="bbox 330 2647 1927 2719; baseline -0.009 -5"><span class='ocrx_word' id='word_1_324' title='bbox 330 2676 400 2714; x_wconf 88' lang='lat' dir='ltr'><strong>sed</strong></span> <span class='ocrx_word' id='word_1_325' title='bbox 440 2677 507 2713; x_wconf 88' lang='lat' dir='ltr'><strong>vix</strong></span> <span class='ocrx_word' id='word_1_326' title='bbox 547 2676 642 2713; x_wconf 85' lang='lat' dir='ltr'><strong>satis</strong></span> <span class='ocrx_word' id='word_1_327' title='bbox 686 2673 829 2710; x_wconf 85' lang='lat' dir='ltr'><strong>Latine</strong></span> <span class='ocrx_word' id='word_1_328' title='bbox 871 2671 1047 2719; x_wconf 86' lang='lat' dir='ltr'><strong>Madvig.</strong></span> <span class='ocrx_word' id='word_1_329' title='bbox 1089 2670 1191 2708; x_wconf 85' lang='lat' dir='ltr'>Adv.</span> <span class='ocrx_word' id='word_1_330' title='bbox 1231 2668 1269 2706; x_wconf 90' lang='grc' dir='ltr'><strong>ΙΙ</strong></span> <span class='ocrx_word' id='word_1_331' title='bbox 1306 2681 1344 2717; x_wconf 92' lang='lat' dir='ltr'><strong>p.</strong></span> <span class='ocrx_word' id='word_1_332' title='bbox 1385 2669 1428 2705; x_wconf 86' lang='lat'><strong>9:</strong></span> <span class='ocrx_word' id='word_1_333' title='bbox 1494 2665 1621 2712; x_wconf 81' lang='lat' dir='ltr'><strong>„Quoi</strong></span> <span class='ocrx_word' id='word_1_334' title='bbox 1650 2664 1691 2702; x_wconf 86' lang='lat' dir='ltr'><strong>id</strong></span> <span class='ocrx_word' id='word_1_335' title='bbox 1719 2662 1798 2701; x_wconf 72' lang='lat' dir='ltr'><strong>adi·</strong></span> <span class='ocrx_word' id='word_1_336' title='bbox 1902 2647 1927 2652; x_wconf 95' lang='lat'><strong>.</strong></span> 
     </span>
     <span class='ocr_line' id='line_1_37' title="bbox 333 2714 1929 2790; baseline -0.009 -9"><span class='ocrx_word' id='word_1_337' title='bbox 333 2740 517 2790; x_wconf 76' lang='lat' dir='ltr'><strong>matut-“3</strong></span> <span class='ocrx_word' id='word_1_338' title='bbox 549 2741 664 2780; x_wconf 87' lang='lat' dir='ltr'><strong>Ribb.</strong></span> <span class='ocrx_word' id='word_1_339' title='bbox 701 2740 824 2789; x_wconf 90' lang='lat' dir='ltr'><strong>„Cuin</strong></span> <span class='ocrx_word' id='word_1_340' title='bbox 855 2739 896 2776; x_wconf 86' lang='lat' dir='ltr'><strong>id</strong></span> <span class='ocrx_word' id='word_1_341' title='bbox 928 2736 1168 2777; x_wconf 83' lang='lat' dir='ltr'><strong>adimatur“.</strong></span> <span class='ocrx_word' id='word_1_342' title='bbox 1200 2756 1256 2762; x_wconf 95' lang='grc'>-</span> <span class='ocrx_word' id='word_1_343' title='bbox 1289 2735 1367 2774; x_wconf 86' lang='grc'><strong>590</strong></span> <span class='ocrx_word' id='word_1_344' title='bbox 1392 2749 1448 2785; x_wconf 92' lang='lat' dir='ltr'><strong>sq.</strong></span> <span class='ocrx_word' id='word_1_345' title='bbox 1477 2734 1684 2772; x_wconf 85' lang='lat' dir='ltr'><strong>Sceledrus</strong></span> <span class='ocrx_word' id='word_1_346' title='bbox 1699 2729 1806 2770; x_wconf 82' lang='lat' dir='ltr'><strong>nihil·</strong></span> <span class='ocrx_word' id='word_1_347' title='bbox 1845 2749 1848 2755; x_wconf 93' lang='lat'>·</span> <span class='ocrx_word' id='word_1_348' title='bbox 1923 2714 1929 2732; x_wconf 50' lang='lat'><em>⁴</em></span> 
     </span>
     <span class='ocr_line' id='line_1_38' title="bbox 334 2798 1796 2857; baseline -0.008 -8"><span class='ocrx_word' id='word_1_349' title='bbox 334 2812 448 2850; x_wconf 87' lang='lat' dir='ltr'><strong>videt</strong></span> <span class='ocrx_word' id='word_1_350' title='bbox 471 2824 541 2848; x_wconf 88' lang='lat' dir='ltr'><strong>nec</strong></span> <span class='ocrx_word' id='word_1_351' title='bbox 572 2810 683 2853; x_wconf 71' lang='lat' dir='ltr'><strong>audit</strong></span> <span class='ocrx_word' id='word_1_352' title='bbox 713 2821 784 2846; x_wconf 88' lang='lat' dir='ltr'><strong>nec</strong></span> <span class='ocrx_word' id='word_1_353' title='bbox 814 2808 1010 2857; x_wconf 71' lang='lat' dir='ltr'><strong>opinatur,</strong></span> <span class='ocrx_word' id='word_1_354' title='bbox 1048 2807 1123 2844; x_wconf 89' lang='lat' dir='ltr'><strong>nisi</strong></span> <span class='ocrx_word' id='word_1_355' title='bbox 1156 2804 1261 2856; x_wconf 87' lang='lat' dir='ltr'><strong>quod</strong></span> <span class='ocrx_word' id='word_1_356' title='bbox 1292 2817 1364 2842; x_wconf 89' lang='lat' dir='ltr'><strong>nos</strong></span> <span class='ocrx_word' id='word_1_357' title='bbox 1395 2803 1588 2841; x_wconf 87' lang='lat' dir='ltr'><strong>volumus.</strong></span> <span class='ocrx_word' id='word_1_358' title='bbox 1620 2821 1673 2827; x_wconf 92' lang='lat'><strong>—</strong></span> <span class='ocrx_word' id='word_1_359' title='bbox 1705 2798 1796 2838; x_wconf 76' lang='lat'><strong>592.</strong></span> 
     </span>
    </p>
   </div>
   <div class='ocr_carea' id='block_1_5' title="bbox 1836 0 1963 3243">
    <p class='ocr_par' dir='ltr' id='par_1_6' title="bbox 1836 0 1963 3243">
     <span class='ocr_line' id='line_1_39' title="bbox 1836 0 1963 3243; baseline 0 0"><span class='ocrx_word' id='word_1_360' title='bbox 1836 0 1963 3243; x_wconf 95' lang='lat' dir='ltr'><strong>    </strong></span> 
     </span>
    </p>
   </div>
  </div>
 </body>
</html>
