1963 3243
117 194 166 238 11,
192 195 224 236 Β,
249 193 384 228 27—34
749 189 943 224 Mercator.
1495 190 1572 229 153

719 316 975 370 Demipho

937 388 1071 429 Immo
1104 387 1139 428 si
1172 388 1294 437 scias,
1513 398 1577 429 295

118 464 265 507 Oculis
297 476 469 518 quoque
502 464 632 504 etiam
666 463 763 516 plus
795 463 880 502 iam
915 460 1042 501 uideo
1076 474 1205 513 quam
1240 460 1371 512 prius.

671 574 1025 631 Lysimachus

121 651 292 696 Benest.

718 729 861 770 Demi
877 727 976 781 pho

320 802 460 845 Malae
491 803 554 844 rei
588 802 698 844 dico.

676 915 1025 970 Lysimachus

728 988 819 1029 Iam
851 988 965 1029 istuc
998 1001 1082 1028 non
1114 986 1280 1029 benest.

744 1113 1002 1167 Demipho

119 1189 201 1233 Sed
235 1190 431 1230 ausimne
464 1203 542 1241 ego
574 1188 654 1230 tibi
686 1188 844 1241 eloqui,
878 1187 913 1228 si
948 1186 1052 1240 quid
1085 1186 1248 1227 uelim?

665 1312 1025 1368 Lysimachus

117 1388 348 1431 Audacter.

718 1465 751 1506 D
763 1480 785 1508 e
796 1465 859 1506 mi
875 1480 901 1519 p
911 1465 938 1506 h
951 1479 974 1507 o

390 1541 589 1582 Animum
622 1539 817 1580 aduorte.

670 1665 791 1718 Lysi
807 1663 1024 1705 machus

866 1736 962 1777 Fiet
994 1735 1158 1778 sedulo.

716 1850 975 1904 Demipho

119 1924 256 1966 Hodie
287 1925 348 1966 ire
381 1926 531 1979 occepi
561 1926 603 1966 in
638 1924 786 1965 ludum
816 1924 1094 1972 litterarium,
1513 1932 1580 1964 300

119 1996 386 2051 Lysimache.
446 1997 612 2040 Ternas
645 1999 736 2039 scio
768 1998 867 2038 iam.

674 2110 1023 2165 Lysimachus

936 2181 1063 2235 Quid,
1096 2182 1277 2223 ternas‘.>

717 2297 975 2351 Demipho

1307 2369 1426 2408 Amo.

668 2449 1021 2504 Lysimachus

118 2519 208 2563 Tun
241 2524 383 2576 capite
416 2537 522 2565 cano
555 2536 688 2573 amas,
722 2536 851 2564 senex
884 2520 1190 2576 nequissume?
1238 2538 1242 2542 Α

206 2660 271 2693 295
297 2660 326 2693 si
351 2670 415 2695 om.
443 2658 509 2694 BC
624 2659 690 2693 297
715 2657 811 2691 mala
837 2668 898 2692 ere
925 2657 1009 2691 dico
1036 2657 1082 2695 Β,
1107 2656 1205 2690 mala
1230 2655 1355 2689 redico
1382 2654 1411 2690 0
1503 2666 1576 2688 non

119 2714 254 2750 bonum
280 2722 336 2751 est
355 2715 424 2751 BG
515 2717 581 2750 298
607 2715 728 2759 eloqui
756 2714 916 2748 fideliter
940 2715 975 2748 A
1069 2716 1136 2748 300
1161 2713 1235 2747 eire
1260 2713 1293 2746 A
1387 2713 1425 2745 in
1451 2711 1578 2745 ludum

118 2774 242 2817 occepi
268 2773 461 2807 literarum
486 2772 554 2807 BC
645 2773 707 2805 301
737 2771 813 2805 scio
839 2775 920 2815 (pro
947 2771 1045 2812 anio)
1073 2771 1103 2803 A
1199 2770 1265 2803 302
1290 2779 1404 2802 senex
1429 2769 1578 2812 nequis-

120 2829 208 2866 sime
233 2831 343 2865 homo
370 2833 408 2871 Α,
