1963 3243
369 167 447 205 160
1033 161 1154 197 Plauti
1547 165 1596 208 Π,
1621 166 1653 207 3,
1678 165 1814 200 57-68
1891 182 1915 197 ἢ

958 288 1212 342 Demipho

629 359 770 410 Quid?
803 374 855 402 ea
884 364 933 401 ut
962 359 1139 407 uidetur
1170 360 1353 402 mulier?

958 472 1223 515 Charinus

1365 545 1462 587 Non
1495 546 1657 609 edepol
1681 545 1810 588 mala.

957 647 993 688 D
1005 647 1214 701 emipho

357 718 416 761 Ut
446 720 690 761 moratast?

954 820 986 863 C
996 821 1024 862 h
1035 835 1060 863 a
1071 836 1094 862 1·
1104 822 1118 862 i
1127 836 1154 863 n
1164 836 1192 863 u
1204 836 1223 863 s

762 893 938 935 Nullam
971 893 1061 935 uidi
1091 894 1244 935 melius
1276 907 1372 935 mea
1404 894 1632 935 sententia.

954 1007 1099 1048 Demi
1146 1007 1210 1048 ho

355 1079 461 1120 Mihi
493 1079 670 1134 quidem
701 1080 799 1120 item
830 1079 984 1133 edepol
1015 1022 1223 1130 uisapest‚
1257 1094 1386 1134 quom
1418 1079 1538 1121 illam
1569 1079 1704 1145 uidi.-

953 1192 1222 1235 Charinus

1246 1265 1340 1307 Eho
1373 1279 1428 1306 an
1459 1265 1625 1315 uidisti,
1656 1265 1813 1318 pater?

954 1364 1213 1422 Demipho

353 1439 474 1492 Uidi;
506 1454 656 1482 uerum
687 1455 773 1482 non
806 1455 857 1482 ex
888 1455 970 1482 usu
1000 1446 1151 1483 nostro
1184 1445 1252 1482 est
1281 1454 1423 1494 neque
1454 1440 1563 1482 adeo
1595 1439 1750 1493 placet.

955 1553 1221 1596 Charinus

357 1625 439 1675 Qui
470 1627 607 1669 uero?

954 1705 1212 1760 Demipho

412 1778 523 1829 Quia
553 1779 664 1820 enim
694 1793 780 1820 non
809 1784 962 1820 nostra
992 1779 1174 1820 formam
1206 1778 1341 1820 habet
1371 1778 1546 1832 diguam
1578 1778 1719 1820 domo.
1744 1789 1813 1827 390
1869 1824 1876 1834 ,

354 1850 474 1891 Nihil
505 1865 612 1905 opus
643 1851 768 1893 nobis
800 1851 972 1901 ancilla,
1004 1851 1086 1892 nisi
1118 1865 1230 1904 quae
1261 1855 1393 1901 texat,
1427 1864 1538 1903 quae
1570 1850 1718 1901 molat,

355 1922 539 1976 Lignum
571 1923 740 1974 caedat,
772 1924 942 1976 pinsum
975 1923 1119 1973 faciat,
1151 1924 1272 1964 aedis
1300 1928 1461 1973 uertat,
1492 1922 1684 1976 uapulet,

355 1993 474 2043 Quae
506 1995 666 2037 habeat
697 1996 963 2037 cotidianum
993 1989 1185 2037 familiae
1218 2001 1387 2037 coctum
1420 1995 1577 2036 cibum.

353 2066 531 2108 Horunc
561 2067 638 2108 illa
667 2067 850 2109 nihilum
882 2067 1121 2122 quidquam
1152 2067 1295 2109 facere
1327 2067 1496 2121 poterit·
1519 2066 1764 2108 admodum.

951 2180 1221 2222 Charinus

354 2252 418 2294 Ea
458 2266 588 2294 causa
628 2253 828 2306 equidem
866 2253 982 2295 illam
1025 2254 1120 2303 emi,
1170 2253 1281 2295 dono
1323 2267 1454 2307 quam
1494 2253 1642 2294 darem
1682 2253 1810 2295 matri

1441 2339 1573 2367 meae.
1743 2336 1810 2370 395

954 2405 1212 2460 Demipho

353 2476 416 2518 Ne
449 2478 556 2519 duas
589 2492 672 2519 neu
703 2483 744 2518 te
777 2477 1005 2520 aduexisse
1038 2479 1213 2520 dixeris.
1249 2500 1297 2506 —
1331 2477 1383 2519 Di
1416 2491 1482 2518 me
1514 2477 1743 2528 adiuuant3

353 2549 590 2591 Labefacto
625 2550 847 2604 paulatim.
883 2573 935 2578 —
971 2549 1141 2592 Uerum.
1175 2549 1290 2604 quod
1324 2550 1529 2603 praeterii
1562 2549 1718 2597 dicere,

444 2675 510 2708 388
536 2675 623 2709 item
650 2685 716 2709 om.
810 2675 876 2709 389
902 2679 1031 2708 nostro
1058 2675 1135 2708 sine
1161 2673 1280 2718 queB
1373 2675 1440 2707 390
1465 2674 1551 2718 quia
1577 2684 1650 2708 non
1743 2672 1810 2707 392
1875 2680 1877 2684 ·
1912 2661 1915 2665 ’

353 2742 508 2774 pensum
593 2733 658 2765 393
671 2731 813 2766 familia
825 2730 861 2765 B
939 2733 1005 2765 394
1021 2731 1161 2764 Horum
1177 2730 1311 2765 ancilla
1324 2730 1415 2763 nihil
1430 2741 1601 2774 umquam
1616 2728 1652 2764 Β
1743 2729 1810 2763 395

354 2788 452 2821 illam
474 2789 523 2822 mi
537 2787 573 2821 B
667 2790 732 2823 396
747 2787 885 2822 Nemas
898 2786 935 2822 B
1028 2800 1120 2822 neue
1215 2787 1286 2822 CH.
1305 2787 1342 2821 di
1436 2789 1501 2821 397
1518 2787 1592 2821 DE.
1604 2785 1807 2821 Labefacto
