<?xml version="1.0" encoding="UTF-8"?>
<!DOCTYPE html PUBLIC "-//W3C//DTD XHTML 1.0 Transitional//EN"
    "http://www.w3.org/TR/xhtml1/DTD/xhtml1-transitional.dtd">
<html xmlns="http://www.w3.org/1999/xhtml" xml:lang="en" lang="en">
 <head>
  <title>
</title>
<meta http-equiv="Content-Type" content="text/html;charset=utf-8" />
  <meta name='ocr-system' content='tesseract 3.04.00' />
  <meta name='ocr-capabilities' content='ocr_page ocr_carea ocr_par ocr_line ocrx_word'/>
</head>
<body>
  <div class='ocr_page' id='page_1' title='image "./comoediaerecensu04plauuoft_0567.png"; bbox 0 0 1963 3243; ppageno 0'>
   <div class='ocr_carea' id='block_1_1' title="bbox 0 2589 85 3243">
    <p class='ocr_par' dir='ltr' id='par_1_1' title="bbox 0 2589 85 3243">
     <span class='ocr_line' id='line_1_1' title="bbox 0 2589 85 3243; baseline 0 0"><span class='ocrx_word' id='word_1_1' title='bbox 0 2589 85 3243; x_wconf 95' lang='lat' dir='ltr'> </span> 
     </span>
    </p>
   </div>
   <div class='ocr_carea' id='block_1_2' title="bbox 139 219 1622 266">
    <p class='ocr_par' dir='ltr' id='par_1_2' title="bbox 139 219 1622 266">
     <span class='ocr_line' id='line_1_2' title="bbox 139 219 1622 266; baseline -0.001 -12"><span class='ocrx_word' id='word_1_2' title='bbox 139 219 181 261; x_wconf 79' lang='lat' dir='ltr'>V,</span> <span class='ocrx_word' id='word_1_3' title='bbox 206 221 239 263; x_wconf 79' lang='lat'>4,</span> <span class='ocrx_word' id='word_1_4' title='bbox 263 220 400 254; x_wconf 82' lang='lat'>20-80</span> <span class='ocrx_word' id='word_1_5' title='bbox 769 219 968 255; x_wconf 71' lang='lat' dir='ltr'>Poenulus.</span> <span class='ocrx_word' id='word_1_6' title='bbox 1546 227 1622 266; x_wconf 84' lang='lat'>197</span> 
     </span>
    </p>
   </div>
   <div class='ocr_carea' id='block_1_3' title="bbox 140 344 1632 543">
    <p class='ocr_par' dir='ltr' id='par_1_3' title="bbox 140 344 1632 543">
     <span class='ocr_line' id='line_1_3' title="bbox 696 344 1075 387; baseline 0.003 -1"><span class='ocrx_word' id='word_1_7' title='bbox 696 344 1075 387; x_wconf 75' lang='lat' dir='ltr'>Anterastilis</span> 
     </span>
     <span class='ocr_line' id='line_1_4' title="bbox 140 415 1632 471; baseline 0.001 -12"><span class='ocrx_word' id='word_1_8' title='bbox 140 415 198 459; x_wconf 77' lang='lat' dir='ltr'>Ut</span> <span class='ocrx_word' id='word_1_9' title='bbox 212 415 345 470; x_wconf 91' lang='lat' dir='ltr'>uolup</span> <span class='ocrx_word' id='word_1_10' title='bbox 364 422 432 459; x_wconf 83' lang='lat' dir='ltr'>est</span> <span class='ocrx_word' id='word_1_11' title='bbox 455 416 632 463; x_wconf 87' lang='lat' dir='ltr'>homini,</span> <span class='ocrx_word' id='word_1_12' title='bbox 667 430 762 458; x_wconf 85' lang='lat' dir='ltr'>mea</span> <span class='ocrx_word' id='word_1_13' title='bbox 786 430 919 467; x_wconf 84' lang='lat' dir='ltr'>soror,</span> <span class='ocrx_word' id='word_1_14' title='bbox 946 417 994 467; x_wconf 89' lang='lat' dir='ltr'>si,</span> <span class='ocrx_word' id='word_1_15' title='bbox 1022 417 1138 471; x_wconf 89' lang='lat' dir='ltr'>quod</span> <span class='ocrx_word' id='word_1_16' title='bbox 1162 418 1266 470; x_wconf 76' lang='lat' dir='ltr'>agit,</span> <span class='ocrx_word' id='word_1_17' title='bbox 1295 417 1412 461; x_wconf 82' lang='lat' dir='ltr'>cluet</span> <span class='ocrx_word' id='word_1_18' title='bbox 1434 420 1632 471; x_wconf 83' lang='lat' dir='ltr'>uictoria,</span> 
     </span>
     <span class='ocr_line' id='line_1_5' title="bbox 142 486 1629 543; baseline 0.003 -14"><span class='ocrx_word' id='word_1_19' title='bbox 142 486 262 530; x_wconf 83' lang='lat' dir='ltr'>Sicut</span> <span class='ocrx_word' id='word_1_20' title='bbox 291 502 368 530; x_wconf 88' lang='lat' dir='ltr'>nos</span> <span class='ocrx_word' id='word_1_21' title='bbox 399 488 526 530; x_wconf 87' lang='lat' dir='ltr'>hodie</span> <span class='ocrx_word' id='word_1_22' title='bbox 558 488 672 529; x_wconf 87' lang='lat' dir='ltr'>inter</span> <span class='ocrx_word' id='word_1_23' title='bbox 703 488 810 530; x_wconf 83' lang='lat' dir='ltr'>alias</span> <span class='ocrx_word' id='word_1_24' title='bbox 842 489 1141 542; x_wconf 78' lang='lat' dir='ltr'><strong>praestitimus</strong></span> <span class='ocrx_word' id='word_1_25' title='bbox 1173 488 1478 543; x_wconf 82' lang='lat' dir='ltr'>pulcritudine.</span> <span class='ocrx_word' id='word_1_26' title='bbox 1548 502 1629 535; x_wconf 88' lang='lat'>1191</span> 
     </span>
    </p>
   </div>
   <div class='ocr_carea' id='block_1_4' title="bbox 142 582 1635 709">
    <p class='ocr_par' dir='ltr' id='par_1_4' title="bbox 142 582 1635 709">
     <span class='ocr_line' id='line_1_6' title="bbox 692 582 1077 634; baseline 0 -11"><span class='ocrx_word' id='word_1_27' title='bbox 692 582 1077 634; x_wconf 63' lang='lat' dir='ltr'>Adelphasium</span> 
     </span>
     <span class='ocr_line' id='line_1_7' title="bbox 142 653 1635 709; baseline 0.001 -13"><span class='ocrx_word' id='word_1_28' title='bbox 142 653 284 696; x_wconf 75' lang='lat' dir='ltr'>Stulta</span> <span class='ocrx_word' id='word_1_29' title='bbox 315 667 372 703; x_wconf 86' lang='lat' dir='ltr'>es,</span> <span class='ocrx_word' id='word_1_30' title='bbox 404 666 538 704; x_wconf 86' lang='lat' dir='ltr'>soror,</span> <span class='ocrx_word' id='word_1_31' title='bbox 578 654 728 707; x_wconf 81' lang='lat' dir='ltr'>magis,</span> <span class='ocrx_word' id='word_1_32' title='bbox 769 668 897 708; x_wconf 89' lang='lat' dir='ltr'>quam</span> <span class='ocrx_word' id='word_1_33' title='bbox 929 654 1042 696; x_wconf 91' lang='lat' dir='ltr'>uolo.</span> <span class='ocrx_word' id='word_1_34' title='bbox 1104 655 1167 696; x_wconf 91' lang='lat' dir='ltr'>An</span> <span class='ocrx_word' id='word_1_35' title='bbox 1208 668 1258 697; x_wconf 90' lang='lat' dir='ltr'>eo</span> <span class='ocrx_word' id='word_1_36' title='bbox 1297 655 1449 709; x_wconf 83' lang='lat' dir='ltr'>pulcra</span> <span class='ocrx_word' id='word_1_37' title='bbox 1487 656 1635 698; x_wconf 89' lang='lat' dir='ltr'>uidere</span> 
     </span>
    </p>
   </div>
   <div class='ocr_carea' id='block_1_5' title="bbox 143 726 1473 852">
    <p class='ocr_par' dir='ltr' id='par_1_5' title="bbox 143 726 1473 852">
     <span class='ocr_line' id='line_1_8' title="bbox 1162 726 1473 778; baseline 0.006 -11"><span class='ocrx_word' id='word_1_38' title='bbox 1162 726 1248 776; x_wconf 75' lang='lat' dir='ltr'>tibi,</span> <span class='ocrx_word' id='word_1_39' title='bbox 1282 726 1473 778; x_wconf 85' lang='lat' dir='ltr'>obsecro,</span> 
     </span>
     <span class='ocr_line' id='line_1_9' title="bbox 143 796 1139 852; baseline -0.002 -11"><span class='ocrx_word' id='word_1_40' title='bbox 143 797 186 841; x_wconf 90' lang='lat' dir='ltr'>Si</span> <span class='ocrx_word' id='word_1_41' title='bbox 216 797 297 840; x_wconf 82' lang='lat' dir='ltr'>tibi</span> <span class='ocrx_word' id='word_1_42' title='bbox 328 797 391 839; x_wconf 92' lang='lat' dir='ltr'>illi</span> <span class='ocrx_word' id='word_1_43' title='bbox 424 811 508 840; x_wconf 94' lang='lat' dir='ltr'>non</span> <span class='ocrx_word' id='word_1_44' title='bbox 542 811 589 839; x_wconf 89' lang='lat' dir='ltr'>os</span> <span class='ocrx_word' id='word_1_45' title='bbox 622 796 805 838; x_wconf 83' lang='lat' dir='ltr'>oblitum</span> <span class='ocrx_word' id='word_1_46' title='bbox 838 803 903 839; x_wconf 79' lang='lat' dir='ltr'>est</span> <span class='ocrx_word' id='word_1_47' title='bbox 933 797 1139 852; x_wconf 82' lang='lat' dir='ltr'>fuligine?</span> 
     </span>
    </p>
   </div>
   <div class='ocr_carea' id='block_1_6' title="bbox 144 892 1635 1170">
    <p class='ocr_par' dir='ltr' id='par_1_6' title="bbox 144 892 1635 1170">
     <span class='ocr_line' id='line_1_10' title="bbox 702 892 1079 945; baseline 0 -11"><span class='ocrx_word' id='word_1_48' title='bbox 702 892 1079 945; x_wconf 74' lang='lat' dir='ltr'>Ayorastocles</span> 
     </span>
     <span class='ocr_line' id='line_1_11' title="bbox 144 964 774 1019; baseline -0.003 -12"><span class='ocrx_word' id='word_1_49' title='bbox 144 964 177 1007; x_wconf 96' lang='lat' dir='ltr'>O</span> <span class='ocrx_word' id='word_1_50' title='bbox 210 970 362 1019; x_wconf 82' lang='lat' dir='ltr'>patrue</span> <span class='ocrx_word' id='word_1_51' title='bbox 392 966 451 1007; x_wconf 90' lang='lat' dir='ltr'>mi</span> <span class='ocrx_word' id='word_1_52' title='bbox 480 965 774 1018; x_wconf 82' lang='lat' dir='ltr'>patruissime‚</span> 
     </span>
     <span class='ocr_line' id='line_1_12' title="bbox 793 1043 979 1084; baseline 0 0"><span class='ocrx_word' id='word_1_53' title='bbox 793 1043 979 1084; x_wconf 78' lang='lat' dir='ltr'>Hanno</span> 
     </span>
     <span class='ocr_line' id='line_1_13' title="bbox 469 1113 1635 1170; baseline 0 -14"><span class='ocrx_word' id='word_1_54' title='bbox 469 1113 600 1169; x_wconf 85' lang='lat' dir='ltr'>[Quid</span> <span class='ocrx_word' id='word_1_55' title='bbox 634 1120 712 1165; x_wconf 79' lang='lat' dir='ltr'>est,</span> <span class='ocrx_word' id='word_1_56' title='bbox 744 1114 893 1156; x_wconf 83' lang='lat' dir='ltr'>fratris</span> <span class='ocrx_word' id='word_1_57' title='bbox 925 1116 1007 1157; x_wconf 90' lang='lat' dir='ltr'>mei</span> <span class='ocrx_word' id='word_1_58' title='bbox 1040 1116 1200 1170; x_wconf 80' lang='lat' dir='ltr'>gnate?</span> <span class='ocrx_word' id='word_1_59' title='bbox 1232 1116 1336 1170; x_wconf 92' lang='lat' dir='ltr'>quid</span> <span class='ocrx_word' id='word_1_60' title='bbox 1368 1116 1435 1158; x_wconf 88' lang='lat' dir='ltr'>uis</span> <span class='ocrx_word' id='word_1_61' title='bbox 1468 1115 1635 1170; x_wconf 83' lang='lat' dir='ltr'>expedi.</span> 
     </span>
    </p>
   </div>
   <div class='ocr_carea' id='block_1_7' title="bbox 143 1210 1079 1336">
    <p class='ocr_par' dir='ltr' id='par_1_7' title="bbox 143 1210 1079 1336">
     <span class='ocr_line' id='line_1_14' title="bbox 697 1210 1079 1263; baseline 0.005 -12"><span class='ocrx_word' id='word_1_62' title='bbox 697 1210 1079 1263; x_wconf 69' lang='lat' dir='ltr'>Ayorastocles</span> 
     </span>
     <span class='ocr_line' id='line_1_15' title="bbox 143 1281 738 1336; baseline -0.002 -12"><span class='ocrx_word' id='word_1_63' title='bbox 143 1282 199 1324; x_wconf 79' lang='lat' dir='ltr'>At</span> <span class='ocrx_word' id='word_1_64' title='bbox 230 1283 340 1324; x_wconf 88' lang='lat' dir='ltr'>enim</span> <span class='ocrx_word' id='word_1_65' title='bbox 372 1282 472 1324; x_wconf 93' lang='lat' dir='ltr'>uolo</span> <span class='ocrx_word' id='word_1_66' title='bbox 504 1281 586 1324; x_wconf 86' lang='lat' dir='ltr'>hoc</span> <span class='ocrx_word' id='word_1_67' title='bbox 619 1295 738 1336; x_wconf 82' lang='lat' dir='ltr'><strong>agas.</strong></span> 
     </span>
    </p>
   </div>
   <div class='ocr_carea' id='block_1_8' title="bbox 581 1361 1048 1487">
    <p class='ocr_par' dir='ltr' id='par_1_8' title="bbox 581 1361 1048 1487">
     <span class='ocr_line' id='line_1_16' title="bbox 795 1361 981 1403; baseline -0.005 0"><span class='ocrx_word' id='word_1_68' title='bbox 795 1361 981 1403; x_wconf 78' lang='lat' dir='ltr'>Hanno</span> 
     </span>
     <span class='ocr_line' id='line_1_17' title="bbox 581 1434 1048 1487; baseline 0.002 -13"><span class='ocrx_word' id='word_1_69' title='bbox 581 1435 636 1474; x_wconf 83' lang='lat' dir='ltr'>At</span> <span class='ocrx_word' id='word_1_70' title='bbox 667 1434 778 1475; x_wconf 87' lang='lat' dir='ltr'>enim</span> <span class='ocrx_word' id='word_1_71' title='bbox 812 1447 892 1487; x_wconf 86' lang='lat' dir='ltr'>ago</span> <span class='ocrx_word' id='word_1_72' title='bbox 924 1434 1048 1475; x_wconf 84' lang='lat' dir='ltr'>istuc.</span> 
     </span>
    </p>
   </div>
   <div class='ocr_carea' id='block_1_9' title="bbox 144 1528 1639 1942">
    <p class='ocr_par' dir='ltr' id='par_1_9' title="bbox 144 1528 1639 1942">
     <span class='ocr_line' id='line_1_18' title="bbox 702 1528 1077 1582; baseline 0 -12"><span class='ocrx_word' id='word_1_73' title='bbox 702 1528 1077 1582; x_wconf 68' lang='lat' dir='ltr'>Ayorastocles</span> 
     </span>
     <span class='ocr_line' id='line_1_19' title="bbox 947 1600 1639 1654; baseline 0.003 -12"><span class='ocrx_word' id='word_1_74' title='bbox 947 1600 1106 1642; x_wconf 82' lang='lat' dir='ltr'>Patrue</span> <span class='ocrx_word' id='word_1_75' title='bbox 1136 1601 1194 1641; x_wconf 92' lang='lat' dir='ltr'>mi</span> <span class='ocrx_word' id='word_1_76' title='bbox 1225 1600 1531 1654; x_wconf 84' lang='lat' dir='ltr'>patruissume.</span> <span class='ocrx_word' id='word_1_77' title='bbox 1552 1610 1639 1644; x_wconf 89' lang='lat'>1195</span> 
     </span>
     <span class='ocr_line' id='line_1_20' title="bbox 797 1687 983 1728; baseline 0 0"><span class='ocrx_word' id='word_1_78' title='bbox 797 1687 983 1728; x_wconf 74' lang='lat' dir='ltr'>Hanno</span> 
     </span>
     <span class='ocr_line' id='line_1_21' title="bbox 144 1743 383 1795; baseline 0 -9"><span class='ocrx_word' id='word_1_79' title='bbox 144 1743 255 1795; x_wconf 86' lang='lat' dir='ltr'>Quid</span> <span class='ocrx_word' id='word_1_80' title='bbox 289 1745 383 1786; x_wconf 80' lang='lat' dir='ltr'>est?</span> 
     </span>
     <span class='ocr_line' id='line_1_22' title="bbox 697 1816 1079 1869; baseline 0 -12"><span class='ocrx_word' id='word_1_81' title='bbox 697 1816 1079 1869; x_wconf 66' lang='lat' dir='ltr'>Ayorastocles</span> 
     </span>
     <span class='ocr_line' id='line_1_23' title="bbox 316 1887 1081 1942; baseline -0.001 -13"><span class='ocrx_word' id='word_1_82' title='bbox 316 1888 392 1930; x_wconf 85' lang='lat' dir='ltr'>Est</span> <span class='ocrx_word' id='word_1_83' title='bbox 422 1888 568 1942; x_wconf 84' lang='lat' dir='ltr'>lepida</span> <span class='ocrx_word' id='word_1_84' title='bbox 601 1894 643 1930; x_wconf 77' lang='lat' dir='ltr'>et</span> <span class='ocrx_word' id='word_1_85' title='bbox 676 1887 837 1942; x_wconf 85' lang='lat' dir='ltr'>lauta:]</span> <span class='ocrx_word' id='word_1_86' title='bbox 870 1893 918 1929; x_wconf 84' lang='lat' dir='ltr'>ut</span> <span class='ocrx_word' id='word_1_87' title='bbox 950 1887 1081 1940; x_wconf 80' lang='lat' dir='ltr'>sapit!</span> 
     </span>
    </p>
   </div>
   <div class='ocr_carea' id='block_1_10' title="bbox 693 1982 1594 2108">
    <p class='ocr_par' dir='ltr' id='par_1_10' title="bbox 693 1982 1594 2108">
     <span class='ocr_line' id='line_1_24' title="bbox 796 1982 984 2023; baseline 0 0"><span class='ocrx_word' id='word_1_88' title='bbox 796 1982 984 2023; x_wconf 75' lang='lat' dir='ltr'>Hanno</span> 
     </span>
     <span class='ocr_line' id='line_1_25' title="bbox 693 2051 1594 2108; baseline -0.002 -12"><span class='ocrx_word' id='word_1_89' title='bbox 693 2055 915 2108; x_wconf 86' lang='lat' dir='ltr'>Ingenium</span> <span class='ocrx_word' id='word_1_90' title='bbox 949 2054 1083 2107; x_wconf 82' lang='lat' dir='ltr'>patris</span> <span class='ocrx_word' id='word_1_91' title='bbox 1115 2053 1248 2095; x_wconf 77' lang='lat' dir='ltr'>habet</span> <span class='ocrx_word' id='word_1_92' title='bbox 1280 2051 1415 2107; x_wconf 91' lang='lat' dir='ltr'>[quod</span> <span class='ocrx_word' id='word_1_93' title='bbox 1447 2051 1594 2107; x_wconf 67' lang='lat' dir='ltr'>sapit}</span> 
     </span>
    </p>
   </div>
   <div class='ocr_carea' id='block_1_11' title="bbox 143 2149 1639 2476">
    <p class='ocr_par' dir='ltr' id='par_1_11' title="bbox 143 2149 1639 2476">
     <span class='ocr_line' id='line_1_26' title="bbox 702 2149 1081 2201; baseline 0 -11"><span class='ocrx_word' id='word_1_94' title='bbox 702 2149 1081 2201; x_wconf 69' lang='lat' dir='ltr'>Ayorastocles</span> 
     </span>
     <span class='ocr_line' id='line_1_27' title="bbox 144 2218 1639 2274; baseline -0.002 -11"><span class='ocrx_word' id='word_1_95' title='bbox 144 2220 263 2272; x_wconf 86' lang='lat' dir='ltr'>Quae</span> <span class='ocrx_word' id='word_1_96' title='bbox 301 2221 401 2263; x_wconf 75' lang='lat' dir='ltr'>res?</span> <span class='ocrx_word' id='word_1_97' title='bbox 447 2222 532 2262; x_wconf 87' lang='lat' dir='ltr'>iam</span> <span class='ocrx_word' id='word_1_98' title='bbox 575 2220 647 2262; x_wconf 89' lang='lat' dir='ltr'>diu</span> <span class='ocrx_word' id='word_1_99' title='bbox 681 2220 832 2274; x_wconf 83' lang='lat' dir='ltr'>edepol</span> <span class='ocrx_word' id='word_1_100' title='bbox 873 2225 992 2261; x_wconf 82' lang='lat' dir='ltr'>tuam</span> <span class='ocrx_word' id='word_1_101' title='bbox 1032 2220 1292 2274; x_wconf 82' lang='lat' dir='ltr'>sapientiam</span> <span class='ocrx_word' id='word_1_102' title='bbox 1323 2219 1431 2260; x_wconf 87' lang='lat' dir='ltr'>haec</span> <span class='ocrx_word' id='word_1_103' title='bbox 1465 2218 1639 2273; x_wconf 89' lang='lat' dir='ltr'>quidem</span> 
     </span>
     <span class='ocr_line' id='line_1_28' title="bbox 1165 2291 1415 2344; baseline -0.008 -12"><span class='ocrx_word' id='word_1_104' title='bbox 1165 2291 1303 2344; x_wconf 81' lang='lat' dir='ltr'>abusa</span> <span class='ocrx_word' id='word_1_105' title='bbox 1335 2294 1415 2332; x_wconf 85' lang='lat' dir='ltr'>est.</span> 
     </span>
     <span class='ocr_line' id='line_1_29' title="bbox 143 2362 1638 2418; baseline -0.002 -13"><span class='ocrx_word' id='word_1_106' title='bbox 143 2363 267 2406; x_wconf 89' lang='lat' dir='ltr'>Nunc</span> <span class='ocrx_word' id='word_1_107' title='bbox 307 2364 406 2406; x_wconf 86' lang='lat' dir='ltr'>hinc</span> <span class='ocrx_word' id='word_1_108' title='bbox 445 2366 578 2418; x_wconf 80' lang='lat' dir='ltr'>sapit,</span> <span class='ocrx_word' id='word_1_109' title='bbox 628 2364 725 2406; x_wconf 91' lang='lat' dir='ltr'>hinc</span> <span class='ocrx_word' id='word_1_110' title='bbox 766 2365 919 2410; x_wconf 71' lang='lat' dir='ltr'>sentit:</span> <span class='ocrx_word' id='word_1_111' title='bbox 966 2363 1179 2417; x_wconf 88' lang='lat' dir='ltr'>quidquid</span> <span class='ocrx_word' id='word_1_112' title='bbox 1219 2363 1355 2416; x_wconf 81' lang='lat' dir='ltr'>sapit,</span> <span class='ocrx_word' id='word_1_113' title='bbox 1403 2362 1513 2413; x_wconf 68' lang='lat' dir='ltr'>sapit</span> <span class='ocrx_word' id='word_1_114' title='bbox 1544 2375 1638 2402; x_wconf 87' lang='lat' dir='ltr'>meo</span> 
     </span>
     <span class='ocr_line' id='line_1_30' title="bbox 1164 2447 1324 2476; baseline 0 -1"><span class='ocrx_word' id='word_1_115' title='bbox 1164 2447 1324 2476; x_wconf 85' lang='lat' dir='ltr'>amore.</span> 
     </span>
    </p>
   </div>
   <div class='ocr_carea' id='block_1_12' title="bbox 143 2567 1641 2843">
    <p class='ocr_par' dir='ltr' id='par_1_12' title="bbox 234 2567 1640 2615">
     <span class='ocr_line' id='line_1_31' title="bbox 234 2567 1640 2615; baseline -0.002 -10"><span class='ocrx_word' id='word_1_116' title='bbox 234 2573 318 2606; x_wconf 88' lang='lat'>1191</span> <span class='ocrx_word' id='word_1_117' title='bbox 347 2571 455 2606; x_wconf 87' lang='lat' dir='ltr'>hodie</span> <span class='ocrx_word' id='word_1_118' title='bbox 481 2583 548 2605; x_wconf 82' lang='lat' dir='ltr'>nos</span> <span class='ocrx_word' id='word_1_119' title='bbox 574 2570 641 2605; x_wconf 79' lang='lat' dir='ltr'>BC</span> <span class='ocrx_word' id='word_1_120' title='bbox 721 2570 975 2615; x_wconf 77' lang='lat' dir='ltr'>praestitumus</span> <span class='ocrx_word' id='word_1_121' title='bbox 1068 2570 1155 2604; x_wconf 83' lang='lat'>1192</span> <span class='ocrx_word' id='word_1_122' title='bbox 1179 2579 1287 2602; x_wconf 85' lang='lat' dir='ltr'>soror</span> <span class='ocrx_word' id='word_1_123' title='bbox 1311 2579 1348 2602; x_wconf 87' lang='lat' dir='ltr'>es</span> <span class='ocrx_word' id='word_1_124' title='bbox 1375 2567 1445 2603; x_wconf 85' lang='lat' dir='ltr'>BG</span> <span class='ocrx_word' id='word_1_125' title='bbox 1522 2579 1640 2602; x_wconf 83' lang='lat' dir='ltr'>anueo</span> 
     </span>
    </p>

    <p class='ocr_par' dir='ltr' id='par_1_13' title="bbox 143 2624 1641 2843">
     <span class='ocr_line' id='line_1_32' title="bbox 232 2624 1641 2667; baseline -0.004 -4"><span class='ocrx_word' id='word_1_126' title='bbox 232 2629 302 2663; x_wconf 82' lang='lat' dir='ltr'>tibi</span> <span class='ocrx_word' id='word_1_127' title='bbox 328 2638 396 2663; x_wconf 87' lang='lat' dir='ltr'>om.</span> <span class='ocrx_word' id='word_1_128' title='bbox 493 2629 578 2663; x_wconf 87' lang='lat'>1193</span> <span class='ocrx_word' id='word_1_129' title='bbox 605 2628 753 2661; x_wconf 77' lang='lat' dir='ltr'>ollitum</span> <span class='ocrx_word' id='word_1_130' title='bbox 781 2632 836 2661; x_wconf 81' lang='lat' dir='ltr'>est</span> <span class='ocrx_word' id='word_1_131' title='bbox 862 2626 898 2661; x_wconf 92' lang='lat' dir='ltr'><strong><em>B</em></strong></span> <span class='ocrx_word' id='word_1_132' title='bbox 990 2626 1135 2661; x_wconf 76' lang='lat' dir='ltr'>sulineti</span> <span class='ocrx_word' id='word_1_133' title='bbox 1161 2625 1208 2667; x_wconf 92' lang='lat' dir='ltr'>B,</span> <span class='ocrx_word' id='word_1_134' title='bbox 1233 2625 1295 2659; x_wconf 82' lang='lat' dir='ltr'>fuli</span> <span class='ocrx_word' id='word_1_135' title='bbox 1322 2625 1405 2659; x_wconf 86' lang='lat' dir='ltr'>neci</span> <span class='ocrx_word' id='word_1_136' title='bbox 1434 2624 1463 2660; x_wconf 81' lang='lat' dir='ltr'><strong><em>G</em></strong></span> <span class='ocrx_word' id='word_1_137' title='bbox 1552 2625 1641 2659; x_wconf 85' lang='lat'>1194</span> 
     </span>
     <span class='ocr_line' id='line_1_33' title="bbox 143 2681 1640 2729; baseline -0.002 -10"><span class='ocrx_word' id='word_1_138' title='bbox 143 2683 172 2719; x_wconf 90' lang='grc' dir='ltr'>Ο</span> <span class='ocrx_word' id='word_1_139' title='bbox 197 2689 331 2729; x_wconf 78' lang='lat' dir='ltr'>patrue</span> <span class='ocrx_word' id='word_1_140' title='bbox 355 2685 410 2720; x_wconf 74' lang='lat' dir='ltr'>bis</span> <span class='ocrx_word' id='word_1_141' title='bbox 505 2689 618 2729; x_wconf 81' lang='lat' dir='ltr'>gnate</span> <span class='ocrx_word' id='word_1_142' title='bbox 644 2685 697 2719; x_wconf 78' lang='lat' dir='ltr'>bis</span> <span class='ocrx_word' id='word_1_143' title='bbox 788 2683 964 2727; x_wconf 73' lang='lat' dir='ltr'>expediat.</span> <span class='ocrx_word' id='word_1_144' title='bbox 990 2681 1025 2726; x_wconf 85' lang='lat' dir='ltr'>C,</span> <span class='ocrx_word' id='word_1_145' title='bbox 1052 2693 1116 2717; x_wconf 88' lang='lat' dir='ltr'>om.</span> <span class='ocrx_word' id='word_1_146' title='bbox 1144 2682 1177 2716; x_wconf 89' lang='lat' dir='ltr'><strong><em>A</em></strong></span> <span class='ocrx_word' id='word_1_147' title='bbox 1275 2683 1361 2716; x_wconf 87' lang='grc'>1195</span> <span class='ocrx_word' id='word_1_148' title='bbox 1385 2682 1483 2716; x_wconf 76' lang='lat' dir='ltr'>istuc</span> <span class='ocrx_word' id='word_1_149' title='bbox 1507 2685 1640 2726; x_wconf 77' lang='lat' dir='ltr'>patrue</span> 
     </span>
     <span class='ocr_line' id='line_1_34' title="bbox 145 2737 1641 2786; baseline -0.003 -10"><span class='ocrx_word' id='word_1_150' title='bbox 145 2742 231 2776; x_wconf 81' lang='lat'>1197</span> <span class='ocrx_word' id='word_1_151' title='bbox 257 2753 302 2776; x_wconf 88' lang='lat' dir='ltr'>eo</span> <span class='ocrx_word' id='word_1_152' title='bbox 319 2741 453 2786; x_wconf 88' lang='lat' dir='ltr'>edepol</span> <span class='ocrx_word' id='word_1_153' title='bbox 467 2742 500 2775; x_wconf 87' lang='lat' dir='ltr'><strong><em>A</em></strong></span> <span class='ocrx_word' id='word_1_154' title='bbox 573 2741 788 2786; x_wconf 80' lang='lat' dir='ltr'>sapientiam</span> <span class='ocrx_word' id='word_1_155' title='bbox 806 2745 906 2774; x_wconf 87' lang='lat' dir='ltr'>tuam</span> <span class='ocrx_word' id='word_1_156' title='bbox 979 2740 1153 2783; x_wconf 81' lang='lat' dir='ltr'>quiquem</span> <span class='ocrx_word' id='word_1_157' title='bbox 1227 2740 1313 2773; x_wconf 82' lang='lat'>1198</span> <span class='ocrx_word' id='word_1_158' title='bbox 1337 2738 1395 2772; x_wconf 87' lang='lat' dir='ltr'>hic</span> <span class='ocrx_word' id='word_1_159' title='bbox 1417 2738 1515 2782; x_wconf 77' lang='lat' dir='ltr'>sapit</span> <span class='ocrx_word' id='word_1_160' title='bbox 1533 2737 1593 2772; x_wconf 86' lang='lat' dir='ltr'>hic</span> <span class='ocrx_word' id='word_1_161' title='bbox 1607 2738 1641 2772; x_wconf 88' lang='lat' dir='ltr'><strong><em>A</em></strong></span> 
     </span>
     <span class='ocr_line' id='line_1_35' title="bbox 143 2797 846 2843; baseline -0.003 -11"><span class='ocrx_word' id='word_1_162' title='bbox 143 2798 261 2842; x_wconf 75' lang='lat' dir='ltr'>sapite</span> <span class='ocrx_word' id='word_1_163' title='bbox 286 2797 322 2833; x_wconf 93' lang='lat' dir='ltr'><strong><em>B</em></strong></span> <span class='ocrx_word' id='word_1_164' title='bbox 416 2800 514 2843; x_wconf 82' lang='lat' dir='ltr'>sapit.</span> <span class='ocrx_word' id='word_1_165' title='bbox 539 2808 604 2833; x_wconf 89' lang='lat' dir='ltr'>om.</span> <span class='ocrx_word' id='word_1_166' title='bbox 725 2807 846 2830; x_wconf 85' lang='lat' dir='ltr'>amare</span> 
     </span>
    </p>
   </div>
  </div>
 </body>
</html>
