1963 3243
101 250 142 287 v·
167 252 198 291 4,
229 249 311 283 1—'7
737 245 918 280 Mercator
1476 250 1556 287 213

297 514 594 557 EUTYCHUS
627 513 1008 555 ADULESCENS.
1071 512 1264 554 EIDEM.
1328 511 1358 553 C

689 673 967 728 Eutychus

100 750 163 792 Ad
198 754 364 803 patrem
390 748 475 793 ibo,
509 758 557 788 ut
582 747 734 788 matris
761 747 867 787 iram
896 747 977 787 sibi
1005 761 1101 788 esse
1129 747 1327 788 sedatam
1353 747 1474 787 sciat.
1494 760 1561 791 950

101 822 191 864 Iam
222 821 365 863 redeo.

652 899 1000 952 Lysimachus

278 973 428 1014 Placet
460 973 734 1027 principium.
798 970 910 1020 Quid
942 972 1066 1024 agis?
1099 971 1203 1025 quid
1237 971 1297 1021 fit,
1331 971 1560 1025 Eutyche?

691 1095 968 1150 Eutychus

100 1170 287 1225 Optuma
319 1170 650 1225 opportunitate
682 1167 809 1210 ambo
841 1168 1095 1212 aduenistis.

650 1317 1006 1372 Lysimachus

1224 1392 1337 1442 Quid
1369 1393 1431 1433 rei
1465 1397 1560 1434 est?

689 1471 966 1525 Eutychus

102 1544 220 1587 Uxor
250 1543 329 1586 tibi
360 1544 539 1598 placata
571 1550 615 1586 et
655 1544 883 1598 placidast.
947 1543 1072 1586 Cette
1105 1545 1282 1586 dextras
1314 1558 1428 1586 nunc
1459 1545 1559 1586 iam.

651 1680 998 1736 Lysimachus

97 1751 154 1794 'Di
185 1766 251 1795 me
277 1758 468 1795 seruant.

691 1833 966 1888 Eutychus

505 1905 603 1948 Tibi
635 1907 819 1948 amicam
851 1907 1013 1949 nullam
1047 1922 1143 1950 esse
1175 1909 1343 1950 nuntio.

700 2044 957 2099 Demipho

103 2112 154 2153 Di
186 2118 228 2154 te
260 2114 462 2167 perdant!
525 2115 638 2165 Quid
671 2118 816 2170 negoti
849 2122 915 2159 est
947 2132 1061 2171 nam,
1095 2132 1268 2173 quaeso,
1301 2120 1445 2160 istuc?

690 2243 968 2297 Eutychus

1255 2317 1464 2371 Eloquar.
1496 2330 1562 2362 955

104 2382 300 2425 Animum
332 2385 552 2428 aduortite
585 2388 721 2441 igitur
752 2389 894 2432 ambo.

651 2513 1005 2568 Lysimachus

759 2585 872 2637 Quin
904 2589 985 2631 tibi
1019 2589 1146 2631 ambo
1180 2602 1357 2641 operam
1390 2588 1560 2629 damus.

193 2695 343 2731 SENES
370 2697 493 2733 IDEM
519 2699 555 2734 B
660 2701 686 2735 C
712 2711 778 2735 om.
803 2701 839 2736 B
954 2704 1022 2738 950
1044 2704 1212 2747 prom-imo
1235 2701 1471 2745 postponitur

104 2750 303 2796 Appatrem
331 2753 361 2789 0
450 2758 515 2791 951
542 2757 619 2793 DE.
713 2757 824 2793 fietB
919 2761 1039 2794 eutice
1055 2759 1083 2793 C
1173 2759 1240 2792 952
1266 2758 1560 2802 oportunitatem

195 2814 236 2844 ut
256 2811 408 2845 uenistis
434 2812 480 2855 B,
506 2820 570 2848 aut
597 2816 752 2848 uenistis
780 2815 808 2850 C
922 2818 988 2852 953
1015 2815 1162 2860 placida
1188 2820 1224 2849 et
1250 2815 1435 2859 placatast
1460 2822 1559 2850 certe

194 2866 259 2900 956
283 2866 358 2901 DE.
386 2865 480 2909 Quid
505 2869 540 2903 B
