1963 3243
677 208 718 244 v.
749 212 846 245 1—9.
1413 214 1494 252 227

38 343 139 396 apud
179 345 362 393 antiquos
401 354 476 378 non
516 353 604 378 raro
636 341 903 378 inveniuntur.
967 340 1154 378 Ribbeck.
1189 340 1337 378 Alazon
1368 354 1406 390 p.
1443 342 1493 377 58

38 412 148 452 affert
179 410 433 461 Gymnasium
459 409 701 451 Cistellariae,
727 409 1008 459 Thesprionem
1041 408 1210 458 Epidici,
1237 408 1494 446 Grumionem

38 480 301 522 Mostellariae,
332 478 614 516 Acanthionem
655 476 904 524 Mercatoris,
947 478 1050 528 apud
1083 477 1311 514 Terentium
1343 477 1494 515 Sosiam

36 549 205 594 Andriae,
239 547 390 586 Davum
420 547 682 589 Phormionis‚
716 545 876 594 Hecyrae
904 546 1075 583 Philotin
1112 551 1151 583 et
1178 545 1328 594 Syram.
1377 546 1488 583 Erra-

36 623 125 657 runt
154 618 275 667 igitur
304 619 387 654 sine
419 616 550 659 dubio,
583 616 650 664 qui
683 614 782 651 hanc
812 628 966 652 scenam
999 628 1076 652 non
1108 628 1155 652 ex
1172 615 1358 661 Alazone,
1391 615 1494 652 unde

36 686 186 736 reliqua
216 686 348 723 sabula
380 684 497 721 ducta
528 689 599 729 est,
632 683 700 719 sed
733 697 779 720 ex
811 683 890 720 alia
921 684 1052 721 nescio
1084 697 1161 733 qua
1193 683 1328 721 fabula
1359 683 1496 722 Graeca

36 755 215 794 Plautum
256 753 414 791 duxisse
452 756 657 802 putarunt,
699 765 768 789 nec
807 765 892 801 quae
931 752 978 789 de
1018 752 1227 790 Menandri
1266 751 1406 789 Colace
1448 766 1495 790 ex

34 823 200 875 prologo
247 821 425 858 Eunuchi
472 820 721 858 Terentianae
767 821 992 870 accipimus,
1039 820 1216 858 Beckero
1261 818 1493 869 (Quaestion.

35 891 202 930 Plautin.
236 903 273 940 p.
309 888 377 933 83)
400 889 639 939 persuadere
664 888 897 935 debuerunt,
923 894 969 926 ut
993 889 1042 926 ad
1068 890 1176 927 illam
1194 889 1367 926 fabulam
1396 890 1495 926 hanc

35 972 187 998 scenam
211 959 398 1005 referret;
429 957 580 1008 Diphili
612 962 742 994 autem
773 957 1035 1005 Αἱρεσιτείχης,
1065 957 1113 995 de
1145 971 1222 1007 qua
1253 957 1494 995 Ritschelius

36 1027 240 1078 cogitabat,
282 1028 409 1064 minus
447 1027 564 1064 etiam
611 1029 705 1063 nota
750 1031 821 1064 est.
897 1026 1038 1076 Itaque
1083 1025 1325 1064 Schmidtius
1364 1028 1496 1074 etiam,

36 1097 211 1147 quamvis
235 1095 459 1139 secundum,
486 1096 553 1144 qui
578 1099 806 1144 usurpatur,
833 1099 962 1132 actum
989 1095 1131 1132 fabulae
1149 1095 1308 1132 aliunde
1326 1097 1493 1146 petitum

34 1168 202 1217 putaret,
231 1164 330 1201 hanc
353 1168 483 1200 tamen
514 1176 667 1200 scenam
694 1176 779 1200 cum
803 1163 957 1212 reliqua
980 1163 1114 1200 fabula
1138 1167 1224 1201 arte
1247 1165 1494 1202 coniunctam

36 1246 118 1273 esse
147 1235 302 1271 statuit.

150 1303 269 1339 1-4.
310 1300 426 1338 affert
465 1300 655 1338 Priscian.
697 1299 746 1337 de
784 1304 898 1337 metr.
930 1299 1091 1338 Terent.
1130 1313 1169 1350 p.
1203 1301 1299 1339 421.
1338 1300 1493 1349 Curate,

35 1369 226 1408 satellites
266 1370 494 1419 alloquitur.
537 1388 592 1393 —
633 1370 668 1405 2.
709 1368 808 1415 olim,
842 1371 868 1406 i.
900 1382 932 1406 e.
965 1369 1034 1406 illo
1066 1374 1256 1418 tempore,
1290 1370 1337 1407 cf.
1370 1370 1491 1408 Poen.

39 1439 130 1477 353.
160 1437 266 1475 Trin.
301 1438 391 1476 525.
426 1437 582 1475 Trucul.
616 1440 680 1475 67.
715 1437 829 1486 Verg.
863 1437 953 1475 AEn.
988 1436 1092 1483 VIII,
1128 1439 1220 1475 391.
1253 1458 1309 1463 —
1338 1440 1491 1483 sudum,

35 1506 60 1544 i.
97 1519 130 1544 e.
172 1519 366 1555 serenum,
405 1507 453 1543 cf.
494 1505 595 1544 Rud.
642 1508 739 1543 122:
785 1505 911 1552 „Quin
950 1510 994 1542 tu
1033 1508 1072 1543 in
1104 1506 1290 1556 paludem
1322 1509 1355 1544 is
1387 1510 1490 1546 exsi-

37 1587 175 1624 casque
206 1574 479 1620 harundinem,
519 1575 593 1621 Qui
624 1579 879 1624 pertegamus
910 1574 1058 1620 villam,
1100 1575 1191 1611 dum
1223 1575 1363 1613 sudum
1395 1575 1493 1614 est“.

35 1641 110 1681 cic.
142 1642 250 1681 Fam.
284 1643 387 1691 XVI,
434 1644 497 1688 18,
543 1645 578 1681 3.
621 1643 721 1680 Non.
762 1656 800 1692 p.
844 1645 907 1681 31.
942 1663 996 1669 --
1030 1645 1065 1681 3.
1099 1646 1237 1681 contra
1269 1658 1354 1682 cum
1378 1658 1493 1692 prae-

35 1712 200 1759 strinyat
233 1713 435 1750 oculorum
472 1714 590 1749 aciem
627 1711 882 1760 iungendum,
928 1712 975 1748 cf.
1022 1713 1112 1757 123,
1155 1713 1226 1760 al.;
1274 1716 1495 1751 conseritur

37 1791 169 1817 manus
206 1793 291 1818 cum
331 1781 476 1830 aliquo,
515 1794 594 1818 non
632 1785 770 1819 contra
801 1781 988 1830 aliquem.
1021 1799 1076 1805 —
1107 1783 1146 1818 4.
1178 1783 1299 1818 aciem
1331 1783 1370 1819 in
1402 1784 1494 1821 acle.

36 1849 198 1898 quoeeita
234 1849 406 1886 eiusdem
447 1851 554 1886 vocis
591 1850 792 1900 repetitio.
855 1849 999 1886 Hiatur
1038 1853 1128 1886 ante
1160 1855 1379 1888 extremum
1413 1864 1494 1888 cre-

36 1917 165 1963 ticum,
203 1917 281 1954 vid.
323 1917 481 1967 Proleg.
522 1931 560 1967 p.
605 1919 694 1956 183.
766 1918 913 1956 Locum
957 1916 1127 1955 afferunt
1164 1917 1306 1956 Pseud.
1349 1920 1494 1957 Ascon.

36 1984 76 2022 in
105 1983 233 2023 Divin.
265 1987 330 2023 46.
363 1986 464 2024 Non.
496 2001 535 2037 p.
569 1987 634 2024 34.
666 1984 860 2036 Apuleius
893 1987 940 2023 de
973 1985 1045 2024 deo
1078 1985 1252 2023 Socratis
1288 1989 1350 2025 11.
1381 2007 1436 2013 —
1470 1991 1490 2026 5

37 2051 148 2090 affert
178 2052 358 2092 Donatus
389 2056 429 2092 in
461 2054 629 2105 Adelph.
662 2055 767 2093 Prol.
805 2057 866 2092 15.
901 2074 949 2080 —
988 2057 1023 2091 7.
1055 2055 1241 2100 feriatam
1259 2054 1490 2092 Saracenas.

37 2138 90 2146 —
119 2122 155 2159 8.
200 2122 305 2170 Quae
342 2125 474 2160 misere
509 2126 619 2171 yestc't
655 2123 925 2174 praeeuntibus
967 2124 1056 2160 aliis
1087 2123 1147 2170 R.‚
1185 2123 1233 2160 cf.
1267 2122 1362 2160 Cist.
1402 2126 1491 2162 129.

37 2188 121 2228 Ter.
153 2191 276 2229 Andr.
310 2193 401 2230 520.
450 2192 590 2229 Heaut.
628 2193 717 2229 190.
765 2191 839 2229 Ad.
874 2191 969 2229 522.
1004 2193 1097 2230 667.
1145 2191 1239 2228 Hor.
1274 2191 1356 2229 Sat.
1390 2192 1420 2240 1,
1456 2194 1493 2239 9,

42 2257 102 2296 14.
168 2258 351 2298 Codicum
391 2257 457 2308 (de
498 2262 530 2298 A
570 2261 795 2308 ambiguum
832 2261 1102 2298 testimonium
1141 2256 1217 2307 est)
1257 2261 1494 2309 scripturam

42 2327 226 2373 „misera“
261 2330 373 2378 quasi
403 2330 527 2366 solam
560 2328 783 2366 Plautinam
816 2328 964 2366 frustra
995 2328 1213 2366 defendunt
1244 2327 1360 2376 Seyff.
1380 2328 1492 2367 Stud.

38 2407 76 2445 p.
106 2397 129 2434 8
160 2401 197 2434 et
228 2396 314 2443 Br.;
348 2397 669 2448 Pyrgopolinices
700 2396 930 2434 machaeram
962 2410 1071 2435 suam
1097 2398 1279 2434 miseram
1306 2409 1383 2433 non
1408 2402 1494 2434 erat

39 2461 222 2502 dicturus.
282 2465 432 2502 Deinde
463 2479 535 2515 pro
567 2470 756 2515 corrupto
786 2466 925 2511 fratem
958 2465 1003 2503 R.
1030 2479 1077 2502 ex
1102 2467 1231 2502 nescio
1256 2466 1367 2502 cuius
1392 2467 1490 2503 coni.

42 2532 274 2582 „stragem“,
312 2533 380 2571 sed
410 2538 493 2571 tum
530 2530 768 2581 „hostium“‚
810 2547 886 2572 non
930 2547 1001 2580 „ex
1032 2532 1238 2572 hostibus“
1282 2533 1491 2570 dicendum

39 2604 131 2637 erat.
210 2601 352 2639 Melius
397 2603 520 2651 igitur
566 2602 746 2639 Muretus
798 2600 1031 2650 „farctum“‚
1079 2603 1252 2640 Gronov.
1305 2600 1490 2651 „offam“‚

38 2664 176 2717 Bergk.
224 2668 414 2717 „frusta“‚
461 2672 507 2708 cf.
554 2670 756 2720 Aristoph.
796 2669 868 2720 Eq.
911 2672 1012 2709 372:
1074 2669 1308 2719 περικόμματ’
1350 2675 1386 2706 ἐκ
1425 2672 1493 2707 σοῖν

41 2737 218 2782 maiacum
265 2734 330 2784 (de
374 2739 572 2789 Theophr.
621 2738 734 2776 Char.
784 2739 827 2776 8:
888 2742 1001 2775 πολὺν
1044 2741 1103 2774 τὸν
1150 2741 1265 2785 ζωμὸν
1306 2742 1488 2788 γεγονέναι

41 2814 178 2856 anceps
216 2805 403 2845 iudicium
441 2804 538 2854 estv);
577 2819 650 2854 ego
689 2807 783 2845 olim
819 2813 1033 2853 „cratem'·.
1070 2827 1120 2832 —-
1154 2810 1189 2844 9.
1226 2807 1289 2844 ubi
1416 2807 1489 2849 hic,

1224 2884 1284 2916 15*
