1963 3243
722 207 764 244 v.
792 210 980 245 εικῆ-243.
1134 197 1140 205 ’
1519 217 1600 256 237

84 374 90 379 .
113 338 304 379 940—43
331 338 559 389 septenarii.
612 337 845 389 Spengelius
877 341 994 377 etiam
1025 344 1243 390 anapaestos
1267 342 1492 388 constituit,
1524 341 1598 379 Re·

109 406 379 446 formvorschl.
410 419 450 457 p.
484 406 578 446 399.

224 474 317 512 232.
349 470 455 513 mihi
478 484 520 513 es
544 474 696 522 auctor,
726 475 776 512 cf.
800 476 918 514 1169.
937 494 992 500 —
1017 475 1109 513 233.
1143 471 1329 513 NihiIA.
1348 496 1401 501 —
1427 472 1599 526 liquido.

43 564 56 572 ›
111 543 158 582 of.
189 542 308 581 Most.
336 543 428 581 736.
460 562 518 568 —
547 543 642 580 234.
674 551 719 580 ea
749 555 822 592 pro
859 542 944 588 ..et“
979 543 1129 592 scripsi.
1162 562 1216 569 —
1249 545 1342 582 235.
1373 541 1507 582 natali
1538 542 1602 581 die

108 623 244 650 versus
282 623 399 649 causa
437 611 673 660 transposui.
714 629 769 636 —
807 610 1030 658 maturam,
1078 623 1169 648 nam
1207 624 1290 649 eam
1335 613 1500 661 antiqua
1530 613 1599 649 ini-

109 679 256 718 micitia
286 678 332 716 ad
366 680 635 717 maturitatem
665 678 866 728 produxit.
905 697 961 703 —
1003 679 1095 716 236.
1143 677 1371 726 Calidorus,
1419 681 1486 730 qui
1518 693 1600 717 mu-

108 747 267 786 neribus
303 748 480 785 lenonem
518 745 752 798 placandum
792 759 875 784 esse
915 751 1118 784 censuerat
1148 760 1182 785 v.
1218 748 1317 793 232,
1365 754 1524 786 veretur
1554 762 1601 786 ne

12 822 26 858 '2
107 814 321 854 ulciscendi
361 816 503 866 cupido
543 828 699 852 servum
735 816 775 852 in
815 817 903 852 avia
943 814 1123 852 abducat.
1200 815 1286 853 Non
1314 825 1450 865 opus,
1499 817 1523 852 i.
1567 829 1598 853 e.

32 878 41 922 ’ἶ
107 896 246 935 pamm
277 883 374 921 utile
404 883 479 921 sibi
504 883 630 920 videri
658 885 726 930 ait,
758 884 789 920 si
818 883 959 920 malum
986 883 1116 920 lenoni
1142 890 1268 933 paret.
1315 883 1419 920 Male
1438 883 1602 929 Acidul„

12 940 40 994 ’.
109 951 154 990 R.
186 955 279 989 cett.
316 951 441 998 „Quid
471 950 629 1001 opist‘?“
672 953 696 988 i.
730 964 761 988 e.
795 951 889 1000 quid
921 951 1058 993 auxilii
1089 951 1176 989 est?
1207 971 1262 976 —
1304 947 1431 989 Potin
1460 952 1518 998 ut,
1553 952 1599 989 cf.

9 1023 41 1079 ’ἦ
111 1019 160 1058 ad
176 1019 260 1058 Mil.
280 1020 372 1058 923.
437 1015 562 1057 aliam
592 1029 675 1057 rem
708 1029 836 1058 cures.
869 1019 915 1056 cf.
950 1018 998 1056 ad
1030 1019 1113 1056 Mil.
1148 1020 1240 1057 926.
1269 1039 1323 1044 —
1350 1015 1448 1066 Bat,
1483 1033 1518 1056 v.
1552 1019 1599 1057 ad

107 1086 225 1139 Epid.
259 1088 324 1125 99.
358 1106 407 1113 -
442 1084 547 1125 dum
580 1089 787 1125 transitive
819 1088 976 1132 dicitur,
1009 1100 1043 1123 v.
1078 1088 1127 1124 ad
1160 1089 1266 1124 Asin.
1294 1089 1387 1126 898.
1419 1107 1475 1113 —
1507 1089 1598 1126 238.

43 1151 46 1157 ’
107 1164 230 1206 quam
261 1168 394 1194 omnes
426 1155 535 1203 edd„
567 1155 634 1193 sed
667 1155 770 1206 quod
804 1153 849 1193 in
878 1156 1210 1206 praepositionem,
1244 1169 1328 1205 quse
1361 1162 1397 1193 et
1431 1158 1469 1193 in
1502 1156 1532 1193 Β
1564 1162 1601 1194 et

106 1225 147 1262 in
178 1222 207 1261 C
237 1229 376 1271 exstat,
409 1226 636 1270 omiserunt,
670 1224 770 1260 male
802 1224 998 1268 fecerunt;
1030 1223 1232 1261 Acidalius
1264 1228 1331 1261 aut
1366 1227 1471 1271 „rei”
1507 1227 1600 1262 scri-

27 1282 46 1319 Ϊ
106 1290 274 1330 bendum
306 1305 390 1329 esse
421 1297 490 1329 aut
526 1290 615 1337 „re“
647 1305 719 1341 pro
751 1292 881 1330 dativo
917 1291 1146 1341 capiendum
1172 1294 1333 1341 censuit.
1382 1292 1600 1330 Pseudolus

105 1360 145 1397 in
183 1359 300 1398 rebus
338 1359 511 1397 adversis
550 1362 606 1397 ait
642 1374 721 1398 non
763 1361 891 1397 animo
932 1359 1219 1409 obsequendum
1253 1373 1356 1403 esse,
1404 1361 1470 1398 sed
1511 1367 1599 1398 ante

28 1439 34 1446 ¹
107 1429 236 1466 omnia
280 1427 319 1465 id
358 1428 581 1466 faciendum
621 1428 726 1477 quod
757 1431 796 1466 in
836 1441 917 1465 rem
950 1429 1013 1464 sit.
1081 1424 1392 1476 praezcortarz‘s,
1425 1429 1470 1465 cf.
1505 1428 1597 1466 Hor.

0 1488 42 1529 fv*
104 1495 179 1547 Ep.
211 1495 259 1542 H,
294 1497 330 1542 2,
367 1497 466 1534 126;
511 1496 793 1546 „praetulerim
910 1494 1065 1546 quam“.
1126 1496 1262 1533 Livius
1295 1498 1436 1546 saepius
1476 1509 1599 1546 „prae-

26 1548 57 1565 ⁶*
107 1568 245 1614 optare
277 1563 436 1615 quam“.
496 1564 595 1602 Post
625 1561 805 1602 aduorso
838 1565 970 1601 hiatur
1001 1569 1090 1601 ante
1123 1564 1287 1601 alterum
1322 1578 1356 1603 a.
1387 1579 1422 1601 v.
1442 1564 1597 1613 Proleg.

24 1653 31 1662 .
105 1644 144 1682 p.
182 1633 274 1670 220.
306 1651 362 1657 —-
395 1633 488 1670 239.
522 1632 616 1670 Post.
646 1630 734 1670 nisi
765 1633 908 1670 hiatur.
969 1629 1252 1677 iucunclwnst,
1293 1631 1380 1669 cui?
1440 1631 1597 1681 Specta-

109 1699 290 1738 toribus?
322 1699 391 1738 sed
421 1700 494 1738 hoc
526 1700 670 1738 clarius
701 1700 906 1738 dicendum
940 1703 1036 1737 erat.
1097 1701 1157 1737 An
1189 1699 1385 1737 amatori?
1408 1705 1452 1737 ut
1475 1701 1599 1749 ipsam

108 1767 317 1806 stultitiam
348 1768 424 1807 sibi
454 1769 610 1818 placere
640 1768 758 1807 dicat.
834 1767 933 1806 Sane
974 1768 1104 1818 aptius
1144 1768 1360 1814 diceretur,
1399 1767 1484 1805 fieri
1524 1781 1598 1805 nou

44 1879 46 1882 .
106 1849 221 1887 posse
253 1838 348 1886 quin
378 1842 530 1876 amator
559 1838 679 1875 stulte
710 1843 858 1885 ageret.
920 1836 1012 1873 Lor.
1045 1849 1197 1873 versum
1230 1836 1401 1874 seclusit.
1426 1856 1481 1860 —
1506 1837 1598 1874 240.

106 1900 234 1942 Mitte
262 1914 327 1942 me
361 1902 444 1951 sis,
489 1905 598 1950 hinc,
646 1918 723 1942 non
765 1918 786 1942 a
829 1902 958 1949 .,eine“
1001 1903 1188 1942 Pseudoli
1228 1904 1345 1940 verba
1376 1905 1600 1954 incipienda

46 2019 50 2022 .
108 1978 209 2010 sunt.
285 1972 329 2010 R.
373 1974 556 2011 licenter:
609 1976 715 2019 „sine
754 1974 826 2010 sim
868 1972 993 2009 nihili.
1027 1973 1109 2010 sine
1149 1973 1224 2009 sis?
1253 1971 1323 2009 PS.
1359 1971 1472 2010 Sino:
1518 1974 1600 2010 sine

31 2072 38 2080 .
108 2041 226 2078 modo
253 2040 427 2078 abeam.‘⁴
462 2061 516 2066 —
551 2043 642 2079 241.
674 2037 767 2090 Eyo
800 2053 847 2078 ex
878 2039 1121 2077 antecedenti
1152 2052 1266 2076 versu
1298 2040 1372 2077 huc
1401 2041 1598 2077 transtuli.

0 2119 36 2147 με
109 2107 208 2145 Tum
247 2109 410 2146 alterum
443 2120 562 2147 ¹mane
594 2109 730 2146 delevi.
799 2108 896 2146 Post
935 2117 997 2144 me
1027 2107 1158 2144 hiatur
1188 2109 1226 2144 in
1258 2109 1424 2145 diaeresi.
1457 2127 1510 2132 —
1541 2107 1598 2145 De

107 2176 157 2214 ut
185 2182 224 2213 et
254 2174 314 2214 ita
345 2190 380 2215 v.
406 2178 455 2215 ad
481 2178 574 2215 802.
607 2197 662 2202 —
687 2177 778 2214 242.
811 2172 915 2213 milei
946 2185 1071 2218 cesso,
1105 2175 1150 2212 cf.
1173 2175 1284 2224 Epid.
1308 2177 1399 2212 344.
1427 2195 1482 2200 ——
1506 2177 1598 2213 243.

111 2240 296 2291 Placide,
328 2245 374 2283 cf.
395 2246 488 2283 927.
517 2246 601 2283 Mil.
628 2246 722 2282 222.
746 2264 800 2269 —
829 2240 951 2292 Quid.
982 2239 1133 2280 malum
1159 2243 1203 2280 R.
1230 2240 1394 2291 placide
1426 2241 1464 2281 is
1494 2243 1598 2281 Cam.

224 2314 316 2351 244.
350 2313 584 2351 Octonarius
617 2313 847 2355 trochaicus,
883 2325 994 2361 quem
1027 2317 1245 2360 sequuntur
1276 2314 1448 2361 quinque
1479 2318 1600 2348 tetra-

110 2382 224 2418 metri
255 2380 464 2418 bacchiaci.
528 2382 717 2419 250-55
752 2381 854 2417 idem
885 2379 1038 2417 schema
1072 2379 1260 2428 praebeut.
1324 2380 1402 2417 256
1436 2379 1601 2416 dimeter

109 2449 349 2495 trochaicus,
397 2462 510 2498 quem
557 2455 775 2499 sequuntur
823 2454 904 2484 tres
953 2449 1174 2484 tetrametri
1220 2447 1425 2484 bacchiaci.
1522 2447 1600 2485 260

34 2526 46 2557 ·,
106 2528 160 2558 ‚ex
187 2515 364 2566 tripodia
393 2517 593 2555 trochaica
624 2516 851 2554 catalectico.
885 2515 1055 2565 repetita
1093 2519 1254 2552 constat.
1317 2515 1509 2552 261—62
1540 2521 1599 2552 te-

110 2586 289 2623 trametri
320 2585 466 2632 cretici,
499 2597 596 2635 quos
619 2585 798 2634 sequitur
825 2583 994 2620 dimeter
1019 2584 1196 2620 creticus.
1259 2584 1337 2621 264
1363 2583 1601 2634 compositus

112 2664 160 2690 ex
189 2655 377 2702 quattuor
405 2653 608 2698 trochaeis,
649 2651 800 2689 duobus
839 2651 1010 2697 creticis,
1063 2650 1214 2688 duobus
1251 2650 1444 2689 trochaeis.
1520 2651 1599 2690 265

12 2731 18 2742 “
52 2727 54 2730 ’
113 2720 230 2758 iamb.
261 2722 505 2772 septenarius
538 2733 624 2759 cum
656 2720 765 2757 hiatu
796 2719 836 2756 in
867 2718 1032 2756 diaeresi.
