1963 3243
274 241 328 279 58
957 234 1079 268 Plauti
1460 233 1509 277 11,
1536 235 1566 277 3,
1592 219 1720 276 20-4,'
1739 235 1760 268 9

274 361 324 402 In
355 360 504 402 labore
537 363 668 414 atque
700 360 743 401 in
776 359 938 410 dolore,
971 364 1020 400 ut
1049 373 1163 400 mors
1195 359 1376 413 obrepat
1406 359 1588 401 interim.

279 431 364 474 Sed
407 432 494 474 iam
539 432 645 473 satis
692 436 758 473 est
802 430 1176 485 philosophatum3
1221 431 1347 472 nimis
1390 430 1462 472 diu
1487 435 1546 472 'et
1584 430 1759 484 longum

1288 502 1454 556 loquor.
1694 512 1760 546 690

276 575 330 616 Di
360 574 627 624 inmortales,
661 574 910 616 aurichalco
943 578 1096 615 contra
1126 588 1210 616 non
1243 588 1390 615 carum
1422 573 1502 614 fuit

275 646 420 687 Meum
451 646 734 696 mendacium,
768 646 837 687 hic
867 645 995 688 modo
1027 645 1140 698 quod
1173 645 1316 688 subito
1348 649 1599 687 conmentus
1630 643 1702 691 fui,

276 716 388 766 Quia
417 717 584 759 lenonis
617 732 683 758 me
715 731 807 759 esse
839 717 940 758 dixi.
1000 717 1123 758 Nunc
1155 731 1232 771 ego
1263 717 1344 759 hac
1376 715 1564 770 epistula

277 788 371 830 Tris
410 789 630 839 deludam,
677 803 798 831 erum
839 794 881 830 et
917 789 1114 830 lenonem
1156 795 1198 830 et
1237 789 1311 842 qui
1349 787 1460 829 hanc
1499 786 1620 828 dedit
1656 785 1760 827 mihi

1293 859 1535 913 epistulam.

274 932 498 986 Eugepae!
558 932 692 974 Porro
725 932 844 973 aliud
876 937 1021 973 autem
1053 931 1168 985 quod
1200 931 1423 984 cupiebam
1458 930 1658 983 contigit:
1693 940 1760 974 695

278 1004 408 1046 Uenit
439 1017 587 1045 eccum
620 1003 868 1055 Calidorus3
901 1004 1019 1045 ducit
1049 1003 1193 1045 nescio
1225 1017 1353 1056 quem
1384 1015 1527 1043 secum
1559 1000 1698 1043 simul.

406 1251 738 1304 CALIDORUS,
771 1251 1069 1303 CHARINUS,
1104 1250 1548 1294 ADULESCENTES
1580 1250 1632 1292 II.

721 1331 1048 1374 PSEUDOLUS
1083 1330 1311 1373 SERUOS.
1731 1328 1762 1372 C

877 1471 1165 1513 Calidorus

277 1543 433 1586 Dulcia
464 1548 596 1598 atque
628 1557 776 1585 amara
807 1543 922 1598 apud
953 1549 996 1585 te
1029 1558 1123 1585 sum
1155 1543 1349 1585 elocutus
1382 1543 1545 1593 omnia3

277 1616 371 1657 Scis
404 1629 604 1665 amorem,
638 1616 723 1657 scis
756 1615 961 1665 laborem,
993 1616 1076 1657 scis
1109 1619 1347 1668 egestatem
1377 1627 1529 1655 meam.

889 1708 919 1750 C
931 1709 959 1750 h
971 1724 996 1750 a
1006 1724 1026 1750 r
1036 1710 1048 1749 i
1060 1723 1085 1750 n
1099 1724 1127 1750 u
1139 1723 1158 1750 s

279 1781 547 1824 Conmemini
565 1782 728 1834 omnia3
759 1781 802 1823 id
826 1786 875 1823 tu
902 1780 1040 1831 modo,
1065 1795 1131 1822 me
1159 1780 1262 1834 quid
1275 1781 1340 1821 uis
1359 1779 1514 1829 facere,
1532 1777 1599 1820 fac
1617 1779 1761 1821 sciam.

879 1875 1163 1917 Calidorus

280 1948 518 1991 Pseudolus
543 1947 647 1989 mihi
671 1948 733 1989 ita
759 1949 987 2002 inperauit,
1014 1951 1061 1988 ut
1085 1947 1271 1999 aliquem
1294 1946 1510 1987 hominem
1528 1950 1764 1994 strenuum,

281 2020 617 2062 Beneuoleutem
649 2020 904 2063 adducerem
939 2019 994 2060 ad
1026 2032 1083 2060 se.

895 2113 1159 2155 Charinus

1089 2183 1247 2226 Seruas
1279 2183 1491 2237 inperium
1523 2182 1676 2236 probe;
1701 2193 1764 2227 701

281 2257 392 2299 Nam
424 2263 467 2301 et
493 2259 678 2300 amicum
704 2262 746 2299 et
771 2257 1101 2299 beneuolentem
1128 2256 1260 2297 ducis.
1307 2254 1389 2297 Sed
1414 2255 1510 2296 istic
1527 2253 1766 2296 Pseudolus

281 2330 429 2372 Nouos
463 2330 565 2371 mihi
598 2335 674 2371 est.

372 2469 435 2503 691
463 2469 647 2503 auricalco
671 2468 707 2502 A
810 2468 875 2502 692
900 2477 1022 2500 meum
1048 2476 1111 2500 om.
1141 2465 1170 2500 Ο
1269 2467 1335 2500 693
1359 2464 1545 2510 pepistula
1569 2463 1604 2499 Β
1701 2465 1769 2499 694

284 2525 410 2559 ludam
434 2524 468 2558 A
561 2524 651 2559 mihi
677 2524 780 2558 dedit
807 2523 835 2558 Ο
923 2524 989 2558 695
1014 2523 1118 2567 Euge
1145 2534 1211 2566 par
1237 2523 1317 2567 pari

375 2580 647 2617 CALIDORUS
673 2578 916 2614 CHARINUS
942 2577 1223 2614 PSEUDOLUS
1249 2577 1314 2613 AC

283 2639 350 2672 697
375 2638 518 2673 eloctus
544 2637 572 2673 Ο
662 2638 729 2672 699
754 2636 886 2671 faciam
914 2636 942 2671 C
1030 2635 1238 2680 Sequuntur
1261 2636 1301 2669 in
1324 2633 1393 2669 BC
1414 2635 1486 2669 duo
1509 2641 1654 2668 versus:

331 2693 401 2728 CA.
427 2693 544 2737 Quom
567 2694 635 2730 hec
663 2694 730 2728 tibi
757 2694 830 2727 alia
854 2705 934 2727 sum
962 2693 1130 2727 elocutus
1156 2693 1212 2726 uis
1239 2691 1350 2726 scires
1376 2691 1405 2725 si
1431 2691 1501 2726 scis
1527 2689 1572 2724 de
1598 2688 1766 2724 simbolo.

331 2751 403 2786 CH.
429 2751 562 2786 Omnia
586 2752 735 2795 inquam
761 2754 799 2784 tu
824 2749 935 2784 modo
961 2748 1049 2793 quid
1074 2761 1131 2783 me
1156 2748 1276 2783 facere
1302 2748 1356 2782 uis
1382 2747 1438 2781 iac
1464 2750 1506 2781 ut
1530 2746 1654 2780 sciam.

284 2810 351 2842 702
377 2808 519 2842 ducisse
545 2807 580 2842 B
672 2807 783 2841 istinc
877 2808 942 2840 703
969 2805 1094 2840 Nouus
1121 2805 1151 2839 si
1176 2804 1266 2839 mihi
1291 2809 1345 2838 est
1369 2803 1434 2838 BC
