1963 3243
125 176 193 217 III,
222 177 250 217 l,
278 175 410 209 16—24
758 175 955 211 Mercator.
1508 185 1584 223 173

676 301 1029 357 Pasicompsa

1076 375 1200 416 Haud
1236 378 1432 431 vquidem
1472 381 1583 423 dico.

124 447 210 490 Nec
257 459 348 487 mos
396 450 550 489 meust,
597 451 646 486 ut
692 447 949 499 praedicmn,
999 448 1113 501 quod
1162 462 1240 498 ego
1287 451 1425 491 omnis
1473 454 1582 493 scire

1211 522 1400 563 credam.
1517 537 1583 569 505

674 621 1028 675 Lysimachus

122 693 271 737 Oratio
297 693 450 746 edepol
476 693 612 747 pluris
637 699 702 735 est
727 695 866 739 huius,
892 709 1021 748 quam
1042 697 1193 749 quanti
1212 695 1319 738 haec
1338 703 1485 752 empta
1502 705 1580 741 est.

123 768 289 820 Rogare
321 765 403 807 hoc
434 779 565 807 unum
599 772 641 807 te.
676 767 787 808 uolo.

673 891 1027 947 Pasicompsa

801 966 985 1019 Roganti
1018 967 1306 1020 respondebo.

672 1091 1026 1146 Lysimachus

121 1162 230 1213 Quid
265 1164 328 1204 ais
361 1163 440 1204 tu?
472 1163 576 1217 quid
609 1177 766 1206 nomen
798 1164 877 1206 tibi
910 1165 1053 1206 dicam
1087 1166 1211 1206 esse‘?

670 1289 1026 1344 Pasicompsa

1254 1365 1576 1420 Pasicompsae.

671 1467 1022 1520 Lysimachus

117 1536 177 1578 Ex
208 1536 345 1578 forma
376 1552 530 1579 nomen
562 1539 804 1580 inditumst.
869 1539 950 1580 Sed
986 1539 1087 1594 quid
1122 1541 1201 1587 ais,
1235 1541 1547 1594 Pasicompsa?

116 1608 264 1651 Possin
296 1614 354 1660 tu,
388 1611 423 1652 si
458 1625 559 1652 usus
591 1613 772 1662 uenerit,
807 1612 1032 1654 subtemen
1066 1618 1195 1654 tenue
1228 1613 1361 1654 nere?
1506 1624 1576 1657 510

668 1737 1020 1791 Pasicompsa

115 1807 306 1849 Possum.

666 1912 1014 1966 Lysimachus

318 1983 361 2025 Si
392 1989 523 2026 tenue
557 1986 655 2036 scis,
687 1987 778 2027 scio
812 1992 854 2028 te
889 1986 1066 2028 uberius
1099 2001 1226 2040 posse
1258 2001 1373 2028 nere.

664 2124 1018 2178 Pasicompsa

116 2194 174 2236 De
205 2195 392 2238 lanificio
424 2197 638 2238 neminem
674 2201 828 2245 metuo,
862 2211 950 2238 una
980 2202 1124 2238 aetate
1157 2211 1270 2250 quae
1303 2198 1371 2238 sit.

664 2323 1016 2377 Lysimachus

116 2393 258 2435 Bonae
291 2394 434 2436 hercle
466 2402 508 2436 te
541 2395 653 2449 frugi
685 2397 866 2441 arbitro,
909 2411 933 2436 a
966 2402 1140 2437 matura
1173 2399 1255 2437 iam
1291 2396 1391 2437 inde
1425 2402 1571 2438 aetate

116 2464 248 2514 Quom
283 2468 368 2508 scis
401 2467 542 2509 facere
575 2467 783 2509 osfficium
816 2474 950 2517 tuum,
987 2468 1153 2509 mulier.

204 2639 269 2672 505
294 2639 369 2673 cire
395 2638 425 2673 G
513 2641 579 2673 507
606 2650 718 2672 unum
745 2638 863 2673 hocA
958 2639 1024 2673 508
1051 2638 1151 2683 quod
1169 2638 1197 2673 C'
1289 2639 1479 2674 deicamA

117 2693 182 2728 510
214 2695 264 2729 eei
297 2707 402 2730 ussus
427 2697 463 2731 A
580 2697 686 2730 subte
721 2700 843 2731 mente
877 2700 1003 2730 tenere
1037 2696 1072 2730 B
1186 2697 1249 2730 511
1277 2699 1407 2731 tenues
1434 2697 1511 2732 scio
1537 2696 1572 2730 B

226 2757 353 2787 tenere
377 2753 412 2788 B
537 2755 602 2788 513
627 2753 767 2787 Bonam
795 2752 862 2787 BC
981 2759 1016 2787 te
1043 2757 1078 2786 et
1105 2753 1201 2795 frugi
1228 2753 1298 2788 BC
1410 2754 1570 2788 arbitror

116 2811 255 2842 matura
348 2812 413 2846 514
440 2810 506 2855 Qffi
532 2811 566 2845 B
