1963 3243
368 241 444 281 108
1030 238 1151 273 Plauti
1526 235 1589 280 IV,
1614 236 1645 277 6,
1672 236 1807 270 40—47

861 364 1297 406 Acroteleutium
1729 413 1736 417 ¹

1345 434 1441 476 Scio
1473 433 1627 487 edepol
1658 432 1806 484 facile;

353 508 466 551 Nam
497 508 628 552 odore
659 522 813 550 nasum
845 509 1017 559 sentiat,
1048 508 1084 549 si
1114 508 1233 549 intus
1265 506 1331 548 sit.

1349 2239 1460 2290 Quia
1492 2244 1608 2282 stare
1639 2252 1819 2293 nequeo.

364 2315 433 2357 Ita
464 2316 634 2360 animus
665 2329 743 2370 per
773 2315 921 2357 oculos
954 2328 1074 2357 meos
1106 2326 1222 2355 meus
1254 2312 1371 2355 defit.

907 2429 997 2472 Mil
1009 2443 1035 2483 p
1046 2428 1098 2470 hi
1110 2427 1195 2481 dip
1206 2441 1232 2481 p
1245 2440 1270 2468 a

1317 2499 1501 2540 Militem
1532 2499 1603 2553 pol
1736 2509 1823 2543 1255

366 2563 429 2604 Tu
461 2562 712 2615 adspexisti,

462 2689 545 2721 1249
559 2687 655 2721 facio
671 2686 706 2726 O,
719 2685 794 2720 scio
809 2683 844 2718 Β
913 2684 1000 2716 1250
1014 2694 1140 2716 nasum
1157 2693 1222 2716 om.
1236 2680 1271 2715 Β
1342 2681 1421 2713 1251
1441 2678 1532 2722 Quia
1546 2691 1602 2713 me
1617 2684 1656 2714 tu
1673 2683 1825 2723 propter

370 2757 485 2779 uenus
511 2744 546 2778 Β
643 2744 730 2777 1252
754 2745 930 2786 properat
955 2745 1010 2773 est
1035 2739 1069 2772 Β
1165 2740 1250 2773 1253
1277 2737 1357 2781 plus
1383 2737 1487 2770 uidet
1582 2747 1708 2771 cecare
1734 2742 1753 2771 ἓ
1778 2735 1823 2777 Β,

369 2813 457 2835 ceca
493 2812 554 2833 ore
588 2803 644 2833 est
676 2799 705 2834 C'
798 2799 884 2831 1254
918 2808 1009 2840 quor
1041 2795 1076 2830 Β
1170 2806 1237 2829 nec
1263 2794 1298 2829 B
1391 2793 1538 2827 adstare
1571 2792 1616 2836 B,
1653 2797 1776 2827 astare
1800 2790 1829 2827 Ο

370 2856 497 2902 Neque
523 2856 558 2891 Β
655 2857 739 2890 1255
767 2866 866 2888 meus
893 2864 958 2888 om.
1052 2852 1095 2887 fit
1118 2853 1152 2886 Β

1942 490 1950 598 ἱ

856 621 1306 675 Pyrgopolinices
1943 565 1963 746 1¹

1323 691 1590 733 Hariolatur.
1723 701 1811 736 1250

359 766 471 817 Quia
501 781 568 809 me
599 771 731 821 amat,
763 770 995 820 propterea
1026 764 1173 807 Uenus
1204 764 1308 806 fecit
1339 778 1434 806 eam
1465 767 1513 805 ut
1545 763 1773 804 diuinaret.
1943 722 1963 920 ι.

867 879 1301 921 Acroteleutium
1959 880 1963 911 ἔ

357 952 511 994 Nescio
543 952 617 993 ubi
647 952 718 993 hic
741 966 875 1006 prope
901 952 1038 1003 adest,
1065 965 1192 1004 quem
1220 955 1376 1004 expeto
1400 949 1568 1001 uidere3
1601 947 1688 1008 olet
1711 962 1810 1002 pro·
1944 922 1951 1015 i

1468 1021 1593 1063 fecto.

862 1114 1309 1170 Pyrgopolinices
1483 1095 1487 1097 >
1945 1017 1952 1294 ³

358 1187 475 1230 Naso
508 1188 579 1242 pol
609 1188 695 1229 iam
725 1187 834 1230 haec
865 1188 1040 1241 quidem
1072 1188 1193 1229 uidet
1222 1186 1318 1240 plus
1351 1200 1480 1240 quam
1511 1184 1662 1227 oculis.

930 1301 1236 1344 Palaestrio
1946 1297 1952 1419 l

1445 1356 1586 1399 Caeca
1616 1360 1812 1399 amorest.

870 1438 1306 1480 Acroteleutium

359 1494 474 1536 Tene
504 1509 584 1546 me,
617 1496 808 1538 obsecro.

908 1608 1273 1664 Milphidippa
1945 1425 1953 1700 l

837 1681 951 1724 Cur‘?
1946 1703 1952 1771 Ι

871 1795 1306 1838 Acroteleutium
1946 1775 1952 1875 1

903 1869 967 1911 Ne
999 1868 1164 1911 cadam.

905 1981 1276 2037 Milphidippa
1946 1877 1952 2052 ᾗ

1177 2053 1292 2104 Quid
1322 2054 1414 2096 ita‘?

874 2169 1310 2212 Acroteleutium
1946 2053 1952 2448 Ι
