1963 3243
170 202 238 247 111,
264 203 298 246 3,
324 202 459 236 49—65
817 201 1009 236 Poenulus.
1584 210 1659 248 155

781 327 1045 369 Aduocati

168 401 225 443 At.
258 400 370 442 enim
402 398 472 440 hic
505 400 612 440 olam
647 399 795 440 furtim
830 413 921 440 esse
954 399 1058 447 uolt,
1092 414 1143 440 ne
1176 400 1272 453 quis
1305 400 1413 441 sciat

169 472 288 515 Neue
320 471 484 513 arbiter
516 471 584 520 sit,
615 485 713 512 nam
746 471 815 512 hic
847 471 958 512 latro
991 472 1031 511 in
1066 471 1225 525 Sparta
1255 471 1349 519 fuit,

171 540 228 582 Ut
259 540 434 594 quidem
465 543 555 596 ipse
587 542 709 584 nobis
743 544 863 584 dixit.
899 543 1012 596 apud
1046 557 1187 596 regem
1221 543 1429 584 Attalum.

167 612 272 653 Inde
304 613 387 654 huc
419 614 598 666 aufugit.
631 615 837 667 quoniam
871 616 1042 668 capitur
1074 615 1292 668 oppidum.

739 715 1087 758 Collabisous

167 789 302 830 Nimis
334 788 476 842 lepide
510 788 561 830 de
593 788 785 838 latrone3
819 789 868 830 de
904 788 1060 843 Sparta
1091 796 1277 842 optume.
1594 801 1660 834 665

827 892 995 945 Lycus

167 963 218 1003 Di
253 963 444 1016 deaeque
476 963 599 1004 uobis
631 963 768 1004 multa
801 963 914 1004 bona
945 964 1061 1015 dent,
1095 977 1222 1016 quom
1255 963 1357 1004 mihi

167 1035 222 1076 Et
255 1035 361 1076 bene
394 1035 642 1089 praecipitis
674 1041 717 1076 et
748 1035 905 1077 bonam
938 1036 1144 1090 praedam
1179 1036 1304 1077 datis.

775 1138 882 1178 Adu
899 1139 1042 1178 ocati

166 1209 301 1250 Immo
332 1214 380 1250 ut
411 1210 503 1263 ipse
534 1209 658 1251 nobis
691 1210 810 1259 dixit,
843 1224 926 1263 quo
959 1210 1142 1252 adcures
1175 1211 1321 1263 magis.

166 1280 402 1323 Trecentos
433 1295 632 1323 nummos
664 1281 887 1336 Philippos
921 1287 1065 1335 portat
1098 1282 1298 1335 praesidi.

834 1384 1002 1438 Lycus

166 1455 256 1496 Rex
287 1469 394 1506 sum,
427 1456 463 1497 si
495 1470 573 1509 ego
606 1456 727 1497 illum
760 1456 888 1497 hodie
921 1457 975 1497 ad
1009 1470 1075 1497 me
1108 1455 1324 1497 hominem
1353 1455 1566 1497 adlexero
1595 1467 1661 1500 670

781 1559 1044 1601 Aduocati

169 1629 280 1679 Quin
311 1630 381 1672 hic
414 1631 586 1684 quidem
619 1637 719 1672 tuus
753 1637 826 1671 est.

827 1722 1001 1775 Lycus

905 1793 1091 1835 Obsecro
1124 1793 1279 1834 hercle.
1313 1793 1558 1843 hortamini,

168 1865 226 1907 Ut
258 1866 514 1908 deuortatur
545 1865 599 1907 ad
632 1879 697 1906 me
729 1866 770 1906 in
805 1865 1039 1919 hospitium
1072 1870 1306 1919 optumum.

776 1964 1040 2005 Aduocati

167 2035 318 2090 Neque
349 2050 425 2077 nos
456 2035 621 2077 hortari
653 2050 791 2089 neque
824 2036 1047 2078 dehortari
1079 2037 1201 2078 decet

168 2107 395 2150 Hominem
427 2109 722 2162 peregrinum3
756 2114 874 2148 tuam
906 2122 995 2149 rem
1027 2115 1074 2149 tu
1106 2122 1221 2161 ages,
1255 2109 1290 2149 si
1322 2109 1450 2161 sapis.

167 2178 255 2221 Nos
287 2179 366 2220 tibi
399 2179 646 2233 palumbem
679 2179 733 2220 ad
766 2194 911 2220 aream
944 2194 1082 2234 usque
1116 2179 1395 2230 adduximus3
1593 2190 1660 2224 675

166 2249 292 2293 Nunc
324 2256 366 2293 te
399 2251 519 2293 illum
552 2251 706 2293 melius
740 2265 906 2306 capere,
937 2253 970 2292 si
1004 2258 1176 2305 captum
1209 2265 1303 2293 esse
1335 2252 1414 2292 uis.

739 2347 1089 2391 Collabiscus

167 2419 312 2461 Iamne
344 2421 446 2462 itis?
508 2420 631 2472 Quid,
665 2421 780 2474 quod
812 2422 937 2463 uobis
971 2421 1185 2470 mandaui,
1218 2419 1445 2474 hospites?

257 2556 320 2589 661
350 2555 443 2590 clam
469 2567 533 2590 om.
560 2555 596 2590 B
736 2556 810 2589 uoli
839 2568 883 2590 ne
910 2557 990 2600 quis
1018 2556 1136 2590 sciant
1162 2555 1226 2590 BC
1362 2556 1430 2589 662
1455 2556 1492 2589 in
1519 2556 1657 2600 siparta

165 2611 232 2645 664
257 2611 328 2646 huc
354 2620 420 2646 om.
446 2613 492 2655 A,
519 2624 617 2647 nunc
643 2612 713 2648 BC
840 2614 906 2646 665
935 2617 1087 2656 optumo
1114 2612 1145 2645 A
1268 2613 1334 2646 666
1360 2612 1467 2646 uobis
1494 2613 1599 2646 uobis
1625 2614 1659 2648 B

166 2667 233 2702 668
257 2669 419 2703 accureis
445 2670 489 2713 A,
519 2681 687 2704 accurres
713 2668 779 2704 BC
869 2670 935 2702 669
959 2669 1109 2713 praesibi
1203 2669 1270 2701 670
1295 2668 1340 2702 ad
1366 2679 1422 2702 me
1448 2679 1514 2704 om.
1534 2669 1567 2703 A

166 2724 365 2759 mallexero
446 2727 510 2760 671
540 2726 580 2759 Η.
607 2737 673 2760 om.
757 2725 868 2759 horta
894 2725 980 2758 mihi
1002 2724 1038 2759 B
1117 2726 1184 2759 674
1211 2724 1405 2759 Hominum
1436 2725 1465 2761 0
1537 2738 1603 2771 age
1625 2727 1655 2760 A

166 2780 233 2814 675
256 2792 396 2825 usquae
423 2782 454 2815 A
548 2783 614 2816 676
640 2786 783 2817 castum
885 2783 952 2816 677
979 2782 1106 2816 uobeis
1132 2782 1166 2815 A
1236 2814 1239 2816 .
