1963 3243
130 243 158 286 Ι,
185 245 217 285 3,
249 243 424 278 105—113
762 243 978 278 Pseudolus.
1563 247 1607 287 31

132 369 174 411 Si
206 383 283 421 ego
316 375 510 411 mortuus
544 370 635 419 sim,
668 369 848 411 Athenis
880 375 923 411 te
955 370 1011 411 sit
1042 383 1165 411 nemo
1196 369 1389 423 nequior.

131 440 192 483 Ex
225 447 300 483 tua
330 455 375 482 re
411 446 474 483 est
506 447 553 483 ut
585 455 662 495 ego
695 442 891 483 emoriar.

727 531 1016 574 Calidorus

917 603 997 653 Qui
1030 603 1164 645 dum?

785 694 964 736 Ballio

1225 751 1314 803 Ego
1348 751 1486 792 dicam
1518 751 1615 792 tibi:

132 822 241 873 Quia
277 822 448 876 edepol,
495 823 594 863 dum
629 837 705 876 ego
747 824 870 865 uiuos
903 824 1068 873 uiuam,
1108 836 1342 875 numquam
1383 823 1467 864 eris
1506 821 1617 875 frugi

1146 894 1297 936 bonae.
1551 907 1618 940 340

731 984 1016 1028 Calidorus

131 1057 208 1098 Dic
241 1057 356 1100 mihi,
391 1056 566 1098 obsecro
600 1057 755 1102 hercle.
788 1072 938 1099 uerum
970 1059 1095 1108 serm,
1127 1057 1209 1099 hoc
1241 1058 1354 1111 quod
1389 1063 1431 1099 te
1463 1072 1586 1112 rogo:

131 1128 224 1171 Non
256 1128 391 1170 habes
423 1129 619 1170 uenalem
652 1130 833 1170 amicam
866 1135 912 1170 tu
947 1144 1085 1171 meam
1116 1129 1423 1171 Phoenicium?

783 1219 966 1261 Ballio

131 1292 224 1334 Non
258 1291 410 1346 edepol
442 1292 580 1333 habeo
613 1291 825 1346 profectog
858 1306 955 1334 nam
988 1294 1073 1334 iam
1106 1293 1271 1346 pridem
1303 1293 1493 1335 uendidi.

132 1439 165 1490 Q
342 1439 353 1480 l
731 1382 1019 1425 Calidorus

163 1454 223 1483 ¹uo
256 1454 343 1481 mo(
361 1440 413 1482 οἵ)

790 1496 965 1539 Ballio

491 1568 590 1610 Sine
623 1570 900 1619 ornamentis,
934 1583 1029 1610 cum
1062 1570 1279 1612 intestinis
1315 1570 1526 1612 omnibus.

734 1651 1020 1694 Calidorus

135 1722 272 1763 Meam
305 1728 351 1763 tu
385 1724 564 1765 amicam
598 1723 862 1766 uendidisti?
923 1723 1111 1774 Quanti?

788 1803 967 1845 Ballio

1194 1860 1357 1914 Uiginti
1390 1861 1527 1903 minis.
1556 1873 1622 1906 345

736 1941 1022 1985 Calidorus

137 1997 298 2051 Uiginti
330 1999 485 2040 minis?

793 2079 968 2121 Ballio

554 2150 706 2192 Utrum
737 2152 817 2199 uis.
850 2151 919 2193 uel
952 2156 1108 2205 quater
1140 2153 1279 2204 quinis
1309 2152 1447 2201 minis,

134 2221 259 2263 Militi
292 2221 566 2273 Macedoni03
602 2226 645 2264 et
676 2223 759 2264 iam
794 2223 1038 2277 quindecim
1071 2223 1210 2265 habeo
1242 2224 1392 2265 minas.

734 2300 1021 2345 Calidorus

136 2373 246 2424 Quid
279 2388 355 2428 ego
389 2388 439 2415 ex
471 2379 514 2416 te
547 2374 705 2416 audio‘?

785 2445 966 2488 Ballio

542 2518 642 2569 Hoc,
674 2518 855 2559 amicam
889 2523 1007 2559 tuam
1040 2532 1131 2560 esse
1164 2517 1322 2560 factam
1356 2521 1618 2571 argenteam.

224 2654 289 2687 338
314 2664 402 2697 ergo
432 2652 461 2688 C'
595 2658 756 2687 emortus
782 2651 829 2695 Β,
858 2658 1048 2688 emortuus
1077 2652 1104 2687 C
1242 2665 1382 2697 nequor
1409 2652 1444 2687 Β
1555 2654 1621 2687 339

136 2721 173 2744 re
199 2720 273 2743 non
300 2715 356 2744 est
381 2709 446 2744 BC
558 2709 594 2743 P.
622 2708 687 2752 Qui
716 2709 827 2743 dum‘?
857 2709 892 2744 C.
1017 2711 1084 2744 340
1109 2710 1189 2743 uius
1215 2709 1250 2743 Β
1367 2711 1428 2743 341
1458 2708 1494 2743 P.

133 2776 224 2810 rogo
249 2772 301 2800 est
328 2765 399 2801 BG
510 2768 575 2801 343
603 2767 673 2800 BA.
701 2777 767 2801 om.
885 2766 977 2800 abeo
1005 2766 1033 2801 C
1147 2767 1212 2800 344
1237 2767 1381 2800 testinis
1407 2765 1442 2800 Β
1555 2768 1622 2800 345

135 2822 361 2856 uendidisti‘?
388 2822 425 2856 Β.
452 2823 558 2857 ualde
653 2824 718 2858 346
744 2822 812 2856 CA.
839 2834 902 2858 om.
932 2822 960 2857 C
1057 2824 1122 2857 348
1149 2823 1218 2856 hoc
1244 2833 1308 2857 om.
