1963 3243
197 1002 423 1071 Pleusicles
462 1034 688 1071 adolescens
733 1034 876 1071 nobilis
916 1034 1170 1071 Atheniensis
1218 1033 1542 1071 Philocomasium

86 1105 330 1140 meretricem
352 1102 525 1148 amabat;
551 1102 618 1138 sed
644 1103 735 1139 dum
760 1104 817 1139 rei
834 1102 1000 1152 publieae
1018 1115 1134 1139 causa
1151 1102 1398 1152 Naupactum
1423 1102 1542 1153 profi-

86 1170 258 1216 ciscitur,
291 1170 610 1220 Pyrgopolinices
636 1170 756 1216 miles,
781 1184 899 1220 quum
926 1171 1031 1220 apud
1059 1172 1184 1208 lenam
1212 1172 1355 1220 puellae
1380 1176 1542 1209 matrem

87 1251 127 1275 se
165 1240 417 1285 insinuasset,
457 1253 528 1290 per
566 1239 742 1276 fraudem
782 1244 821 1276 et·
861 1240 937 1276 vim
969 1239 1300 1277 Philocomasium
1332 1241 1370 1276 in
1403 1254 1542 1277 navem

87 1307 252 1344 coniecit
276 1311 316 1345 et
331 1307 530 1358 Ephesum
556 1321 686 1346 secum
712 1307 889 1345 abduxit.
938 1306 1152 1354 Palaestrio,
1172 1307 1376 1346 Pleusiclis
1394 1322 1543 1353 servus,

87 1379 132 1412 ut
167 1376 238 1414 hoc
278 1376 373 1413 hero
419 1378 640 1423 nuntiaret,
689 1376 889 1426 profectus
929 1389 951 1412 a
988 1377 1131 1425 piratis
1171 1381 1311 1426 captus
1351 1382 1422 1414 est.
1496 1378 1543 1414 Hi

87 1443 379 1495 Pyrgopolinici
412 1459 498 1482 eum
531 1445 631 1482 dono
664 1445 868 1490 dederunt,
902 1445 941 1481 in
975 1445 1084 1481 cuius
1116 1445 1267 1482 aedibus
1292 1459 1410 1495 quum
1436 1448 1544 1496 puel-

87 1511 163 1549 lam
194 1513 409 1550 invenisset
441 1527 602 1563 eamque
635 1516 890 1563 comperisset
921 1512 1017 1549 nihil
1045 1514 1167 1560 magis
1193 1526 1334 1563 cupere
1360 1528 1474 1563 quam
1502 1520 1548 1553 ut

91 1580 264 1618 Athenas
302 1582 349 1618 ad
389 1583 561 1632 priorem
602 1587 817 1620 amatorem
857 1585 1143 1620 reverteretur.
1219 1583 1387 1631 epistola
1429 1585 1546 1621 inissa

91 1648 226 1687 herum
256 1649 455 1699 Ephesum
495 1652 712 1689 arcessivit.
773 1651 811 1687 Is
849 1649 898 1686 ad
940 1645 1302 1699 Periplecomenum
1334 1656 1544 1700 paternum

92 1716 285 1766 hospitem
325 1718 563 1766 devertitur,
605 1721 713 1757 cuius
752 1718 853 1756 aedes
892 1719 1032 1756 vieinae
1072 1723 1189 1768 atque
1222 1719 1320 1756 adeo
1353 1721 1546 1771 contiguae

94 1785 228 1824 militis
251 1786 399 1825 aedibus
427 1793 550 1826 erant.
598 1789 802 1826 Palaestrio
828 1789 1020 1824 communi
1044 1789 1194 1836 pariete
1219 1789 1397 1837 perfosso
1415 1803 1545 1827 aman-

92 1854 196 1892 tibus
227 1856 483 1893 conveniendi
516 1858 670 1906 copiam
701 1857 812 1902 facit3
846 1869 942 1905 quos
973 1855 1039 1892 ubi
1073 1857 1297 1895 osculantes
1320 1858 1422 1895 vidit
1445 1859 1547 1896 alter

94 1923 229 1961 militis
268 1938 422 1971 servus,
473 1938 520 1962 ne
558 1925 632 1963 hoc
671 1925 827 1962 domino
865 1925 1036 1970 nuntiet,
1075 1924 1229 1962 festivis
1269 1926 1370 1963 dolis
1412 1927 1545 1965 efficit.

94 1991 189 2030 Nam
221 1991 413 2043 gem‘inam
446 1993 725 2031 Philocomasii
757 2006 933 2030 sororem
965 1992 1163 2041 Ephesum
1195 1993 1396 2032 advenisse
1428 1997 1547 2032 simu-

95 2061 178 2098 lans
208 2062 457 2112 puellamque
488 2076 560 2112 per
590 2065 780 2112 parietem
805 2066 1073 2099 transeuntem
1099 2061 1215 2099 modo
1241 2062 1302 2100 hic
1326 2065 1442 2101 modo
1467 2065 1548 2102 illic

97 2129 307 2168 ostendens
347 2144 578 2168 conservum
620 2144 664 2168 eo
703 2130 905 2180 perducit,
939 2133 984 2167 ut
1022 2143 1098 2167 non
1131 2143 1246 2167 unam
1279 2132 1347 2169 sed
1379 2133 1476 2170 duas
1508 2147 1548 2170 se

95 2198 237 2237 vidisse
274 2199 420 2237 credat.
482 2199 558 2238 Sed
597 2204 641 2236 ut
677 2200 790 2237 miles
829 2199 1000 2248 puellam
1041 2212 1062 2235 a
1101 2212 1141 2235 se
1182 2199 1376 2249 dimittat,
1408 2202 1547 2239 fraude

97 2266 263 2304 efficitur
302 2268 348 2306 ad
389 2269 587 2318 ingenium
627 2270 710 2306 eius
748 2268 964 2318 aptissima.
1041 2266 1138 2304 Erat
1180 2270 1280 2305 enim
1322 2282 1443 2307 vanus
1483 2270 1549 2308 ille

97 2335 210 2374 homo
248 2336 403 2374 adulter
441 2337 676 2375 foedissimus
715 2349 927 2386 omnesque
968 2336 1149 2374 mulieres
1181 2338 1241 2373 sui
1272 2337 1434 2387 cupidas
1466 2352 1549 2376 esse

97 2406 270 2456 putabat.
316 2407 455 2456 Itaque
487 2419 571 2443 cum
598 2405 917 2455 Periplecomeno
949 2405 1153 2442 consilium
1186 2406 1317 2453 initur,
1350 2410 1395 2443 ut
1425 2421 1549 2445 mere-

97 2476 231 2512 tricem
270 2474 466 2524 quandam
504 2488 665 2512 uxorem
705 2487 814 2511 suam
847 2487 930 2510 esse
962 2474 1135 2520 simulet,
1177 2487 1222 2510 ea
1253 2478 1382 2512 autem
1417 2477 1550 2514 militis

99 2555 229 2580 amore
255 2557 294 2581 se
318 2544 447 2593 perire
470 2543 659 2580 simulans
684 2543 801 2580 anulo
828 2543 945 2580 misso
972 2555 1059 2579 eum
1085 2542 1134 2579 ad
1160 2556 1199 2579 se
1226 2538 1377 2581 invitet.
1426 2544 1550 2582 Homo

98 2612 347 2661 turpissimus
371 2611 441 2648 tali
467 2611 697 2648 adulatione
721 2611 836 2648 facile
862 2615 1012 2660 captus,
1038 2615 1083 2648 ut
1105 2623 1208 2648 novo
1234 2613 1358 2649 amori
1385 2626 1548 2650 vacuum

99 2680 223 2718 locum
250 2681 380 2725 faciat,
398 2680 725 2718 Philocomasium
744 2683 885 2728 sponte
902 2679 1068 2717 dimittit
1086 2680 1198 2716 donis
1216 2681 1377 2729 insuper
1394 2681 1550 2726 additis,

100 2750 184 2798 ipse
216 2751 360 2786 amoris
390 2748 570 2798 potiendi
603 2761 720 2785 causa
751 2749 867 2784 vieini
900 2749 1002 2785 aedes
1033 2749 1167 2784 intrat.
1216 2748 1299 2793 Quo
1331 2749 1435 2786 facto
1468 2763 1551 2787 cor-

103 2823 245 2872 ripitur
274 2827 310 2859 ot
342 2818 574 2857 verberatur
606 2830 676 2853 nec
709 2821 797 2852 ante
829 2817 1056 2861 dimittitur,
1090 2830 1204 2865 quam
1237 2830 1387 2853 summo
1413 2821 1552 2854 timore
