<?xml version="1.0" encoding="UTF-8"?>
<!DOCTYPE html PUBLIC "-//W3C//DTD XHTML 1.0 Transitional//EN"
    "http://www.w3.org/TR/xhtml1/DTD/xhtml1-transitional.dtd">
<html xmlns="http://www.w3.org/1999/xhtml" xml:lang="en" lang="en">
 <head>
  <title>
</title>
<meta http-equiv="Content-Type" content="text/html;charset=utf-8" />
  <meta name='ocr-system' content='tesseract 3.04.00' />
  <meta name='ocr-capabilities' content='ocr_page ocr_carea ocr_par ocr_line ocrx_word'/>
</head>
<body>
  <div class='ocr_page' id='page_1' title='image "./comoediaerecensu04plauuoft_0216.png"; bbox 0 0 1963 3243; ppageno 0'>
   <div class='ocr_carea' id='block_1_1' title="bbox 360 181 1804 229">
    <p class='ocr_par' dir='ltr' id='par_1_1' title="bbox 360 181 1804 229">
     <span class='ocr_line' id='line_1_1' title="bbox 360 181 1804 229; baseline 0.002 -11"><span class='ocrx_word' id='word_1_1' title='bbox 360 183 383 220; x_wconf 76' lang='lat'>2</span> <span class='ocrx_word' id='word_1_2' title='bbox 391 185 408 220; x_wconf 90' lang='grc'>1</span> <span class='ocrx_word' id='word_1_3' title='bbox 416 184 440 221; x_wconf 88' lang='lat' dir='ltr'>O</span> <span class='ocrx_word' id='word_1_4' title='bbox 1039 181 1160 216; x_wconf 79' lang='lat' dir='ltr'>Plauti</span> <span class='ocrx_word' id='word_1_5' title='bbox 1521 183 1564 228; x_wconf 81' lang='lat' dir='ltr'>V,</span> <span class='ocrx_word' id='word_1_6' title='bbox 1589 186 1621 229; x_wconf 84' lang='lat'>2,</span> <span class='ocrx_word' id='word_1_7' title='bbox 1648 187 1804 222; x_wconf 83' lang='lat'>95—104</span> 
     </span>
    </p>
   </div>
   <div class='ocr_carea' id='block_1_2' title="bbox 358 306 1218 433">
    <p class='ocr_par' dir='ltr' id='par_1_2' title="bbox 358 306 1218 433">
     <span class='ocr_line' id='line_1_2' title="bbox 959 306 1218 349; baseline 0 0"><span class='ocrx_word' id='word_1_8' title='bbox 959 306 1218 349; x_wconf 73' lang='lat' dir='ltr'>Charinus</span> 
     </span>
     <span class='ocr_line' id='line_1_3' title="bbox 358 377 1212 433; baseline 0.004 -15"><span class='ocrx_word' id='word_1_9' title='bbox 358 377 464 418; x_wconf 80' lang='lat' dir='ltr'>Nam</span> <span class='ocrx_word' id='word_1_10' title='bbox 499 379 567 419; x_wconf 86' lang='lat' dir='ltr'>hic</span> <span class='ocrx_word' id='word_1_11' title='bbox 599 379 712 433; x_wconf 88' lang='lat' dir='ltr'>quod</span> <span class='ocrx_word' id='word_1_12' title='bbox 747 378 865 420; x_wconf 85' lang='lat' dir='ltr'>dixit.</span> <span class='ocrx_word' id='word_1_13' title='bbox 898 379 939 419; x_wconf 87' lang='lat' dir='ltr'>id</span> <span class='ocrx_word' id='word_1_14' title='bbox 975 381 1212 421; x_wconf 82' lang='lat' dir='ltr'>mentitust.</span> 
     </span>
    </p>
   </div>
   <div class='ocr_carea' id='block_1_3' title="bbox 356 504 1802 802">
    <p class='ocr_par' dir='ltr' id='par_1_3' title="bbox 356 504 1802 802">
     <span class='ocr_line' id='line_1_4' title="bbox 945 504 1218 559; baseline 0.011 -15"><span class='ocrx_word' id='word_1_15' title='bbox 945 504 1218 559; x_wconf 85' lang='lat' dir='ltr'>Eutychus</span> 
     </span>
     <span class='ocr_line' id='line_1_5' title="bbox 1213 577 1802 632; baseline 0.007 -14"><span class='ocrx_word' id='word_1_16' title='bbox 1213 577 1328 619; x_wconf 83' lang='lat' dir='ltr'>Uera</span> <span class='ocrx_word' id='word_1_17' title='bbox 1360 578 1446 619; x_wconf 72' lang='lat' dir='ltr'>dixi</span> <span class='ocrx_word' id='word_1_18' title='bbox 1480 580 1678 632; x_wconf 82' lang='lat' dir='ltr'>equidem</span> <span class='ocrx_word' id='word_1_19' title='bbox 1709 581 1802 622; x_wconf 90' lang='lat' dir='ltr'>tibi.</span> 
     </span>
     <span class='ocr_line' id='line_1_6' title="bbox 953 678 1217 720; baseline 0.004 -1"><span class='ocrx_word' id='word_1_20' title='bbox 953 678 1217 720; x_wconf 83' lang='lat' dir='ltr'>Charinus</span> 
     </span>
     <span class='ocr_line' id='line_1_7' title="bbox 356 747 805 802; baseline 0.004 -14"><span class='ocrx_word' id='word_1_21' title='bbox 356 749 444 789; x_wconf 77' lang='lat' dir='ltr'>Iam</span> <span class='ocrx_word' id='word_1_22' title='bbox 477 747 663 802; x_wconf 77' lang='lat' dir='ltr'>Cyprum</span> <span class='ocrx_word' id='word_1_23' title='bbox 695 751 805 790; x_wconf 87' lang='lat' dir='ltr'>ueni.</span> 
     </span>
    </p>
   </div>
   <div class='ocr_carea' id='block_1_4' title="bbox 568 829 1803 957">
    <p class='ocr_par' dir='ltr' id='par_1_4' title="bbox 568 829 1803 957">
     <span class='ocr_line' id='line_1_8' title="bbox 945 829 1218 883; baseline 0.007 -14"><span class='ocrx_word' id='word_1_24' title='bbox 945 829 1218 883; x_wconf 82' lang='lat' dir='ltr'>Eutychus</span> 
     </span>
     <span class='ocr_line' id='line_1_9' title="bbox 568 902 1803 957; baseline 0.004 -16"><span class='ocrx_word' id='word_1_25' title='bbox 568 902 679 951; x_wconf 84' lang='lat' dir='ltr'>Quin</span> <span class='ocrx_word' id='word_1_26' title='bbox 713 915 907 954; x_wconf 77' lang='lat' dir='ltr'>sequere,</span> <span class='ocrx_word' id='word_1_27' title='bbox 941 906 990 942; x_wconf 93' lang='lat' dir='ltr'>ut</span> <span class='ocrx_word' id='word_1_28' title='bbox 1019 902 1138 943; x_wconf 83' lang='lat' dir='ltr'>illam</span> <span class='ocrx_word' id='word_1_29' title='bbox 1172 903 1335 951; x_wconf 85' lang='lat' dir='ltr'>uideas,</span> <span class='ocrx_word' id='word_1_30' title='bbox 1368 917 1494 956; x_wconf 84' lang='lat' dir='ltr'>quam</span> <span class='ocrx_word' id='word_1_31' title='bbox 1528 906 1707 957; x_wconf 82' lang='lat' dir='ltr'>expetis.</span> <span class='ocrx_word' id='word_1_32' title='bbox 1740 918 1803 950; x_wconf 79' lang='lat'>925</span> 
     </span>
    </p>
   </div>
   <div class='ocr_carea' id='block_1_5' title="bbox 355 1025 1216 1140">
    <p class='ocr_par' dir='ltr' id='par_1_5' title="bbox 355 1025 1216 1140">
     <span class='ocr_line' id='line_1_10' title="bbox 952 1025 1216 1068; baseline 0.004 -1"><span class='ocrx_word' id='word_1_33' title='bbox 952 1025 983 1067; x_wconf 91' lang='lat' dir='ltr'>C</span> <span class='ocrx_word' id='word_1_34' title='bbox 994 1027 1020 1067; x_wconf 92' lang='lat' dir='ltr'><strong>h</strong></span> <span class='ocrx_word' id='word_1_35' title='bbox 1032 1040 1087 1067; x_wconf 88' lang='lat' dir='ltr'>ar</span> <span class='ocrx_word' id='word_1_36' title='bbox 1097 1027 1109 1067; x_wconf 95' lang='lat' dir='ltr'>i</span> <span class='ocrx_word' id='word_1_37' title='bbox 1119 1042 1145 1068; x_wconf 89' lang='lat' dir='ltr'>n</span> <span class='ocrx_word' id='word_1_38' title='bbox 1158 1039 1181 1067; x_wconf 86' lang='lat' dir='ltr'>u</span> <span class='ocrx_word' id='word_1_39' title='bbox 1197 1042 1216 1068; x_wconf 86' lang='lat' dir='ltr'>s</span> 
     </span>
     <span class='ocr_line' id='line_1_11' title="bbox 355 1098 950 1140; baseline 0.002 -2"><span class='ocrx_word' id='word_1_40' title='bbox 355 1098 640 1140; x_wconf 77' lang='lat' dir='ltr'>Percontatus</span> <span class='ocrx_word' id='word_1_41' title='bbox 672 1113 758 1139; x_wconf 87' lang='lat' dir='ltr'>non</span> <span class='ocrx_word' id='word_1_42' title='bbox 789 1099 950 1140; x_wconf 89' lang='lat' dir='ltr'>inueni.</span> 
     </span>
    </p>
   </div>
   <div class='ocr_carea' id='block_1_6' title="bbox 944 1201 1599 1329">
    <p class='ocr_par' dir='ltr' id='par_1_6' title="bbox 944 1201 1599 1329">
     <span class='ocr_line' id='line_1_12' title="bbox 944 1201 1218 1254; baseline 0.007 -13"><span class='ocrx_word' id='word_1_43' title='bbox 944 1201 1218 1254; x_wconf 85' lang='lat' dir='ltr'>Eutychus</span> 
     </span>
     <span class='ocr_line' id='line_1_13' title="bbox 963 1274 1599 1329; baseline 0.003 -14"><span class='ocrx_word' id='word_1_44' title='bbox 963 1274 1115 1315; x_wconf 88' lang='lat' dir='ltr'>Matris</span> <span class='ocrx_word' id='word_1_45' title='bbox 1148 1276 1232 1315; x_wconf 87' lang='lat' dir='ltr'>iam</span> <span class='ocrx_word' id='word_1_46' title='bbox 1265 1275 1370 1316; x_wconf 86' lang='lat' dir='ltr'>iram</span> <span class='ocrx_word' id='word_1_47' title='bbox 1407 1275 1599 1329; x_wconf 73' lang='lat' dir='ltr'>neglego.</span> 
     </span>
    </p>
   </div>
   <div class='ocr_carea' id='block_1_7' title="bbox 351 1398 1766 1669">
    <p class='ocr_par' dir='ltr' id='par_1_7' title="bbox 351 1398 1766 1669">
     <span class='ocr_line' id='line_1_14' title="bbox 950 1398 1216 1441; baseline 0.004 -1"><span class='ocrx_word' id='word_1_48' title='bbox 950 1398 1216 1441; x_wconf 79' lang='lat' dir='ltr'>Charinus</span> 
     </span>
     <span class='ocr_line' id='line_1_15' title="bbox 351 1470 1746 1526; baseline 0.004 -17"><span class='ocrx_word' id='word_1_49' title='bbox 351 1470 485 1511; x_wconf 80' lang='lat' dir='ltr'>Porro</span> <span class='ocrx_word' id='word_1_50' title='bbox 518 1470 769 1523; x_wconf 86' lang='lat' dir='ltr'>proficiscor</span> <span class='ocrx_word' id='word_1_51' title='bbox 800 1472 1054 1526; x_wconf 83' lang='lat' dir='ltr'>quaesitum.</span> <span class='ocrx_word' id='word_1_52' title='bbox 1115 1471 1239 1513; x_wconf 88' lang='lat' dir='ltr'>Nunc</span> <span class='ocrx_word' id='word_1_53' title='bbox 1269 1474 1446 1525; x_wconf 87' lang='lat' dir='ltr'>perueni</span> <span class='ocrx_word' id='word_1_54' title='bbox 1480 1472 1746 1525; x_wconf 82' lang='lat' dir='ltr'>Chalcidem3</span> 
     </span>
     <span class='ocr_line' id='line_1_16' title="bbox 354 1541 1766 1598; baseline 0.004 -16"><span class='ocrx_word' id='word_1_55' title='bbox 354 1541 489 1582; x_wconf 88' lang='lat' dir='ltr'>Uideo</span> <span class='ocrx_word' id='word_1_56' title='bbox 522 1542 582 1583; x_wconf 85' lang='lat' dir='ltr'>ibi</span> <span class='ocrx_word' id='word_1_57' title='bbox 615 1542 831 1597; x_wconf 77' lang='lat' dir='ltr'>hospitem</span> <span class='ocrx_word' id='word_1_58' title='bbox 863 1543 1105 1597; x_wconf 79' lang='lat' dir='ltr'>Zacynth03</span> <span class='ocrx_word' id='word_1_59' title='bbox 1139 1544 1248 1591; x_wconf 79' lang='lat' dir='ltr'>dico,</span> <span class='ocrx_word' id='word_1_60' title='bbox 1282 1544 1383 1597; x_wconf 91' lang='lat' dir='ltr'>quid</span> <span class='ocrx_word' id='word_1_61' title='bbox 1417 1559 1466 1586; x_wconf 91' lang='lat' dir='ltr'>eo</span> <span class='ocrx_word' id='word_1_62' title='bbox 1498 1545 1766 1598; x_wconf 79' lang='lat' dir='ltr'>aduenerim3</span> 
     </span>
     <span class='ocr_line' id='line_1_17' title="bbox 355 1614 1758 1669; baseline 0.002 -15"><span class='ocrx_word' id='word_1_63' title='bbox 355 1614 521 1667; x_wconf 83' lang='lat' dir='ltr'>Rogito,</span> <span class='ocrx_word' id='word_1_64' title='bbox 555 1616 649 1668; x_wconf 91' lang='lat' dir='ltr'>quis</span> <span class='ocrx_word' id='word_1_65' title='bbox 682 1629 776 1656; x_wconf 87' lang='lat' dir='ltr'>eam</span> <span class='ocrx_word' id='word_1_66' title='bbox 809 1617 1017 1662; x_wconf 76' lang='lat' dir='ltr'>auexerit,</span> <span class='ocrx_word' id='word_1_67' title='bbox 1049 1617 1146 1669; x_wconf 88' lang='lat' dir='ltr'>quis</span> <span class='ocrx_word' id='word_1_68' title='bbox 1179 1615 1351 1661; x_wconf 80' lang='lat' dir='ltr'>habeat,</span> <span class='ocrx_word' id='word_1_69' title='bbox 1385 1617 1419 1657; x_wconf 90' lang='lat' dir='ltr'>si</span> <span class='ocrx_word' id='word_1_70' title='bbox 1452 1617 1758 1659; x_wconf 87' lang='lat' dir='ltr'>indaudiuerit.</span> 
     </span>
    </p>
   </div>
   <div class='ocr_carea' id='block_1_8' title="bbox 942 1740 1211 1795">
    <p class='ocr_par' dir='ltr' id='par_1_8' title="bbox 942 1740 1211 1795">
     <span class='ocr_line' id='line_1_18' title="bbox 942 1740 1211 1795; baseline -0.004 -13"><span class='ocrx_word' id='word_1_71' title='bbox 942 1740 1211 1795; x_wconf 86' lang='lat' dir='ltr'>Eutychus</span> 
     </span>
    </p>
   </div>
   <div class='ocr_carea' id='block_1_9' title="bbox 351 1811 1874 1866">
    <p class='ocr_par' dir='ltr' id='par_1_9' title="bbox 351 1811 1874 1866">
     <span class='ocr_line' id='line_1_19' title="bbox 351 1811 1874 1866; baseline 0.003 -15"><span class='ocrx_word' id='word_1_72' title='bbox 351 1811 461 1861; x_wconf 85' lang='lat' dir='ltr'>Quin</span> <span class='ocrx_word' id='word_1_73' title='bbox 507 1818 551 1852; x_wconf 86' lang='lat' dir='ltr'>tu</span> <span class='ocrx_word' id='word_1_74' title='bbox 598 1814 707 1854; x_wconf 88' lang='lat' dir='ltr'>istas</span> <span class='ocrx_word' id='word_1_75' title='bbox 753 1815 920 1855; x_wconf 82' lang='lat' dir='ltr'>omittis</span> <span class='ocrx_word' id='word_1_76' title='bbox 959 1826 1095 1866; x_wconf 86' lang='lat' dir='ltr'>nugas</span> <span class='ocrx_word' id='word_1_77' title='bbox 1135 1826 1186 1853; x_wconf 85' lang='lat' dir='ltr'>ac</span> <span class='ocrx_word' id='word_1_78' title='bbox 1228 1827 1394 1854; x_wconf 83' lang='lat' dir='ltr'>mecum</span> <span class='ocrx_word' id='word_1_79' title='bbox 1433 1813 1517 1854; x_wconf 89' lang='lat' dir='ltr'>huc</span> <span class='ocrx_word' id='word_1_80' title='bbox 1556 1815 1670 1855; x_wconf 88' lang='lat' dir='ltr'>intro</span> <span class='ocrx_word' id='word_1_81' title='bbox 1711 1828 1798 1855; x_wconf 57' lang='lat' dir='ltr'>ama</span> <span class='ocrx_word' id='word_1_82' title='bbox 1871 1835 1874 1838; x_wconf 94' lang='lat'>·</span> 
     </span>
    </p>
   </div>
   <div class='ocr_carea' id='block_1_10' title="bbox 1435 1885 1799 1931">
    <p class='ocr_par' dir='ltr' id='par_1_10' title="bbox 1435 1885 1799 1931">
     <span class='ocr_line' id='line_1_20' title="bbox 1435 1885 1799 1931; baseline 0.016 -6"><span class='ocrx_word' id='word_1_83' title='bbox 1435 1885 1586 1927; x_wconf 80' lang='lat' dir='ltr'>bulas?</span> <span class='ocrx_word' id='word_1_84' title='bbox 1733 1897 1799 1931; x_wconf 82' lang='lat'>930</span> 
     </span>
    </p>
   </div>
   <div class='ocr_carea' id='block_1_11' title="bbox 348 1980 1578 2107">
    <p class='ocr_par' dir='ltr' id='par_1_11' title="bbox 348 1980 1578 2107">
     <span class='ocr_line' id='line_1_21' title="bbox 942 1980 1209 2022; baseline -0.004 0"><span class='ocrx_word' id='word_1_85' title='bbox 942 1980 1209 2022; x_wconf 87' lang='lat' dir='ltr'>Charinus</span> 
     </span>
     <span class='ocr_line' id='line_1_22' title="bbox 348 2051 1578 2107; baseline 0.002 -15"><span class='ocrx_word' id='word_1_86' title='bbox 348 2051 516 2104; x_wconf 85' lang='lat' dir='ltr'>Hospes</span> <span class='ocrx_word' id='word_1_87' title='bbox 549 2053 774 2106; x_wconf 87' lang='lat' dir='ltr'>respondit</span> <span class='ocrx_word' id='word_1_88' title='bbox 805 2053 1013 2107; x_wconf 81' lang='lat' dir='ltr'>Zacynthi</span> <span class='ocrx_word' id='word_1_89' title='bbox 1045 2053 1148 2094; x_wconf 89' lang='lat' dir='ltr'>ficos</span> <span class='ocrx_word' id='word_1_90' title='bbox 1179 2052 1273 2094; x_wconf 89' lang='lat' dir='ltr'>fieri</span> <span class='ocrx_word' id='word_1_91' title='bbox 1305 2066 1388 2093; x_wconf 86' lang='lat' dir='ltr'>nou</span> <span class='ocrx_word' id='word_1_92' title='bbox 1421 2052 1578 2104; x_wconf 78' lang='lat' dir='ltr'>malas3</span> 
     </span>
    </p>
   </div>
   <div class='ocr_carea' id='block_1_12' title="bbox 343 2177 1790 2516">
    <p class='ocr_par' dir='ltr' id='par_1_12' title="bbox 343 2177 1790 2516">
     <span class='ocr_line' id='line_1_23' title="bbox 935 2177 1208 2231; baseline -0.004 -12"><span class='ocrx_word' id='word_1_93' title='bbox 935 2177 1208 2231; x_wconf 88' lang='lat' dir='ltr'>Eutychus</span> 
     </span>
     <span class='ocr_line' id='line_1_24' title="bbox 345 2249 730 2292; baseline 0.008 -3"><span class='ocrx_word' id='word_1_94' title='bbox 345 2249 461 2290; x_wconf 91' lang='lat' dir='ltr'>Nihil</span> <span class='ocrx_word' id='word_1_95' title='bbox 494 2251 730 2292; x_wconf 85' lang='lat' dir='ltr'>mentitust.</span> 
     </span>
     <span class='ocr_line' id='line_1_25' title="bbox 941 2330 1204 2371; baseline 0 0"><span class='ocrx_word' id='word_1_96' title='bbox 941 2330 1204 2371; x_wconf 84' lang='lat' dir='ltr'>Charinus</span> 
     </span>
     <span class='ocr_line' id='line_1_26' title="bbox 802 2402 1790 2452; baseline 0.001 -9"><span class='ocrx_word' id='word_1_97' title='bbox 802 2402 882 2443; x_wconf 85' lang='lat' dir='ltr'>Sed</span> <span class='ocrx_word' id='word_1_98' title='bbox 918 2404 968 2444; x_wconf 84' lang='lat' dir='ltr'>de</span> <span class='ocrx_word' id='word_1_99' title='bbox 1001 2405 1142 2444; x_wconf 86' lang='lat' dir='ltr'>amica</span> <span class='ocrx_word' id='word_1_100' title='bbox 1174 2417 1217 2444; x_wconf 84' lang='lat' dir='ltr'>se</span> <span class='ocrx_word' id='word_1_101' title='bbox 1251 2403 1548 2445; x_wconf 82' lang='lat' dir='ltr'>indaudiuisse</span> <span class='ocrx_word' id='word_1_102' title='bbox 1581 2406 1790 2452; x_wconf 83' lang='lat' dir='ltr'>autumat,</span> 
     </span>
     <span class='ocr_line' id='line_1_27' title="bbox 343 2474 775 2516; baseline 0.005 -2"><span class='ocrx_word' id='word_1_103' title='bbox 343 2474 423 2515; x_wconf 87' lang='lat' dir='ltr'>Hic</span> <span class='ocrx_word' id='word_1_104' title='bbox 455 2474 637 2516; x_wconf 86' lang='lat' dir='ltr'>Athenis</span> <span class='ocrx_word' id='word_1_105' title='bbox 671 2489 775 2516; x_wconf 86' lang='lat' dir='ltr'>esse.</span> 
     </span>
    </p>
   </div>
   <div class='ocr_carea' id='block_1_13' title="bbox 339 2621 1789 2836">
    <p class='ocr_par' dir='ltr' id='par_1_13' title="bbox 339 2621 1789 2836">
     <span class='ocr_line' id='line_1_28' title="bbox 431 2621 1787 2666; baseline 0 -9"><span class='ocrx_word' id='word_1_106' title='bbox 431 2624 498 2657; x_wconf 84' lang='lat'>924</span> <span class='ocrx_word' id='word_1_107' title='bbox 523 2623 594 2657; x_wconf 88' lang='lat' dir='ltr'>CH.</span> <span class='ocrx_word' id='word_1_108' title='bbox 621 2633 686 2658; x_wconf 85' lang='lat' dir='ltr'>om.</span> <span class='ocrx_word' id='word_1_109' title='bbox 792 2621 882 2656; x_wconf 86' lang='lat' dir='ltr'>Nam</span> <span class='ocrx_word' id='word_1_110' title='bbox 911 2622 946 2656; x_wconf 89' lang='lat' dir='ltr'>id</span> <span class='ocrx_word' id='word_1_111' title='bbox 973 2622 1071 2666; x_wconf 90' lang='lat' dir='ltr'>quod</span> <span class='ocrx_word' id='word_1_112' title='bbox 1098 2622 1126 2656; x_wconf 84' lang='lat' dir='ltr'><strong><em>C</em></strong></span> <span class='ocrx_word' id='word_1_113' title='bbox 1222 2623 1288 2656; x_wconf 83' lang='lat'>927</span> <span class='ocrx_word' id='word_1_114' title='bbox 1313 2622 1490 2658; x_wconf 82' lang='lat' dir='ltr'>calcidem</span> <span class='ocrx_word' id='word_1_115' title='bbox 1518 2621 1547 2656; x_wconf 86' lang='lat' dir='ltr'><strong><em>C</em></strong></span> <span class='ocrx_word' id='word_1_116' title='bbox 1642 2623 1708 2657; x_wconf 82' lang='lat'>928</span> <span class='ocrx_word' id='word_1_117' title='bbox 1732 2631 1787 2656; x_wconf 74' lang='lat' dir='ltr'>za-</span> 
     </span>
     <span class='ocr_line' id='line_1_29' title="bbox 340 2679 1789 2724; baseline -0.001 -9"><span class='ocrx_word' id='word_1_118' title='bbox 340 2682 448 2723; x_wconf 79' lang='lat' dir='ltr'>cynlo</span> <span class='ocrx_word' id='word_1_119' title='bbox 474 2680 538 2715; x_wconf 86' lang='lat' dir='ltr'>BG</span> <span class='ocrx_word' id='word_1_120' title='bbox 633 2682 699 2715; x_wconf 83' lang='lat'>929</span> <span class='ocrx_word' id='word_1_121' title='bbox 725 2679 856 2724; x_wconf 71' lang='lat' dir='ltr'>Cogito</span> <span class='ocrx_word' id='word_1_122' title='bbox 959 2680 1104 2714; x_wconf 77' lang='lat' dir='ltr'>uexerit</span> <span class='ocrx_word' id='word_1_123' title='bbox 1202 2680 1230 2712; x_wconf 86' lang='lat' dir='ltr'>si</span> <span class='ocrx_word' id='word_1_124' title='bbox 1256 2679 1308 2713; x_wconf 87' lang='lat' dir='ltr'>ibi</span> <span class='ocrx_word' id='word_1_125' title='bbox 1334 2679 1419 2713; x_wconf 87' lang='lat' dir='ltr'>inde</span> <span class='ocrx_word' id='word_1_126' title='bbox 1445 2679 1632 2714; x_wconf 78' lang='lat' dir='ltr'>audiuerit</span> <span class='ocrx_word' id='word_1_127' title='bbox 1722 2679 1789 2714; x_wconf 83' lang='lat'>930</span> 
     </span>
     <span class='ocr_line' id='line_1_30' title="bbox 341 2735 1786 2781; baseline -0.001 -10"><span class='ocrx_word' id='word_1_128' title='bbox 341 2737 429 2771; x_wconf 86' lang='lat' dir='ltr'>Cum</span> <span class='ocrx_word' id='word_1_129' title='bbox 456 2737 492 2772; x_wconf 91' lang='lat' dir='ltr'><strong><em>B</em></strong></span> <span class='ocrx_word' id='word_1_130' title='bbox 593 2748 735 2781; x_wconf 85' lang='lat' dir='ltr'>naugas</span> <span class='ocrx_word' id='word_1_131' title='bbox 763 2735 792 2771; x_wconf 85' lang='lat' dir='ltr'>C</span> <span class='ocrx_word' id='word_1_132' title='bbox 893 2737 955 2770; x_wconf 82' lang='lat'>931</span> <span class='ocrx_word' id='word_1_133' title='bbox 984 2748 1149 2780; x_wconf 76' lang='lat' dir='ltr'>zacynno</span> <span class='ocrx_word' id='word_1_134' title='bbox 1179 2735 1213 2777; x_wconf 78' lang='grc' dir='ltr'>Ο,</span> <span class='ocrx_word' id='word_1_135' title='bbox 1247 2735 1420 2770; x_wconf 82' lang='lat' dir='ltr'>zacintho</span> <span class='ocrx_word' id='word_1_136' title='bbox 1444 2735 1480 2769; x_wconf 90' lang='lat' dir='ltr'><strong><em>B</em></strong></span> <span class='ocrx_word' id='word_1_137' title='bbox 1599 2737 1665 2771; x_wconf 84' lang='lat'>932</span> <span class='ocrx_word' id='word_1_138' title='bbox 1689 2736 1786 2770; x_wconf 77' lang='lat' dir='ltr'>inau-</span> 
     </span>
     <span class='ocr_line' id='line_1_31' title="bbox 339 2793 1070 2836; baseline 0 -8"><span class='ocrx_word' id='word_1_139' title='bbox 339 2795 436 2828; x_wconf 84' lang='lat' dir='ltr'>disse</span> <span class='ocrx_word' id='word_1_140' title='bbox 462 2794 508 2836; x_wconf 83' lang='lat' dir='ltr'>B,</span> <span class='ocrx_word' id='word_1_141' title='bbox 534 2794 734 2829; x_wconf 68' lang='lat' dir='ltr'>inaudiisse</span> <span class='ocrx_word' id='word_1_142' title='bbox 760 2793 790 2828; x_wconf 87' lang='lat' dir='ltr'><strong><em>C</em></strong></span> <span class='ocrx_word' id='word_1_143' title='bbox 879 2798 1070 2828; x_wconf 75' lang='lat' dir='ltr'>autumant</span> 
     </span>
    </p>
   </div>
   <div class='ocr_carea' id='block_1_14' title="bbox 1806 0 1963 3243">
    <p class='ocr_par' dir='ltr' id='par_1_14' title="bbox 1806 0 1963 3243">
     <span class='ocr_line' id='line_1_32' title="bbox 1806 0 1963 3243; baseline 0 0"><span class='ocrx_word' id='word_1_144' title='bbox 1806 0 1963 3243; x_wconf 95' lang='lat' dir='ltr'> </span> 
     </span>
    </p>
   </div>
  </div>
 </body>
</html>
