1963 3243
95 229 124 273 I,
150 230 183 272 3,
214 229 298 263 1—’7
739 228 952 263 Pseudolus.
1537 235 1584 274 01

695 352 986 395 Calidorus

95 426 321 471 Pseudole.
354 440 435 468 non
470 426 597 468 audis
629 440 742 480 quac
776 425 844 468 hic
878 426 1102 479 loquitur?

690 520 992 563 Pseudolus

468 593 619 644 Audio,
651 607 734 641 ere,
769 592 969 646 equidem
1001 597 1133 646 atque
1165 594 1355 635 animum
1388 594 1588 636 aduorto.

695 686 985 729 Calidorus

94 759 204 810 Quid
237 759 339 801 mihi
372 773 416 801 es
448 764 601 802 auctor
632 760 732 801 huic
765 764 811 800 ut
845 760 1028 808 mittam,
1059 773 1112 800 ne
1144 760 1330 801 amicam
1356 759 1425 802 hic
1450 775 1590 803 meam

1115 832 1353 885 prostituat
1366 833 1385 873 ‘?

684 902 992 945 Pseudolus

91 975 209 1018 Nihil
226 976 435 1027 curassis;
466 974 632 1029 liquido
658 989 701 1017 es
719 976 883 1026 anin103
917 989 995 1028 ego
1014 989 1091 1029 pro
1112 990 1178 1018 me
1197 981 1240 1018 et
1258 990 1335 1030 pro
1353 981 1396 1018 te
1413 976 1588 1027 curabo,

91 1047 182 1090 Iam
224 1048 296 1089 diu
336 1062 415 1102 ego
455 1047 554 1089 huic
590 1047 695 1089 bene
736 1053 777 1089 et
809 1047 879 1089 hic
911 1048 1014 1089 mihi
1047 1048 1269 1100 uolumus3
1313 1061 1364 1090 ea
1396 1049 1588 1091 amicitia

1114 1124 1181 1161 est
1213 1121 1418 1174 antiqua3

91 1191 262 1234 Mittam
293 1192 422 1234 hodie
461 1191 560 1233 huic
602 1206 679 1233 suo
719 1192 854 1233 natali
896 1191 963 1233 die
998 1191 1157 1234 malam
1188 1206 1279 1233 rem
1312 1205 1512 1245 magnam
1547 1197 1590 1234 et

1113 1269 1342 1306 maturam.
1522 1276 1590 1310 235

690 1335 985 1378 Calidorus

91 1408 202 1459 Quid
235 1423 344 1463 opus
377 1408 474 1450 est?

679 1480 988 1522 Pseudolus

361 1552 486 1594 Potin
519 1552 650 1594 aliam
681 1567 770 1594 rem
803 1559 851 1594 ut
883 1553 1036 1594 cures?

692 1631 986 1674 Calidorus

1036 1705 1089 1745 At

686 1776 989 1819 Pseudolus

1082 1847 1177 1890 Bat.

692 1919 983 1962 Calidorus

1177 1991 1367 2034 Crucior.

686 2065 999 2107 Pseudolus

1351 2135 1435 2178 Cor
1468 2135 1587 2178 dura.

693 2207 984 2251 Calidorus

91 2279 183 2322 Non
216 2294 403 2334 possum.

689 2352 988 2394 Pseudolus

363 2424 450 2465 Fac
483 2424 635 2478 possis.

202 2581 345 2617 Novam
369 2593 515 2618 scenam
537 2582 719 2627 incipiunt
744 2582 826 2618 BC.
860 2583 917 2618 hic
950 2582 1070 2626 spatio
1095 2583 1235 2624 relicto,
1267 2582 1327 2617 ille
1360 2591 1440 2616 cum
1465 2581 1591 2617 titulo.-

92 2636 365 2674 CALIDORUS
391 2639 712 2675 ADULESCENS
815 2638 1098 2674 PSEUDOLUS
1128 2638 1315 2674 SERVUS
1412 2636 1589 2672 BALLIO

91 2693 267 2787 {3361
293 2764 375 2788 cere
399 2752 469 2788 BC
536 2755 602 2789 233
629 2724 725 2788 Pene
752 2752 912 2788 curassis
938 2752 1006 2786 BC
1076 2753 1143 2787 234
1168 2753 1258 2787 mihi
1284 2751 1344 2787 hic
1371 2751 1530 2786 nolimus
1557 2752 1590 2785 A

182 2813 218 2843 et
320 2811 386 2844 235
411 2809 558 2845 Mittam
585 2821 655 2855 ego
681 2810 791 2845 hodie
818 2810 851 2843 A
957 2809 1016 2844 die
1041 2809 1180 2843 natalio
1207 2808 1252 2852 B,
1280 2809 1338 2844 die
1363 2808 1537 2844 natalicio
1565 2807 1593 2843 C
