1963 3243
341 150 418 189 136
999 149 1122 184 Plauti
1540 149 1569 193 Ι,
1597 151 1627 195 1,
1651 153 1786 187 67-92

335 272 508 320 Urbem,
542 279 672 329 atque
705 275 920 327 extemplo
952 275 1062 323 inde,
1095 281 1142 316 ut
1173 276 1463 329 spectauisset
1494 276 1698 330 peplum„

337 345 424 386 Rus
456 360 627 387 rursum
659 345 886 387 confestim
917 347 1030 399 exigi
1062 347 1234 388 solitum
1267 361 1292 389 a
1323 354 1459 400 patre.

336 415 403 457 Ibi
436 416 570 457 multo
601 417 833 471 plurimum
866 432 910 459 se
942 417 1221 460 familiarium

336 488 642 536 Laborauisse,
675 502 805 541 quom
837 488 944 530 haec
975 495 1100 543 pater
1130 491 1210 532 sibi
1245 491 1425 532 diceret:
1746 505 1789 537 70

337 560 434 601 Tibi
465 574 578 610 aras,
610 560 692 601 tibi
723 574 864 609 occas,
897 561 976 602 tibi
1009 562 1127 611 seris,
1158 562 1239 603 tibi
1270 563 1374 603 item
1405 567 1563 615 metes;

337 631 435 673 Tibi
467 631 651 685 denique
683 633 780 673 istic
811 633 952 686 pariet
982 633 1196 674 laetitiam
1227 634 1362 675 labos.

337 703 574 757 Postquam
606 709 797 745 recesset
828 705 922 745 uita
954 705 1094 758 patrio
1126 719 1317 759 corpore,

339 776 496 828 Agrum
529 790 574 817 se
606 775 850 817 uendidisse
883 781 1013 829 atque
1045 791 1095 818 ea
1128 778 1312 830 pecunia

337 848 518 899 Nauem,
550 854 756 889 metretas
788 862 898 902 quae
930 853 1145 889 trecentas
1177 849 1362 899 tolleret,
1747 863 1791 895 ‘75

337 919 516 960 Parasse
549 924 681 973 atque
712 920 799 961 isse
830 920 984 961 mercis
1014 925 1236 962 uectatum
1267 920 1455 974 undique

339 991 457 1032 Adeo
490 991 602 1043 dum,
634 1005 743 1044 quae
775 996 866 1032 tum
899 991 1091 1043 haberet,
1124 994 1365 1047 peperisset
1395 993 1522 1034 bo‘na.

338 1063 406 1104 Me
438 1063 550 1105 idem
584 1063 747 1114 decere,
781 1065 816 1106 si
848 1068 896 1105 ut
928 1063 1101 1106 deceret
1131 1079 1197 1106 me
1229 1065 1377 1106 forem.

340 1135 431 1189 Ego
465 1150 530 1177 me
562 1136 636 1177 ubi
667 1137 855 1178 inuisum
889 1151 982 1178 meo
1015 1138 1128 1191 patri
1162 1151 1256 1178 esse
1288 1137 1508 1189 intellego,

338 1209 478 1261 Atque
510 1209 606 1250 odio
640 1222 705 1250 me
737 1223 839 1259 esse,
873 1209 974 1263 quoi
1006 1209 1178 1263 placere
1211 1223 1393 1262 aequom
1426 1209 1521 1259 fuit,
1749 1220 1793 1253 80

340 1282 496 1322 Amens
528 1295 763 1335 amansque
796 1283 840 1322 ui
872 1283 1060 1322 animum
1095 1281 1262 1323 offirmo
1295 1296 1449 1323 meum.

340 1354 444 1394 Dico
477 1367 571 1394 esse
603 1353 765 1394 iturum
798 1368 864 1395 me
897 1358 1147 1404 mercatum,
1179 1354 1213 1395 si
1245 1353 1372 1405 uelit3

339 1427 536 1466 Amorem
570 1426 746 1467 missum
779 1425 924 1467 facere
957 1440 1034 1477 me,
1067 1426 1167 1467 dum
1198 1426 1261 1467 illi
1293 1425 1521 1479 obsequar.

341 1498 438 1551 Agit
469 1498 635 1550 gratias
668 1497 770 1538 mihi
804 1502 936 1551 atque
967 1498 1187 1551 ingenium
1218 1497 1429 1539 adlaudat
1460 1512 1612 1548 meum,

341 1570 424 1611 Sed
456 1583 550 1610 mea
582 1569 796 1623 promissa
827 1584 910 1610 non
944 1570 1133 1623 neglexit
1164 1570 1375 1624 persequi.
1747 1579 1792 1612 85

340 1641 549 1682 Aedificat
580 1655 735 1683 nauem
767 1655 991 1683 cercurum
1023 1647 1065 1683 et
1096 1642 1247 1683 mercis
1280 1643 1401 1693 emit3

339 1714 500 1755 Parata
532 1715 633 1755 naui
664 1715 853 1767 inponit3
887 1719 1116 1768 praeterea
1146 1715 1250 1756 mihi

338 1786 567 1828 Talentum
600 1787 768 1838 argenti
799 1787 920 1839 ipsus
953 1800 1032 1828 sua
1063 1787 1321 1829 adnumerat
1353 1801 1502 1838 manu3

341 1858 520 1900 Seruom
553 1872 640 1899 una
671 1858 815 1909 mittit,
849 1859 922 1911 qui
954 1858 1055 1899 olim
1090 1874 1224 1913 puero
1257 1859 1437 1913 paruolo

340 1931 445 1972 Mihi
478 1931 754 1984 paedagogus
785 1929 938 1981 fuerat,
971 1932 1097 1985 quasi
1129 1932 1193 1973 uti
1226 1931 1328 1972 mihi
1358 1931 1470 1972 foret
1748 1940 1793 1973 90

341 2003 506 2044 Custos.
568 2003 645 2044 His
679 2004 739 2044 sic
771 2003 977 2044 confectis
1008 2018 1163 2045 nauem
1195 2004 1411 2055 soluimus,

343 2075 539 2117 Rhodum
573 2076 783 2126 uenimus,
814 2076 904 2126 ubi,
937 2089 1045 2129 quas
1078 2090 1240 2117 merces
1272 2090 1486 2125 uexeram,

430 2253 474 2286 68
498 2262 624 2285 rusum
648 2249 684 2284 Β
799 2249 913 2294 exigit
1027 2251 1071 2284 69
1094 2250 1161 2284 Ibo
1189 2250 1218 2286 G
1329 2251 1488 2294 primum
1602 2250 1647 2282 70
1671 2248 1794 2282 Labor

341 2312 461 2354 agisse
486 2317 545 2354 qm
570 2308 605 2342 B
702 2309 743 2341 71
771 2317 926 2341 occasus
950 2305 996 2349 B,
1022 2308 1163 2342 occasis
1189 2307 1218 2342 0
1308 2309 1378 2342 eris
1402 2307 1438 2342 B
1538 2307 1659 2341 eidem
1683 2307 1793 2341 metis

430 2369 474 2402 72
497 2366 560 2400 isti
586 2365 619 2399 B
710 2365 827 2399 babos
856 2363 884 2398 0
974 2365 1017 2398 73
1041 2365 1196 2399 recessit
1288 2376 1445 2409 corpora
1468 2365 1503 2398 B
1595 2365 1640 2398 74
1664 2362 1793 2398 uendi-

341 2426 456 2459 disset
482 2424 515 2458 B
609 2425 719 2464 atque
746 2432 766 2453 a
791 2420 820 2454 Ο
910 2421 953 2454 75
978 2420 1107 2455 Nauim
1134 2422 1162 2457 C
1250 2423 1293 2457 76
1314 2422 1488 2456 parasset
1580 2427 1622 2455 ea
1646 2431 1793 2464 semper

341 2484 411 2517 scis
439 2481 484 2520 B,
511 2488 553 2515 ea
579 2478 776 2522 sempercis
804 2477 834 2512 0
928 2483 1074 2512 nectara
1101 2478 1129 2513 Ο
1217 2480 1260 2514 77
1286 2483 1456 2522 questum
1556 2478 1741 2522 peperisse
1768 2476 1798 2512 C'

431 2541 474 2573 78
507 2538 649 2572 diceret
679 2535 708 2568 si
743 2539 783 2568 ut
810 2534 950 2568 diceret
1042 2537 1085 2569 79
1111 2540 1210 2570 esset
1234 2535 1269 2570 B
1361 2537 1406 2568 80
1429 2534 1543 2568 hodio
1569 2533 1604 2568 B
1698 2539 1794 2568 esset

342 2608 399 2630 me
424 2596 469 2638 B,
497 2607 575 2630 esse
601 2606 658 2629 me
686 2595 716 2630 Ο
803 2594 901 2638 quod
928 2594 1090 2638 placeret
1183 2595 1225 2627 81
1253 2591 1473 2635 amasqueB
1566 2596 1607 2624 ut.
1631 2591 1792 2624 animum

433 2655 477 2687 82
502 2652 647 2686 essetB
740 2657 921 2686 mercatus
937 2650 972 2685 B
1064 2652 1108 2684 85
1134 2662 1207 2684 non
1235 2648 1412 2683 excleitB
1494 2648 1537 2680 86
1562 2647 1722 2681 nauimC

343 2711 628 2751 gubernatorum
654 2708 699 2752 B,
726 2708 868 2750 geraris
893 2707 922 2741 Ο
1011 2707 1141 2740 mercis
1168 2717 1230 2740 sue
1256 2705 1291 2740 Β
1383 2706 1426 2738 87
1453 2704 1649 2738 Pan-auaui
1669 2703 1704 2738 B

342 2770 386 2802 &8
412 2767 490 2811 ipse
585 2766 804 2801 abuumerat
896 2765 939 2798 89
966 2774 1060 2797 uana
1084 2763 1118 2797 B
1211 2764 1253 2797 91
1278 2763 1367 2796 isset
1461 2761 1583 2795 neuim
1611 2759 1639 2796 C
