1963 3243
121 1005 310 1070 Pseudoli
342 1037 613 1082 argumentum
647 1033 718 1069 hoc
751 1037 821 1070 est.
883 1032 1090 1070 Calidorus
1115 1033 1339 1070 adolescens
1365 1033 1614 1071 Phoenicium

122 1106 227 1139 amat
263 1102 509 1138 meretricem
550 1100 719 1138 Ballioni
769 1102 899 1138 lenoni
941 1102 1187 1138 servientem.
1264 1100 1300 1137 Is
1347 1115 1430 1138 eam
1478 1103 1616 1150 viginti

122 1171 236 1207 minis
267 1170 385 1206 militi
417 1169 568 1206 cuidam
603 1168 781 1205 vendidit
812 1169 867 1206 ita
897 1174 952 1213 ut,
987 1182 1105 1218 quum
1134 1169 1357 1218 quindecim
1381 1170 1494 1206 minae
1518 1183 1616 1218 prae·

121 1243 249 1276 sentes
280 1242 495 1274 numeratae
527 1242 675 1283 essent,
717 1238 770 1282 ei,
809 1239 874 1286 qui
907 1236 1123 1285 symbolum
1158 1237 1293 1274 militis
1325 1251 1412 1274 cum
1443 1239 1616 1287 quinque

121 1305 285 1355 reliquis
323 1304 500 1348 afferret,
546 1305 677 1354 puella
713 1305 912 1342 tradenda
955 1311 1067 1342 esset.
1146 1304 1224 1341 Hae
1257 1305 1304 1341 de
1336 1319 1377 1341 re
1410 1304 1616 1342 Calidorus

121 1373 170 1412 ab
200 1374 323 1411 amica
353 1385 426 1422 per
457 1373 664 1422 epistolam
698 1375 844 1410 certior
874 1373 999 1410 factus
1039 1375 1209 1410 animum
1238 1363 1485 1422 despondet,
1526 1373 1617 1410 dum

121 1443 157 1479 ei
194 1441 414 1479 Pseudolus
453 1454 590 1478 servus
627 1441 857 1491 pollicetur,
905 1455 945 1478 se
987 1443 1127 1488 viginti
1167 1443 1290 1479 minas
1331 1442 1463 1491 aliquo
1503 1441 1618 1478 modo

122 1513 441 1560 comparaturum
472 1516 515 1546 ut
548 1509 720 1560 puellam
751 1511 835 1560 ipse
866 1510 974 1558 prior
1005 1516 1121 1546 emat.
1194 1509 1267 1546 Sed
1301 1523 1416 1559 quem
1447 1511 1616 1559 primum

121 1591 376 1628 aggressurus
425 1581 529 1623 erat,
585 1577 691 1614 Simo
739 1577 912 1615 Calidori
965 1582 1081 1626 pater
1126 1591 1258 1614 amore
1303 1576 1372 1614 filii
1415 1583 1615 1625 comperto

121 1660 272 1685 servum
313 1647 510 1696 increpat,
557 1659 596 1682 se
629 1645 788 1695 quidem
827 1653 1034 1683 cauturum
1073 1659 1156 1682 esse
1197 1645 1414 1691 affirmans,
1464 1659 1510 1682 ne
1541 1645 1614 1682 sibi

121 1715 335 1765 quidquam
367 1715 579 1752 auferatur.
641 1713 711 1751 Cui
745 1713 960 1750 Pseudolus
992 1712 1232 1751 confidenter
1263 1714 1474 1763 respondet
1505 1727 1545 1750 se
1577 1718 1615 1750 et

121 1782 193 1820 hoc
223 1783 416 1820 facturum
458 1787 496 1819 et
534 1786 623 1819 aute
663 1795 866 1832 vesperam
907 1782 1079 1830 puellam
1117 1795 1137 1818 a
1169 1782 1307 1818 lenone
1339 1782 1614 1828 abducturum

122 1849 227 1888 Simo
258 1857 402 1897 autem,
434 1851 507 1888 hoc
539 1852 570 1888 si
601 1851 756 1895 fecerit,
795 1851 935 1898 viginti
967 1850 1088 1887 minas
1121 1850 1327 1898 stipulanti
1361 1851 1543 1887 daturum
1575 1863 1614 1886 se

120 1921 331 1970 promittit.
407 1919 509 1956 Dum
541 1931 682 1956 avarus
714 1932 843 1964 senex,
887 1932 931 1954 ue
964 1919 1128 1967 pignore
1159 1918 1362 1956 multetur.
1405 1917 1501 1955 hanc
1533 1931 1614 1954 rem

120 1987 250 2024 lenoni
283 1992 429 2033 narrat,
468 2001 545 2036 quo
578 1988 798 2024 accuratius
830 1989 977 2029 caveat,
1012 1985 1228 2023 Pseudolus
1260 1992 1389 2022 autem
1423 1986 1496 2022 sibi
1520 1999 1612 2022 con-

121 2055 212 2093 silia
251 2056 413 2104 quaerit,
462 2055 619 2104 Harpax
659 2055 794 2091 militis
833 2067 968 2091 servus
1009 2054 1169 2091 advenit
1200 2067 1283 2090 cum
1327 2053 1490 2102 epistola
1531 2052 1612 2090 heri

120 2123 293 2174 puellam
323 2137 344 2160 a
376 2123 513 2161 lenone
544 2125 752 2174 petiturus
828 2122 873 2159 Ei
916 2121 1148 2166 Pseudolus,
1192 2122 1343 2158 lenonis
1382 2134 1421 2157 se
1460 2133 1612 2157 servum

121 2203 205 2229 esse
235 2191 435 2235 simulans,
467 2191 684 2228 Ballionem
716 2203 791 2227 non
824 2190 928 2227 domi
961 2202 1044 2227 esse
1077 2195 1223 2235 narrat,
1265 2189 1508 2238 epistolaque
1540 2188 1613 2225 sibi

120 2259 268 2296 tradita
313 2273 399 2296 eum
447 2260 552 2297 iubet
589 2263 678 2309 post
723 2259 884 2308 aliquod
925 2264 1100 2308 tempus,
1148 2270 1266 2306 quum
1310 2258 1347 2294 iu
1394 2256 1614 2293 diversorio

38 2318 75 2339 ''
121 2328 380 2376 requieverit,
428 2329 558 2365 redire
603 2332 646 2364 ut
684 2327 823 2363 solutis
862 2328 1035 2375 quinque
1075 2326 1186 2362 minis
1227 2325 1400 2374 puellam
1431 2324 1612 2361 abducat.

121 2394 281 2432 Interim
329 2395 377 2432 ab
423 2397 546 2432 amico
594 2395 676 2431 heri
717 2400 755 2430 et
793 2395 965 2443 quinque
1005 2394 1115 2430 minae
1160 2394 1194 2429 ei
1232 2392 1538 2441 suppeditantur
1575 2396 1613 2429 et

120 2475 256 2500 servus
287 2463 445 2512 quidam
481 2462 665 2503 callidus.
706 2463 773 2512 qui
804 2462 963 2499 milit-ari
996 2466 1135 2498 ornat-u
1168 2461 1384 2497 instructus
1416 2472 1501 2496 cum
1534 2460 1613 2508 epi-

122 2531 223 2567 stola
262 2531 400 2568 militis
439 2537 477 2567 et
514 2532 687 2580 quinque
727 2531 839 2567 minis
879 2530 926 2565 ad
967 2529 1141 2566 lenonem
1180 2529 1317 2564 missus
1356 2527 1526 2575 puellam
1565 2527 1612 2563 ab

122 2611 167 2635 eo
198 2600 343 2648 accipit
373 2605 412 2635 et
443 2599 490 2636 ad
524 2602 738 2635 amatorem
768 2597 962 2646 perducit.
1025 2595 1094 2632 His
1127 2598 1201 2631 iam
1239 2595 1351 2631 factis
1383 2594 1469 2631 leno
1502 2594 1613 2631 laetus

123 2665 272 2704 Simoni
302 2669 459 2704 nuntiat
490 2666 725 2703 Pseudolum
759 2666 833 2700 iam
867 2666 1011 2700 victum
1044 2675 1138 2701 esse.
1172 2669 1208 2699 et
1235 2665 1298 2699 vix
1324 2661 1500 2698 credenti
1532 2663 1614 2712 ipse

121 2735 262 2782 viginti
293 2736 416 2772 minas
446 2735 667 2783 pollicetur,
700 2734 731 2769 si
758 2745 835 2769 non
862 2733 916 2768 ita
939 2733 1002 2767 sit.
1063 2730 1162 2767 Ecce
1189 2743 1303 2766 verus
1323 2729 1481 2779 Harpax
1501 2720 1611 2767 'veuit

120 2803 292 2852 puellam
314 2807 470 2851 petens;
502 2802 630 2838 omnia
647 2798 838 2850 patefiunt
871 2803 912 2836 et
942 2799 1027 2836 leno
1054 2799 1168 2835 militi
1195 2797 1358 2846 decepto
1391 2798 1612 2847 quindecim
