1963 3243
97 202 145 247 11,
171 204 201 246 2,
228 202 366 237 41—60
663 199 770 234 Miles
797 199 994 245 gloriosus,
1512 203 1558 241 17

669 326 976 368 Palaestrio

984 398 1214 452 Paulisper
1244 403 1354 446 tace,

100 474 206 514 Dum
233 487 311 525 ego
337 472 437 513 mihi
463 471 645 513 consilia
670 472 711 511 in
737 470 925 511 animum
952 483 1146 511 conuoco
1172 475 1215 511 et
1247 470 1346 510 dum
1381 469 1558 510 consulo

97 544 205 595 Quid
232 558 370 596 again,
395 558 519 598 quem
548 542 692 584 dolum
719 541 868 582 doloso
897 545 1049 582 contra
1074 555 1282 582 conseruo
1309 554 1466 594 parem,
1494 552 1561 584 200

98 616 178 666 Qui
212 616 329 657 illam
363 615 430 656 hic
463 615 574 656 uidit
597 613 878 663 osculantem,
912 612 954 654 id
980 614 1120 654 uisum
1146 618 1194 654 ut
1218 626 1270 653 ne
1295 612 1435 653 uisum
1463 613 1557 652 siet.

586 743 1067 797 Periplecomenus

96 816 284 867 Quaere3
303 830 380 866 ego
392 816 491 857 hinc
504 816 754 857 abscessero
767 814 846 856 abs
863 819 905 856 te
922 814 1006 856 huc
1023 815 1207 855 interim.
1241 814 1349 855 Illuc
1367 815 1426 855 sis
1445 814 1558 864 uide,

96 887 230 938 Quem
263 888 318 929 ad
351 888 526 929 modum
558 887 731 929 adstitit
763 901 915 929 seuero
949 888 1089 928 fronte
1129 900 1301 937 curans,
1342 888 1556 940 cogitans.

96 960 252 1002 Pectus
285 959 430 1013 digitis
463 959 628 1013 pultat3
661 973 735 1001 cor
767 959 896 1000 credo
929 963 1211 1000 euocaturust
1241 959 1371 1001 foras.

95 1033 206 1074 Ecce
223 1034 388 1074 auertit
407 1033 544 1073 nisus:
564 1032 691 1073 laeuo
709 1033 751 1072 in
770 1030 926 1072 femine
943 1031 1077 1072 habet
1093 1031 1264 1072 laeuam
1283 1045 1471 1082 manum,
1490 1043 1557 1076 205

94 1105 283 1146 Dextera
314 1104 459 1157 digitis
490 1105 700 1146 rationem
732 1107 953 1156 conputat.
1018 1103 1134 1144 Ferit
1165 1102 1304 1145 femur

94 1177 341 1219 Dexterum.
402 1177 470 1218 lta
502 1176 784 1218 uehementer
807 1177 903 1217 icit:
935 1177 1050 1230 quod
1075 1181 1177 1228 agat
1201 1190 1328 1226 aegre
1354 1177 1557 1230 suppetit.

93 1248 355 1303 Concrepuit
387 1248 553 1301 digitis;
585 1248 770 1298 laborat,
804 1248 955 1290 crebro
990 1252 1212 1289 conmutat
1244 1255 1397 1291 status.

93 1322 253 1363 Eccere
286 1326 432 1362 autem
465 1322 607 1375 capite
640 1326 788 1372 nutat3
822 1335 906 1362 non
940 1320 1086 1375 placet
1117 1319 1235 1374 quod
1267 1322 1471 1375 repperit.

93 1394 311 1447 Quidquid
328 1400 408 1443 est,
427 1395 647 1435 incoctum
665 1408 749 1435 nou
768 1397 1006 1446 expromat,
1023 1392 1132 1433 bene
1150 1398 1321 1434 coctum
1341 1393 1474 1434 dabit.
1492 1404 1559 1437 210

94 1466 204 1508 Ecce
236 1472 380 1509 autem
412 1464 634 1518 aedificat3
665 1465 910 1507 columnam
942 1470 1088 1506 mento
1119 1465 1282 1518 suffigit
1313 1480 1405 1507 suo.

91 1541 252 1594 Apage,
284 1553 371 1581 uon
403 1538 547 1592 placet
578 1537 775 1592 profecto
807 1537 912 1579 mihi
943 1537 1071 1578 illaec
1101 1536 1368 1588 aedificati03

91 1610 199 1652 Nam
233 1625 280 1652 os
312 1611 610 1652 columnatum
642 1615 800 1664 poetae
831 1624 928 1652 esse
960 1609 1110 1651 audiui
1142 1609 1347 1658 barbaro,

93 1683 202 1734 Quoi
237 1684 323 1725 bini
354 1683 558 1725 custodes
590 1696 759 1736 semper
789 1683 895 1724 totis
927 1681 1045 1723 horis
1077 1682 1305 1724 occubant.

93 1755 223 1809 Euge,
254 1755 482 1798 euscheme
507 1754 651 1796 hercle
676 1755 851 1796 adstitit
878 1760 921 1796 et
945 1754 1087 1796 dulice
1120 1760 1164 1796 et
1194 1756 1456 1797 comoedice.
1488 1766 1555 1799 215

90 1827 337 1883 Numquam
369 1827 498 1869 hodie
530 1828 725 1882 quiescet
766 1827 884 1880 prius
923 1841 1055 1881 quam
1095 1827 1138 1868 id
1170 1827 1286 1882 quod
1319 1829 1430 1881 petit
1461 1842 1555 1881 per-

1189 1899 1350 1941 fecerit.

92 1972 248 2024 Habet,
282 1973 446 2026 opinor.
481 1972 595 2026 'Age,
628 1973 663 2014 si
689 1972 793 2026 quid
825 1973 939 2024 agis3
970 1971 1116 2026 uigila,
1147 1986 1202 2013 ne
1234 1986 1384 2014 somno
1417 1972 1555 2023 stude,

186 2132 250 2166 198
273 2136 374 2166 tacet
458 2133 522 2166 199
543 2132 628 2166 dum
647 2141 713 2167 om.
738 2130 768 2166 G
845 2132 912 2166 200
933 2142 1116 2167 conserua
1136 2130 1207 2166 BG
1283 2133 1346 2166 201
1373 2132 1404 2166 it
1428 2131 1554 2166 uidum

91 2189 128 2224 Β
220 2194 261 2223 ut
285 2199 350 2224 om.
375 2189 411 2222 A
503 2201 562 2224 me
586 2189 657 2225 ΒΟ
747 2190 794 2224 sit
817 2189 888 2224 BC
982 2190 1050 2223 202
1075 2188 1196 2232 Quare
1220 2188 1267 2233 B,
1293 2188 1411 2232 Quere
1439 2189 1468 2224 0

92 2248 215 2281 interii
240 2244 271 2280 C
369 2246 468 2280 illius
495 2245 542 2283 Β,
578 2246 631 2281 illi
656 2247 687 2282 is
715 2246 744 2282 G
844 2248 909 2281 203
942 2246 1088 2280 abstitit
1121 2257 1250 2280 seuera
1274 2246 1344 2281 BG
1446 2258 1553 2281 curas

92 2304 236 2348 cogitas
260 2301 328 2338 BC
428 2304 495 2337 204
519 2303 639 2348 poltet
667 2304 696 2339 Ο
796 2304 924 2339 eredat
951 2303 980 2338 Ο
1079 2307 1300 2338 euocaturus
1326 2303 1390 2338 BG
1489 2305 1554 2339 205

91 2360 188 2396 Ecce
214 2365 337 2396 autem
363 2361 505 2394 auertit
528 2360 574 2405 B,
600 2361 700 2396 Ecce
725 2364 849 2396 autem
875 2368 1002 2396 auerte
1029 2361 1058 2396 0
1147 2362 1257 2396 nixus
1282 2362 1315 2395 A
1409 2361 1492 2396 leua
1517 2362 1554 2396 in

92 2418 226 2453 semina
250 2417 320 2453 BG
419 2419 485 2452 206
515 2418 678 2454 Dextera
708 2419 775 2454 BG
876 2419 985 2454 feries
1011 2418 1081 2454 BG
1180 2421 1247 2453 207
1279 2419 1346 2454 icit
1378 2429 1443 2454 om.
1477 2418 1554 2460 BG,

93 2476 180 2510 eicit
206 2477 237 2510 A
343 2476 421 2519 agit
446 2476 492 2516 Α,
518 2480 602 2510 aeta
626 2475 694 2511 ΒΟ
783 2477 865 2511 ’208
891 2477 1043 2511 crebros
1069 2477 1102 2511 A
1203 2477 1269 2510 209
1295 2480 1412 2511 mutat
1438 2476 1467 2511 C

92 2544 165 2578 quo
192 2533 222 2569 G
320 2534 388 2567 210
411 2544 485 2566 non
512 2534 700 2578 expromit
724 2533 776 2575 B,
808 2546 881 2568 nox
906 2535 1046 2579 promit
1075 2535 1103 2570 C
1205 2534 1332 2568 adabit
1359 2535 1386 2569 C
1489 2535 1552 2568 211

90 2589 267 2624 hedificat
291 2590 592 2624 columnamento
619 2590 778 2626 suffulsit
802 2591 873 2627 Bc
957 2593 1024 2626 212
1050 2592 1175 2636 Apace
1268 2592 1371 2626 illam
1396 2591 1462 2626 BC

92 2649 158 2681 213
183 2647 348 2682 osculum
373 2651 500 2681 natum
528 2647 595 2683 AC
672 2652 782 2693 poete
807 2648 876 2685 BC
955 2649 1122 2683 inaudiui
1147 2648 1216 2683 BG
1295 2651 1361 2684 214
1386 2650 1462 2684 uini

92 2705 166 2738 oris
190 2704 237 2747 B,
265 2705 337 2739 orit
362 2703 391 2738 C'
471 2705 633 2740 occubat
657 2705 703 2748 B,
731 2710 890 2751 occupat
916 2706 945 2741 0
1023 2707 1089 2740 215
1116 2706 1290 2741 uscheme
1372 2708 1553 2742 astitisset

91 2761 139 2804 B,
166 2762 287 2797 antitis
313 2765 350 2796 et
375 2760 404 2795 C
501 2761 610 2797 dulce
703 2765 770 2798 216
794 2763 998 2808 Numquam
1025 2763 1060 2797 B
1163 2763 1250 2806 pitit
1277 2763 1305 2798 C
1396 2763 1553 2809 perfecit

183 2822 249 2854 217
273 2819 399 2854 studet

1260 2890 1280 2923 2
