1963 3243
68 244 97 287 I,
126 245 153 285 1,
179 243 302 286 42-2‚
330 243 350 278 8
701 240 914 276 Pseudolus.
1501 246 1551 284 77

655 366 958 408 Pseudolus

999 436 1136 480 Credo
1168 439 1312 480 animo
1345 438 1454 480 male
1488 445 1551 481 est

66 496 267 539 Aedibus.

731 567 894 608 Simia

338 638 449 688 Quid
482 639 598 680 iam?

660 724 957 766 Pseudolus

606 795 716 847 Quia
749 796 900 850 edepol
934 797 1074 850 ipsum
1106 796 1301 838 lenonem
1335 801 1551 838 euomunt.

724 883 888 926 Simia

66 941 228 985 Illicine
260 947 323 984 est
336 942 355 982 Ῥ

660 1012 960 1055 Pseudolus

363 1085 456 1127 Illic
489 1087 607 1137 ipsus
640 1089 717 1127 est.

722 1171 887 1214 Simia

772 1243 884 1285 Mala
917 1257 1028 1285 mers
1061 1249 1138 1285 est.
1207 1243 1316 1285 Illuc
1349 1244 1405 1285 sis
1437 1243 1552 1294 uide,

64 1313 122 1357 Ut
152 1320 438 1366 transuorsus,
472 1329 557 1357 non
583 1329 817 1369 prouorsus
843 1315 968 1363 cedit,
1001 1316 1127 1368 quasi
1153 1329 1310 1357 cancer
1337 1315 1459 1357 solet.
1488 1327 1555 1361 960

563 1804 771 1847 BALLIO
888 1805 1051 1847 IIDEM
1519 1805 1550 1847 C

717 1953 897 1995 Ballio

66 2023 208 2066 Minus
240 2024 400 2067 malum
433 2025 546 2067 hunc
578 2025 793 2067 hominem
820 2039 915 2067 esse
941 2025 1103 2078 opinor,
1135 2038 1263 2079 quam
1289 2039 1381 2066 esse
1408 2038 1551 2066 cense-

1081 2096 1193 2147 bam,
1228 2110 1428 2150 coquom3

65 2166 176 2210 Nam
206 2167 312 2210 nihil
344 2170 474 2211 etiam
506 2168 604 2211 dum
636 2169 896 2223 harpagauit
938 2173 1111 2223 praeter
1143 2168 1345 2221 cyathum
1376 2173 1419 2210 et
1451 2182 1551 2210 can-

1080 2239 1265 2282 tharum.

657 2328 966 2370 Pseudolus

69 2397 186 2441 Heus
217 2404 276 2448 tu,
307 2413 419 2441 nunc
451 2401 620 2442 occasio
653 2405 718 2441 est
751 2405 793 2442 et
824 2406 1006 2453 tempus.

730 2501 895 2543 Simia

1019 2573 1175 2614 Tecum
1207 2573 1356 2614 sentio.

155 2709 220 2743 957
245 2707 308 2743 PS.
336 2719 400 2743 om.
427 2708 461 2743 B
576 2710 641 2743 958
667 2707 821 2753 Q.quid
846 2708 929 2742 iarn.
957 2707 991 2742 S.
1018 2707 1053 2742 Β
1154 2708 1219 2741 959
1244 2707 1343 2751 ipsus
1370 2717 1434 2741 om.

68 2765 213 2799 mei-cist
241 2765 277 2800 P.
382 2767 449 2800 960
474 2765 556 2800 Non
583 2776 733 2809 prorsus
760 2777 888 2799 uerum
915 2776 959 2798 ex
984 2769 1196 2798 transuerso
1304 2763 1497 2798 BALLEO
1525 2764 1554 2799 G

157 2820 283 2856 1DEM
377 2823 443 2856 962
468 2822 637 2856 crathum
664 2827 700 2856 et
726 2826 760 2856 et
787 2821 822 2856 B
