1963 3243
66 0 117 27 ,ἢ

0 0 114 110 μ’

0 111 7 119 ·
23 105 43 130 —:

0 142 6 149 μ
29 133 42 147 ἢ

35 220 38 227 .

134 241 165 287 I,
193 244 220 285 1,
246 242 381 277 '75-—82
770 239 984 275 Pseudolus.

726 365 1024 408 Pseudolus

432 438 578 481 Genus
609 443 807 480 nostrum
841 453 1010 492 semper
1043 436 1304 480 siccoeulum
1336 437 1429 479 fuit.

732 554 1021 598 Calidorus

133 627 306 671 Nihilne
337 627 547 669 adiuuare
580 641 646 669 me
679 627 847 669 audes?

728 744 1032 786 Pseudolus

908 815 1020 866 Quid
1053 816 1208 858 faciam
1240 815 1353 858 tibi?

732 918 1020 961 Calidorus

135 991 273 1034 Eheu!

722 1078 1025 1120 Pseudolus

332 1151 494 1193 Eheu?
526 1150 568 1192 id
602 1150 773 1204 quidem
806 1150 964 1192 hercle.
997 1164 1048 1191 ne
1081 1151 1230 1204 parsis.
1265 1150 1390 1192 dabo.

732 1259 1021 1302 Calidorus

131 1333 265 1376 Miser
296 1347 412 1384 sum3
447 1338 673 1386 argentum
704 1347 916 1386 nusquam
949 1333 1122 1374 inuenio
1155 1338 1352 1373 mutuum

725 1433 1025 1476 Pseudolus

134 1507 266 1550 Eheu.

740 1577 1024 1620 Calidorus

338 1651 488 1705 Neque
520 1650 638 1691 intus
670 1665 870 1692 nummus
901 1650 1014 1692 ullus
1047 1656 1122 1692 est.

731 1751 763 1793 P
777 1766 795 1793 s
807 1767 827 1793 e
839 1767 866 1794 u
879 1752 905 1793 d
917 1752 963 1793 ol
974 1767 1002 1794 u
1013 1767 1030 1794 s

1183 1824 1317 1866 Eheu.

743 1895 1025 1938 Calidorus

138 1968 215 2011 Ille
247 1968 516 2010 abducturus
549 1972 613 2010 est
644 1967 867 2009 mulierem
899 1982 1006 2009 cras.

730 2062 1030 2104 Pseudolus

1066 2134 1199 2176 Eheu.

738 2227 769 2270 C
781 2229 893 2271 alid
904 2243 927 2270 o
939 2244 960 2271 1·
969 2244 995 2271 u
1009 2244 1027 2271 s

139 2301 325 2344 Istocine
358 2306 486 2356 pacto
518 2315 584 2342 me
616 2301 832 2343 adiuuas‘?

730 2402 1035 2445 Pseudolus

885 2475 949 2517 Do
981 2474 1025 2516 id
1058 2474 1172 2529 quod
1205 2474 1309 2516 mihi
1342 2478 1427 2525 est;

138 2547 247 2590 Nam
279 2549 315 2590 is
346 2548 449 2590 mihi
480 2547 742 2590 thensaurus
774 2547 884 2600 iugis
915 2548 958 2588 in
989 2552 1138 2588 nostra
1170 2552 1233 2588 est
1266 2545 1403 2588 domo.

1573 244 1615 282 11

1585 2555 1631 2590 85

228 2711 272 2744 79
297 2709 382 2744 ades
453 2709 498 2743 80
523 2708 559 2742 C.
584 2708 688 2743 Eheu
712 2708 936 2742 antecedenti
962 2718 1064 2743 versu
1147 2707 1182 2741 P.
1211 2706 1291 2741 Heu
1363 2708 1403 2740 Sl
1432 2706 1568 2740 inueno
1595 2705 1630 2740 B

229 2770 394 2800 mutuum
422 2765 597 2810 pseudole
714 2766 758 2799 82
792 2764 862 2798 CA.
889 2775 956 2798 om.
1073 2765 1116 2799 82
1147 2775 1186 2808 sq
1224 2763 1347 2797 ullust.
1377 2762 1414 2797 C.
1434 2762 1534 2798 eheu
1559 2763 1630 2796 Ille

140 2823 183 2856 84
207 2822 337 2857 adtuas
430 2823 472 2856 85
498 2822 715 2856 thensauros
742 2820 777 2855 B
871 2827 998 2854 nostra
1025 2846 1031 2853 .
1050 2849 1054 2853 .
1070 2847 1077 2854 .
1095 2850 1097 2852 .
1115 2826 1148 2853 .t
1177 2820 1210 2853 A
