1963 3243
360 185 413 224 64
1024 184 1146 219 Plauti
1488 183 1554 218 111.
1584 185 1612 226 1,
1640 185 1814 218 192—201

845 307 1326 362 Periplecomenus

357 378 540 420 Lautam
571 380 638 420 uis
669 392 724 421 an
756 393 866 433 quae
896 380 1088 421 nondum
1120 381 1177 422 sit
1207 379 1362 422 lauta?

925 503 958 544 P
969 503 1019 545 al
1031 517 1057 545 a
1069 518 1091 545 e
1105 519 1124 547 s
1135 509 1154 546 t
1164 505 1242 547 rio

1385 575 1566 628 Siccam,
1599 575 1814 625 sucidam3

357 648 492 698 Quam
524 647 851 700 lepidissumam
877 647 989 699 potis
1015 660 1230 701 quamque
1255 648 1578 690 adulescentem
1602 659 1812 704 maxume.

844 770 1179 824 Periplecom
1195 786 1324 814 enus

356 844 504 886 Habeo
523 843 716 886 eccillam
735 856 872 883 meam
889 842 1104 894 clientam‚
1132 845 1401 886 meretricem
1425 843 1813 886 adulescentulam.

358 915 442 957 Sed
473 915 578 970 quid
610 928 661 956 ea
691 928 794 956 usus
826 914 921 956 est?

925 1039 1244 1083 Palaestrio

829 1111 888 1154 Ut
918 1111 971 1152 ad
1003 1116 1047 1153 te
1080 1126 1176 1154 eam
1206 1114 1294 1154 iam
1325 1113 1722 1155 deducasflomum
1747 1124 1817 1157 '790

356 1186 511 1240 Itaque
542 1199 637 1226 eam
668 1183 752 1225 huc
785 1187 985 1225 ornatam
1017 1184 1231 1227 adducas:
1271 1199 1322 1227 ex
1361 1190 1657 1227 matronarum
1689 1183 1814 1226 modo

356 1257 509 1311 Capite
541 1261 714 1310 compto
747 1256 876 1297 crinis
908 1256 1130 1309 uittasque
1161 1256 1322 1299 habeat
1353 1258 1672 1312 adsimuletque
1703 1271 1747 1298 se

356 1330 491 1370 Tuam
525 1343 619 1371 esse
651 1341 851 1379 uxorem3
883 1328 946 1369 ita
977 1329 1392 1382 praecipiundumst.

927 1453 1233 1497 Pleusicles

1153 1526 1276 1578 Erro,
1309 1541 1440 1581 quam
1470 1527 1650 1569 insistas
1680 1528 1808 1569 uiam.

924 1651 957 1693 P
967 1652 1017 1694 al
1027 1667 1052 1695 a
1063 1666 1085 1694 e
1097 1667 1116 1695 s
1126 1656 1145 1694 t
1153 1667 1174 1694 r
1183 1654 1198 1694 i
1207 1667 1231 1695 o

355 1727 411 1767 At
441 1725 598 1766 scietis.
662 1723 745 1766 Sed
778 1738 914 1778 ecqua
944 1724 1146 1775 ancillast
1176 1725 1237 1767 illi
1251 1726 1270 1766 ἱ)

843 1849 1316 1903 Periplecomenus

1361 1923 1440 1965 Est
1471 1923 1608 1977 prime
1640 1927 1752 1965 cata.

924 2017 1233 2060 Palaestrio

354 2091 416 2132 Ea
449 2103 620 2143 quoque
652 2103 760 2143 opus
794 2093 871 2131 est.
934 2089 1002 2131 Ita
1034 2091 1275 2144 praecipito
1315 2089 1481 2131 mulieri
1513 2095 1646 2144 atque
1677 2091 1810 2132 ancil-

1443 2162 1572 2214 lulae,
1745 2173 1811 2208 795
1849 2164 1851 2166 ’

357 2234 412 2276 Ut
442 2235 617 2276 simulet
649 2248 694 2275 se
726 2240 843 2276 tuam
870 2249 965 2277 esse
990 2249 1166 2276 uxorem
1192 2240 1235 2276 et
1258 2235 1453 2288 deperire
1480 2234 1592 2276 hunc
1616 2235 1809 2285 militem,

446 2395 511 2428 787
538 2393 642 2429 PER.
669 2405 734 2429 om.
760 2393 796 2429 Β
889 2395 1080 2437 uisamque
1105 2392 1141 2428 B
1223 2394 1326 2428 lauta
1420 2394 1472 2428 sic
1499 2404 1568 2428 con
1659 2393 1810 2428 suodam

356 2451 382 2485 C
460 2452 526 2485 788
552 2458 695 2496 quaqua
707 2451 750 2494 Β,
777 2457 919 2494 quaque
935 2450 962 2485 O
1042 2452 1108 2485 789
1123 2450 1227 2486 PER..
1254 2449 1367 2486 om.B
1448 2450 1516 2485 hec
1541 2450 1641 2484 illam
1655 2450 1724 2485 BG

354 2509 529 2543 clientam
553 2520 670 2543 meam
695 2509 740 2551 A,
767 2519 883 2542 meam
910 2508 1082 2542 clientem
1104 2507 1150 2550 Β,
1184 2519 1302 2542 meam
1329 2508 1491 2542 dientam
1520 2506 1548 2542 G
1640 2507 1810 2543 electrice

353 2565 401 2608 B,
428 2577 447 2599 e
473 2566 636 2599 letricem
665 2565 693 2599 C
794 2566 861 2599 790
886 2565 957 2600 Sed
983 2569 1019 2598 te
1044 2564 1130 2609 quid
1164 2577 1270 2599 ausus
1296 2565 1340 2606 Β,
1379 2564 1451 2599 Sed
1484 2565 1546 2609 qui
1579 2568 1616 2599 te
1648 2576 1759 2600 ausus
1786 2564 1815 2599 C

446 2624 601 2657 estAut
623 2625 654 2656 A
717 2622 863 2657 delucas
882 2622 910 2657 Ο
975 2624 1038 2655 '791
1067 2633 1112 2656 ex
1138 2633 1201 2656 om.
1219 2622 1286 2656 BC
1353 2623 1419 2656 792
1445 2625 1483 2656 at
1509 2622 1615 2655 simul
1643 2621 1747 2666 eq'B

354 2681 420 2714 793
446 2679 535 2714 Tam
561 2679 631 2715 BG
721 2691 873 2714 uxorem
908 2691 986 2713 esse
1013 2678 1048 2713 B
1140 2680 1303 2714 insistias
1331 2679 1359 2713 C
1463 2680 1529 2713 794
1554 2679 1659 2713 stetis
1686 2679 1721 2713 B

355 2737 444 2771 haec
470 2749 542 2780 qua
567 2739 611 2778 A,
638 2738 802 2782 haecque
826 2736 894 2771 BC
995 2737 1189 2779 primicata
1297 2738 1363 2772 '795
1389 2737 1467 2772 Eea
1493 2735 1522 2771 G
1622 2736 1809 2781 praecipio

353 2795 419 2828 796
446 2795 565 2838 perire
592 2793 626 2828 B
719 2793 790 2828 huc
818 2793 847 2828 G
