1963 3243
374 226 454 264 246
946 224 1052 258 Miles
1079 226 1277 268 gloriosus.

373 367 466 400 em.;
513 350 623 401 „me“
665 354 806 391 maluit
843 355 1032 392 Fleckeis.
1074 357 1174 393 Ann.
1214 357 1309 406 phil.
1350 356 1413 394 CV
1451 371 1488 407 p.
1531 360 1594 396 72.
1635 381 1690 385 —
1722 340 1828 400 313.

372 423 558 471 quidquid
595 425 661 469 est,
710 423 756 460 cf.
798 423 910 460 Curc.
953 425 1045 462 690.
1106 425 1222 463 Most.
1266 426 1359 463 831.
1421 425 1498 463 Sed
1535 427 1698 465 offendit
1738 429 1829 467 talis

371 504 453 540 pes,
502 491 569 539 qui
616 491 690 527 nisi
734 503 808 539 per
853 490 1071 540 aphaeresin
1111 493 1221 530 verbi
1259 494 1495 531 substantivi
1536 495 1726 545 explicari
1765 498 1830 535 vix

372 563 525 609 potest3
565 560 699 608 itaque
737 559 923 596 Bothius:
967 561 1193 611 „Quidquid
1225 562 1355 599 hercle
1387 560 1485 600 est“.
1518 582 1572 588 —
1610 566 1830 612 mussitabo,

373 628 525 673 tacebo,
559 627 603 664 cf.
638 627 687 663 ad
717 627 807 664 Aul.
845 629 936 666 131.

489 697 581 733 315.
615 695 845 733 Revertitur
875 696 1095 743 Palaestrio,
1126 701 1335 747 postquam
1366 699 1695 738 Philocomasium
1728 702 1832 740 domi

373 764 486 810 vidit,
519 763 744 801 Sceledrum
776 765 1106 814 impudentissimi
1139 767 1334 804 mendacii
1359 781 1537 817 arguens.
1585 767 1831 818 Scripturam

373 833 551 869 restituit
593 831 636 869 R.
678 851 731 856 —
774 833 867 870 316.
913 846 973 870 em
1012 833 1118 872 Cam.
1151 854 1204 860 —
1239 836 1330 873 317.
1373 836 1537 882 escfoch'ri
1576 837 1714 886 scripsi
1746 851 1830 876 cum

372 900 508 937 Brixio
549 904 593 938 ut
634 901 727 947 376,
769 905 814 938 ut
851 902 939 939 Aul.
984 903 1061 940 701
1116 901 1320 950 „exfodio“
1365 910 1403 940 et
1444 904 1474 941 B
1507 908 1545 940 e‘t
1584 904 1614 951 Ι,
1656 907 1830 954 quamvis

374 972 600 1006 constanter
632 969 787 1007 dicatur
821 968 1019 1017 „ecfer1·e“
1051 967 1164 1019 (461.
1191 969 1273 1019 aL),
1309 970 1542 1021 „ecfeceris“
1568 973 1712 1010 Bacch.
1739 975 1831 1023 692,

377 1035 608 1085 „ecfercite“
629 1038 748 1075 Most.
777 1040 849 1086 623
875 1040 945 1076 sed
973 1037 1201 1087 ‚,exfringo“
1230 1041 1332 1078 infra
1353 1042 1457 1078 1244
1477 1045 1515 1078 et
1531 1041 1672 1079 Bacch.
1692 1042 1772 1079 584
1787 1042 1830 1090 Β,

374 1105 420 1144 cf.
461 1105 569 1143 Neue
609 1106 804 1145 Formenl.
845 1107 884 1144 II
922 1123 960 1158 p.
1004 1110 1096 1146 769.
1136 1129 1188 1134 —
1229 1108 1322 1147 318.
1370 1111 1477 1147 tuam
1514 1111 1668 1156 empsim
1709 1111 1833 1148 uitam

374 1174 565 1221 Lindem„
598 1176 621 1212 i.
657 1189 688 1213 e.
723 1177 895 1224 emerim,
928 1178 973 1214 cf.
1007 1177 1135 1215 Oasin.
1164 1179 1255 1216 326.
1295 1198 1338 1202 -
1373 1179 1515 1216 uitiosa
1531 1189 1641 1225 nuce,
1670 1179 1718 1216 cf.
1737 1179 1829 1216 Hor.

375 1244 456 1282 Sat.
489 1244 533 1292 ΙΙ,
567 1246 602 1291 5,
637 1245 712 1282 36:
749 1259 883 1292 „cassa
916 1244 1054 1284 nuce“.
1088 1267 1141 1272 --
1175 1249 1267 1285 320.
1300 1247 1390 1285 Non
1416 1250 1459 1285 tu
1483 1247 1549 1284 tibi
1573 1247 1618 1284 R.
1655 1267 1700 1272 -
1738 1248 1829 1286 322.

374 1314 482 1351 aibas
510 1313 639 1350 Bentl.
677 1333 722 1338 —
762 1315 856 1352 323.
889 1316 1041 1353 Mirum
1072 1316 1158 1354 lolio
1191 1316 1423 1366 Fulgentius
1454 1330 1492 1366 p.
1529 1317 1605 1355 561
1641 1318 1753 1365 quasi
1785 1329 1832 1354 ex

374 1382 596 1419 Mercatore
629 1382 796 1420 afferens
841 1383 1012 1430 „Mirum
1045 1384 1137 1422 lolio
1167 1386 1355 1422 uictitare
1394 1388 1433 1422 te
1464 1387 1547 1421 tam
1578 1385 1649 1422 uili
1680 1386 1831 1433 tritico;

375 1453 465 1500 quia
502 1451 728 1488 luscitiosus
767 1464 818 1490 es.
878 1451 1023 1489 Dicunt
1062 1454 1176 1500 enim,
1216 1454 1322 1508 quod
1361 1454 1497 1491 lolium
1537 1453 1832 1492 comedentibus

374 1520 479 1558 oculi
523 1518 824 1557 obscurentur“.
868 1521 938 1559 R.:
989 1519 1240 1569 ,‚Mirumst“,
1283 1523 1351 1560 sed
1389 1522 1436 1559 cf.
1479 1523 1572 1560 288.
1612 1523 1704 1560 294.
1739 1523 1830 1560 309.
1864 1532 1868 1536 ⁴

373 1589 541 1636 Lolium,
584 1589 690 1638 quod
728 1590 831 1626 inter
869 1593 985 1629 terrae
1023 1594 1152 1639 pestes
1193 1594 1375 1627 numerat
1407 1590 1508 1628 Plin.
1542 1590 1589 1627 H.
1621 1589 1668 1628 N.
1701 1589 1833 1628 XVIII

374 1654 396 1705 ἓ
430 1659 522 1704 153,
564 1658 640 1694 nisi
678 1659 717 1695 in
758 1671 908 1695 summa
946 1658 1101 1707 frugum
1139 1659 1275 1708 inopia
1306 1659 1353 1696 ab
1386 1659 1607 1696 hominibus
1637 1672 1716 1696 non
1747 1659 1832 1696 ede-

375 1726 501 1772 batur,
543 1726 590 1764 cf.
626 1726 720 1764 Hor.
754 1726 834 1764 Sat.
866 1726 916 1774 II,
950 1729 986 1775 6,
1021 1728 1086 1774 89,
1119 1740 1175 1774 ac,
1217 1729 1248 1764 si
1287 1728 1444 1777 quando
1483 1730 1552 1764 aut
1582 1728 1736 1765 incuria
1766 1730 1834 1765 aut

375 1790 1048 1833 fraude⁷frumento”intermixtum
1081 1801 1177 1842 erat,
1211 1797 1333 1834 oculis
1365 1809 1506 1834 nocere
1537 1795 1765 1846 putabatur,
1791 1809 1830 1833 .v.
1871 1828 1877 1834 ,

375 1863 488 1901 Ovid.
529 1864 637 1900 Fast.
677 1863 706 1911 I,
748 1865 845 1902 691:
896 1868 1081 1912 „careant
1118 1865 1222 1904 loliis
1260 1865 1392 1902 oculos
1432 1864 1666 1902 vitiantibus
1705 1861 1829 1912 agri“.

378 1952 422 1956 —
477 1935 554 1969 tam
597 1932 672 1970 uile·
715 1934 848 1980 ίνὲέὶσο,
896 1935 920 1972 i.
965 1947 998 1971 e.
1039 1947 1158 1983 quum
1197 1935 1374 1971 triticum
1416 1937 1496 1971 tam
1527 1933 1604 1970 vile
1636 1934 1697 1970 sit.
1743 1932 1830 1970 Ter.

375 2002 533 2039 Phorm.
580 2003 866 2051 791:')„rebus
897 2002 1109 2040 uilicribus
1141 1997 1306 2040 multo“.
1341 2003 1449 2040 Trin.
1483 2002 1586 2040 486:
1631 2001 1727 2048 „hac
1767 2014 1831 2038 an-

373 2068 517 2109 nona“.
557 2091 611 2096 —
654 2072 746 2108 324.
778 2070 879 2108 Non.
912 2084 950 2122 p.
989 2072 1086 2109 135:
1137 2072 1319 2115 ..lusciosi
1349 2068 1485 2121 (immo
1517 2066 1736 2119 luscite'osc'),
1768 2070 1834 2119 qui

375 2139 424 2176 ad
465 2140 663 2176 lucernam
697 2142 779 2177 'non
817 2139 955 2177 vident
992 2143 1031 2177 et
1067 2141 1213 2189 μόωπες
1243 2144 1436 2178 vocantur
1467 2154 1489 2177 a
1519 2139 1675 2177 Graecis.
1709 2138 1832 2175 Varro

377 2208 683 2258 Disciplinarum
722 2208 790 2246 lib.
830 2207 938 2245 VIII:
991 2210 1145 2259 vesperi
1190 2222 1266 2246 non
1313 2208 1446 2245 videre
1491 2221 1588 2257 quos
1634 2207 1833 2257 appellant

375 2278 577 2315 lusciosos.
638 2276 747 2314 Idem
779 2276 1013 2315 Andabatis:
1048 2277 1187 2328 edepol
1218 2278 1320 2315 idem
1353 2290 1501 2323 caecus,
1535 2290 1612 2314 non
1643 2277 1832 2313 luseiosus

376 2344 475 2384 est⁴‘.
504 2366 559 2371 --
586 2347 679 2383 325.
706 2347 786 2382 uida·
802 2346 861 2384 ed.
880 2359 938 2395 pr.
965 2367 1017 2372 —
1046 2347 1138 2384 327.
1166 2345 1372 2384 Sceledrus
1394 2345 1541 2387 ..Ludis
1566 2341 1648 2381 me“
1671 2345 1833 2390 dixerat,

376 2417 400 2453 i.
433 2430 465 2453 e.
498 2415 670 2452 ludibrio
702 2428 763 2452 me
793 2415 934 2461 habes3
967 2415 1174 2452 Palaestrio
1207 2415 1427 2453 scurriliter
1459 2413 1646 2450 ridiculus
1676 2425 1734 2450 me
1761 2423 1832 2463 pro

376 2480 549 2522 ablativo
582 2497 674 2521 casu
707 2484 822 2532 capit,
849 2484 960 2532 quasi
986 2497 1066 2520 rem
1092 2485 1130 2520 in
1158 2482 1329 2521 ludendo
1355 2482 1572 2519 adhibitam
1589 2480 1831 2529 significarit,

376 2566 577 2603 quumque
617 2565 703 2589 eum
744 2552 871 2589 lutum
914 2552 1092 2588 dicturus
1131 2553 1196 2597 sit,
1242 2548 1390 2597 „Sane“
1433 2552 1563 2599 inquit
1606 2553 1709 2597 „tam
1744 2547 1834 2586 mihi

375 2626 469 2661 sunt
512 2633 654 2660 ‘maome
698 2623 933 2669 inquinatae,
981 2634 1032 2658 sc.
1075 2633 1188 2670 quam
1228 2621 1258 2658 si
1299 2623 1350 2666 te,
1381 2620 1405 2655 i.
1439 2633 1471 2655 e.
1504 2619 1598 2665 luto,
1632 2614 1830 2655 luserim“.
1898 2671 1902 2674 .

375 2691 482 2729 Nihil
515 2693 636 2741 igitur
666 2690 908 2736 mutandum,
941 2691 1118 2738 quamvis
1144 2689 1317 2726 editores
1342 2700 1412 2737 pro
1442 2688 1535 2724 Tam
1560 2688 1625 2724 alii
1651 2686 1831 2723 Guietum

376 2764 585 2809 sequentes
621 2756 766 2805 „Iam“,
799 2758 867 2795 alii
896 2757 1069 2795 Dousam
1104 2755 1252 2802 „Tum“
1289 2756 1579 2794 substituerint.
1611 2756 1738 2792 lutum
1760 2763 1830 2803 pro

377 2829 554 2867 convicio
571 2833 646 2864 est
679 2827 786 2865 Pers.
806 2827 907 2864 405:
945 2826 1093 2872 „lutum
1126 2824 1368 2863 lenonium“.
1417 2824 1539 2861 Lucil.
1558 2821 1740 2868 XXVIII,
1759 2821 1830 2859 25:

1843 3058 1963 3243 l.
