1963 3243
363 236 438 273 142
1036 230 1154 264 Plauti
1626 231 1680 276 Π,
1707 234 1839 267 30-45

1012 355 1188 408 Lycus

1104 426 1325 476 Quomodo

358 498 575 540 Potuisti?

888 568 1312 611 Antamoenides

645 641 825 682 Dicam·
870 639 1043 682 Uiscum
1075 640 1231 693 legioni
1264 641 1362 682 dedi

360 712 641 766 Fundasque3
674 713 713 754 ei
743 712 1105 766 praesternebant
1135 712 1240 754 folia
1270 712 1429 754 farferi.

1013 791 1180 845 Lycus

361 864 470 914 Quoi
502 864 596 905 rei‘?

891 934 1314 975 Antamoenides

638 1005 720 1047 ‚Ne
751 1005 806 1046 ad
837 1005 988 1046 fundas
1020 1005 1165 1046 uiscus
1199 1006 1236 1046 e's
1267 1005 1609 1048 adhaeresceret.

1021 1084 1052 1124 L
1099 1098 1188 1125 cus

360 1157 516 1208 Perge3
546 1160 716 1210 optume
748 1155 891 1196 hercle
922 1099 1126 1209 perierZS.
1190 1154 1299 1204 Quid
1332 1157 1513 1209 postea?
1773 1170 1842 1203 480

892 1246 1312 1287 Antamoenides

359 1319 406 1359 In
437 1317 592 1359 fundas
624 1318 730 1359 uisci
761 1317 969 1358 indebant
1001 1317 1274 1370 grandiculos
1306 1317 1476 1370 glob083

363 1389 446 1431 Eos
478 1391 520 1431 in
551 1389 748 1431 uolantes
779 1389 883 1430 iussi
914 1388 1184 1430 funditarier.

362 1460 470 1511 Quid
505 1461 639 1502 multa
669 1461 832 1502 uerba?
865 1474 1123 1514 quemquem
1153 1462 1272 1502 uisco
1304 1459 1583 1512 offenderant,

362 1534 466 1574 Tam
499 1533 638 1574 crebri
671 1532 725 1574 ad
757 1537 919 1573 terram
951 1532 1207 1573 accidebant
1238 1546 1367 1585 quam
1399 1534 1505 1586 pira.

363 1605 418 1647 Ut
449 1606 631 1659 quisque
663 1604 895 1654 acciderat,
930 1618 1024 1644 eum
1058 1605 1272 1645 necabant
1303 1604 1401 1645 ilico
1775 1616 1842 1649 485

360 1677 441 1718 Per
473 1677 696 1718 cerebrum
727 1677 856 1729 pinna
886 1689 960 1717 sua
995 1675 1077 1716 sibi
1109 1676 1233 1728 quasi
1264 1680 1489 1717 turturem.
1812 1669 1818 1672 Δ

1023 1754 1187 1807 Lycus

362 1827 405 1868 Si
435 1826 578 1868 hercle
609 1827 724 1868 istuc
755 1839 959 1879 umquam
990 1825 1150 1866 factum
1185 1831 1262 1873 est‚
1295 1831 1385 1867 tum
1419 1841 1484 1868 me
1515 1827 1711 1881 Iuppiter

359 1898 510 1940 Faciat
541 1903 589 1940 ut
620 1912 788 1952 semper
819 1897 1059 1940 sacrificem
1092 1911 1169 1938 nec
1200 1912 1403 1951 umquam
1435 1898 1565 1939 litem.

896 1977 1311 2018 Ant-amoenides

363 2051 425 2090 An
458 2049 560 2090 mihi
594 2049 701 2091 haec
731 2064 817 2091 non
850 2048 1017 2089 credis?

1013 2126 1181 2180 Lycus

972 2197 1107 2239 Credo
1140 2204 1187 2239 ut
1219 2198 1321 2238 mihi
1353 2212 1533 2252 aequom
1565 2202 1631 2240 est
1661 2198 1836 2240 credier.

891 2278 1308 2318 Antamoenides

363 2351 449 2402 Age
481 2363 627 2391 eamus
658 2350 785 2390 intro.
849 2349 957 2389 Dum
989 2356 1089 2390 exta
1119 2349 1374 2397 referuntur,
1408 2348 1508 2390 uolo
1771 2360 1838 2395 490

358 2421 544 2462 Narrare
578 2420 656 2461 tibi
688 2421 814 2462 etiam
847 2434 974 2460 unam
1009 2434 1205 2473 pugnam.

447 2568 513 2600 478
539 2577 580 2600 eo
605 2564 674 2600 BC
746 2566 811 2600 479
837 2564 903 2608 Qui
928 2564 998 2600 BG
1075 2567 1105 2600 is
1131 2576 1196 2600 om.
1279 2566 1458 2600 480-545
1479 2569 1564 2610 post
1585 2566 1653 2602 607
1671 2567 1780 2610 ponit
1801 2565 1838 2601 Β

358 2624 423 2656 480
446 2623 611 2666 periuras
727 2622 815 2666 quip
840 2621 888 2665 B,
915 2623 976 2666 qui
1003 2621 1031 2656 C
1151 2623 1213 2656 481
1241 2623 1297 2656 uis
1323 2622 1528 2656 uiudebant
1648 2622 1777 2666 glouos
1801 2621 1838 2657 Β

358 2680 423 2713 482
447 2679 528 2723 Ego
554 2679 634 2713 illos
662 2678 821 2712 uolantis
900 2679 1006 2712 iussit
1030 2677 1066 2712 B
1147 2680 1213 2712 484
1238 2679 1383 2713 crebret
1407 2678 1452 2721 B,
1479 2678 1579 2713 erebi
1605 2678 1651 2713 ad
1677 2678 1706 2714 Ο
1771 2680 1837 2714 485

357 2737 537 2778 negabam
563 2735 616 2779 B,
656 2735 831 2770 necabam
858 2734 887 2769 G
1026 2735 1092 2768 486
1117 2736 1313 2779 gerebrum
1339 2734 1374 2769 B
1511 2736 1578 2769 489
1604 2739 1658 2770 est
1682 2747 1837 2780 aequum

358 2793 423 2826 490
447 2792 472 2825 Z
499 2793 595 2827 deest
1252 2787 1257 2793 ⁸
