1963 3243
338 249 416 289 130
1009 246 1131 281 Plauti
1518 246 1548 291 I,
1574 249 1605 290 2,
1633 249 1815 283 115-125

881 371 1258 424 Aqorastocles

335 441 531 495 Namque
563 442 715 497 edepol
745 442 911 484 luorum
943 456 1089 484 amare
1120 443 1283 484 nullum
1323 448 1559 485 amatorem
1597 443 1815 498 addecet]

894 536 1250 578 Anterastilis

335 607 507 658 Eamus,
541 621 636 649 mea
666 621 881 661 germana.

878 686 1259 739 Adelphasium

851 758 938 811 Age
971 759 1027 800 sis
1058 764 1105 799 ut
1134 759 1268 828 luben
1329 758 1516 813 Sequere
1546 759 1640 800 hac.

891 852 1251 894 Anterastilis

1635 924 1811 978 Sequor.

883 994 1257 1047 Ayorastocles

334 1064 449 1106 Eunt
479 1065 574 1106 hae.

959 1137 1188 1189 Milphio
1230 1133 1234 1140 '

565 1207 677 1258 Quid
708 1209 743 1249 si
775 1208 979 1250 adeamus
1012 1209 1066 1250 ad
1099 1210 1204 1251 eas?

885 1302 1260 1355 Ayorastocles

1211 1375 1398 1416 Primum
1428 1377 1569 1429 prima
1599 1376 1720 1418 salua
1752 1376 1813 1418 sis
1883 1380 1887 1383 '

333 1445 388 1486 Et
420 1445 607 1487 secunda
636 1450 685 1487 ‘cu
716 1446 907 1488 secundo
941 1447 1061 1488 salue
1092 1449 1134 1487 in
1166 1449 1327 1500 pretim
1358 1448 1487 1489 tertia

333 1517 460 1558 Salue
493 1522 616 1559 extra
646 1519 846 1571 pretium.

961 1590 1003 1631 A
1016 1604 1043 1630 n
1054 1603 1074 1631 c
1083 1604 1097 1630 z
1108 1590 1121 1631 l
1134 1589 1146 1630 l
1158 1603 1182 1631 a

752 1659 860 1701 Tum
890 1661 964 1714 pol
995 1675 1072 1714 ego
1104 1666 1147 1703 et
1178 1661 1318 1703 oleum
1350 1667 1393 1703 et
1423 1676 1597 1716 operam
1629 1661 1816 1716 perdidi:
1890 1643 1913 1681 s

882 1755 1258 1807 Ayorastoezes

333 1824 424 1876 Quo'
457 1831 500 1868 te
533 1827 652 1880 agis?

876 1898 1264 1950 Adelphasium

531 1969 706 2023 Egone?
737 1969 780 2010 in
811 1969 962 2011 aedem
997 1970 1187 2012 Ueneris.

879 2064 1259 2118 Ayorastocles

1072 2136 1182 2186 Quid
1217 2136 1294 2177 eo'?

878 2230 1265 2282 Adelphasium

1147 2301 1204 2343 Ut
1235 2301 1443 2343 Uenerem
1474 2301 1716 2355 propitiem.
1743 2311 1816 2345 330·

879 2395 1257 2447 Ayorastocles

331 2466 422 2509 Eho
461 2479 514 2507 an
546 2467 660 2508 irata
697 2466 792 2508 est?
859 2466 1054 2521 Propitia
1092 2467 1236 2508 hercle
1275 2471 1363 2517 θεῖς
1408 2463 1593 2519 uel‘ego
1626 2478 1702 2519 pro
1732 2464 1808 2506 illa.

1342 2537 1544 2591 spondeo.

331 2610 440 2660 Quid
473 2614 520 2651 tu
551 2609 645 2651 ais?

420 2757 485 2790 327
509 2755 628 2800 primu
653 2755 773 2799 primu
799 2754 828 2790 Ο
923 2756 988 2790 328
1012 2758 1053 2789 tu
1079 2755 1115 2789 in
1140 2754 1300 2789 secundo
1399 2755 1465 2790 329
1490 2757 1526 2788 et
1554 2754 1672 2789 oleum
1696 2753 1750 2789 bis
1771 2752 1811 2787 B

330 2813 396 2846 330
420 2817 457 2847 te
481 2823 548 2848 om.
574 2812 609 2846 A
701 2813 764 2846 331
793 2810 889 2845 ehon
914 2811 1009 2846 irata
1035 2811 1063 2846 O
1152 2811 1288 2846 herohe
1312 2809 1348 2845 B
