1963 3243
376 251 455 290 120
1037 248 1160 283 Plauti
1549 247 1610 291 iv,
1635 249 1667 291 8,
1691 249 1825 284 50—58
1895 268 1915 292 ,2

873 374 1324 428 Pyrgopolinices

371 445 459 488 Fac
490 447 547 487 sis
579 445 706 499 frugi.

956 524 1257 565 Palaestrio

750 597 839 638 Iam
871 611 957 638 non
989 610 1185 650 possum;
1219 597 1344 638 amisi
1375 610 1544 638 omnem
1575 595 1825 639 lubidinem.

874 710 1325 764 Pyrgopolinices

372 782 405 833 Ι,
439 796 620 837 sequere
651 781 772 833 illos;
803 796 856 823 ne
889 795 1070 823 morere.

942 894 1258 936 Palaestrio

1026 966 1143 1007 Bene
1175 966 1288 1008 uale.

877 1079 1329 1135 Pyrgopolinices

1413 1153 1469 1195 Et
1498 1158 1546 1194 tu
1577 1153 1686 1195 bene
1717 1153 1827 1195 uale.

947 1233 1260 1275 Palaestrio

375 1309 543 1359 Quaeso
573 1312 623 1348 ut
653 1306 919 1357 memineris;
953 1306 987 1346 si
1018 1304 1130 1347 forte
1161 1305 1270 1347 liber
1300 1304 1392 1346 fieri
1425 1306 1680 1360 occeperim,
1744 1315 1830 1350 1355

373 1379 546 1422 Mittam
577 1378 776 1420 nuntium
810 1377 865 1418 ad
896 1383 952 1428 te,
971 1392 1036 1419 -ne
1068 1391 1134 1419 me
1167 1378 1358 1420 deseras,

877 1491 1329 1545 Pyrgopolinices

1449 1564 1546 1607 Non
1577 1568 1646 1606 est
1675 1577 1830 1605 meum.
1891 1616 1899 1622 ἢ

948 1666 1261 1709 Palaestrio

376 1739 576 1792 Cogitato
607 1739 858 1790 identidem,
891 1740 971 1781 tibi
1003 1753 1132 1793 quam
1164 1738 1304 1781 fidelis
1337 1739 1503 1781 fuerim.

376 1813 420 1854 Si
458 1812 502 1853 id
539 1812 684 1862 facies,
724 1818 817 1852 tum
859 1812 1030 1853 demum
1070 1811 1214 1863 scibis,
1254 1811 1334 1853 tibi
1375 1812 1448 1865 qui
1487 1811 1626 1853 bonus
1657 1811 1726 1862 sit,
1757 1808 1831 1864 qui

1475 1883 1628 1925 malus.

878 1997 1326 2052 Pyrgopolinices

378 2070 474 2112 Scio
508 2077 550 2112 et
583 2071 779 2124 perspexi
813 2084 941 2123 saepe
972 2071 1163 2112 animum
1193 2075 1315 2112 tuum
1348 2070 1546 2111 antehac.

952 2183 1258 2225 Palaestrio

1462 2255 1601 2296 Hodie
1634 2265 1830 2295 maxume

378 2328 507 2370 Scies.
540 2328 674 2369 Immo
692 2327 818 2369 hodie
838 2341 1004 2369 morum
1022 2328 1186 2369 factum
1206 2328 1302 2369 faxo
1321 2333 1418 2380 post
1436 2327 1552 2368 dices
1572 2326 1718 2378 magis.
1745 2335 1832 2370 1360
1862 2368 1866 2375 ,

879 2441 1329 2495 Pyrgopolinices

379 2513 458 2554 Uix
489 2514 714 2566 reprimor,
747 2514 849 2568 quin
881 2519 924 2554 te
957 2528 1130 2555 manere
1162 2514 1347 2555 iubeam.

470 2696 556 2730 1353
581 2695 652 2730 ΡΑ.
679 2705 743 2729 om.
854 2696 939 2728 1355
966 2700 1004 2727 ot
1030 2694 1066 2736 C,
1092 2706 1148 2729 om
1185 2695 1220 2729 B
1336 2695 1413 2728 flori
1440 2695 1628 2737 occeperit
1747 2691 1829 2726 1356

377 2753 510 2788 athene
536 2764 581 2786 ne
595 2752 630 2786 Β
725 2752 811 2786 1357
837 2750 925 2785 dent
948 2751 1047 2784 idem
1145 2753 1230 2786 1358
1252 2752 1394 2786 sciuisti
1415 2752 1477 2796 qui
1492 2750 1526 2785 Β
1624 2751 1709 2784 1359
1731 2759 1828 2792 soepo

377 2821 504 2844 uerum
531 2821 613 2843 cum
640 2808 796 2843 antehac
820 2807 932 2841 hodie
1041 2808 1125 2841 1360
1151 2808 1222 2841 PA.
1251 2808 1351 2842 Scies
1468 2807 1616 2840 hodiem
1641 2815 1769 2840 eorum
1792 2803 1830 2846 0,

376 2865 486 2899 hodie
513 2875 641 2909 eorum
666 2862 702 2897 Β
798 2864 882 2897 1361
906 2873 1007 2897 mare
1034 2861 1062 2896 C
