1963 3243
318 226 396 265 172
992 219 1113 254 Plauti
1522 217 1586 263 IV,
1612 220 1644 263 2,
1669 219 1805 254 53—59

951 344 1177 398 Milphio

317 417 430 468 Quid
460 418 576 460 iam‘?

881 486 1240 541 Syncerastus

617 559 752 610 Quasi
783 563 930 601 tacere
961 572 1066 600 uero
1098 557 1338 612 quidquam
1370 558 1482 612 potis
1515 558 1586 599 sis.

946 652 1170 704 Milphio

1627 723 1804 765 Rectius

316 798 509 840 Tacitam
547 797 628 839 tibi
667 809 758 838 rem
797 796 969 848 sistam,
1016 809 1147 850 quam
1188 794 1304 849 quod
1346 794 1508 836 dictum
1556 798 1622 836 est
1659 798 1806 836 mutae

1335 859 1516 907 mulieni.
1739 877 1807 911 8¹75

876 945 1075 1000 Syncer
1088 949 1242 987 astus

316 1021 518 1062 Animum
543 1019 744 1061 inducam
770 1017 909 1069 facile,
935 1021 984 1059 ut
1006 1016 1087 1058 tibi
1111 1017 1222 1058 istuc
1247 1015 1430 1067 credam,
1463 1017 1507 1058 ni
1530 1020 1573 1058 te
1598 1017 1804 1059 nouerim.
1881 1052 1898 1064 ,.

946 1111 1172 1165 Milphio

317 1185 474 1240 [Crede
506 1185 716 1228 audacter
747 1198 842 1226 meo
875 1183 1050 1237 periclo.

883 1278 1237 1333 Syncerastus

1000 1349 1112 1390 Male
1145 1349 1318 1390 credam
1349 1353 1393 1391 et
1424 1348 1596 1391 credam
1628 1347 1806 1403 tamen]
1882 1328 1890 1374 i

947 1443 1171 1497 Milphio

318 1517 416 1560 Scin
450 1523 495 1559 tu
529 1532 646 1558 erum
679 1522 800 1558 tuum
834 1529 929 1558 meo
962 1530 1033 1557 ero
1067 1529 1158 1557 esse
1190 1516 1410 1557 inimicum
1443 1515 1675 1570 capitalem

877 1610 1244 1665 Syncerastus

1695 1681 1805 1724 Scio.

946 1754 1036 1795 Mil
1049 1769 1074 1808 p
1086 1753 1135 1795 hi
1147 1768 1170 1795 o

317 1827 500 1881 Propter
533 1825 752 1868 amorem?

886 1912 1243 1967 Syncerastus

677 1985 855 2027 Omnem
888 1998 1060 2038 operam
1095 1984 1253 2038 perdis.

947 2078 1172 2132 Milphio

1165 2149 1277 2199 Quid
1308 2150 1421 2192 iam‘?

883 2244 1245 2299 Syncerastus

1315 2315 1427 2366 Quia
1459 2316 1631 2358 doctum
1663 2314 1806 2357 doces.

948 2395 1173 2450 Milphio

321 2467 431 2518 Quid
479 2482 580 2522 ergo
634 2468 830 2518 dubitas,
884 2468 989 2521 quin
1042 2467 1240 2509 lubenter
1288 2471 1365 2509 tuo
1411 2479 1484 2508 ero
1529 2479 1649 2508 meus
1695 2464 1807 2520 quod

1339 2538 1503 2592 possiet
1741 2547 1808 2583 880

411 2679 478 2712 874
503 2677 620 2722 Quasi
639 2681 679 2713 tu
704 2681 827 2712 tacere
910 2688 997 2712 uero
1024 2687 1090 2712 om.
1116 2676 1182 2712 BC
1258 2677 1355 2722 potis
1380 2687 1418 2711 es
1444 2676 1478 2710 A
1555 2675 1582 2710 B
1608 2686 1673 2711 om.
1741 2674 1807 2710 875
1881 2695 1886 2700 ·

322 2734 350 2767 B
376 2733 528 2769 Tacitus
555 2735 623 2770 tibi
648 2735 817 2770 resistam
906 2735 1026 2768 mulae
1051 2733 1096 2777 B,
1121 2733 1216 2768 male
1244 2733 1272 2768 G
1361 2734 1426 2768 876
1452 2732 1652 2768 credamini
1743 2731 1810 2767 8'7'7

320 2791 484 2835 periculo
581 2792 648 2826 880
674 2791 735 2835 qui
760 2791 930 2826 lubenter
1024 2790 1111 2834 quid
1137 2789 1205 2825 AO

1895 175 1930 206 «ᾧ

1895 206 1934 241 ⁸9:
