1963 3243
763 263 803 298 V.
830 266 1018 299 707--7584
1591 270 1668 308 329

179 403 264 431 sese
295 390 532 444 adstriuyet
559 393 677 431 Gron.
740 392 903 444 quidem
935 394 994 433 est
1017 394 1120 433 Cam.
1157 415 1205 420 —
1242 397 1333 433 737.
1369 396 1496 433 Etiam
1528 398 1558 433 si
1593 410 1668 434 non

180 461 334 507 eadem,
374 462 441 499 sed
475 462 678 512 aliquanto
709 464 834 501 maior
865 476 1015 501 summa
1046 463 1093 500 nd
1126 476 1213 500 eum
1252 463 1383 501 delata
1423 468 1497 509 est,
1539 467 1669 501 tamen

179 529 360 579 negando
392 530 487 568 furti
520 530 679 568 crimine
710 531 921 580 obligatur.
982 530 1036 570 Ut
1067 532 1168 568 enim
1202 534 1329 577 actor,
1368 533 1398 568 si
1437 532 1524 582 plus
1555 532 1667 582 petit,

180 611 296 636 causa
334 597 451 645 cadit,
483 599 539 636 ita
570 598 667 635 nihil
698 598 875 649 impedit,
909 613 987 649 quo
1019 600 1146 637 minus
1177 601 1302 637 minus
1332 603 1455 650 petat.
1493 619 1540 624 —
1576 601 1667 637 738.

181 662 394 715 Diespiter
425 677 500 704 uos
522 663 708 716 perduit.
764 667 847 714 Qua
879 668 925 705 de
952 667 1095 705 causa?
1126 668 1327 705 Acidalius
1353 668 1668 718 imprecationum

180 735 360 773 elicuisse
391 739 523 772 censet
568 734 689 781 „illud
729 735 864 773 odiose
905 736 1194 785 frequentatum
1227 733 1462 786 qtci1mitte'“‚
1504 735 1669 784 ideoque

180 803 280 841 hunc
321 817 475 863 versum
515 804 694 854 proximo
737 805 958 854 postponit3
1005 804 1072 842 sed
1111 805 1149 842 in
1191 805 1258 842 illo
1289 817 1445 854 quoque
1485 804 1667 841 vitiosum

180 874 239 909 est
275 867 362 919 Ita,
409 885 500 918 nec,
545 872 577 908 si
615 885 700 909 cum
747 872 925 910 Acidalio
970 871 1080 920 ‚,1to“
1124 886 1310 923 reponem,
1351 876 1533 918 sanatum
1580 885 1668 908 nam

178 940 411 991 simpliciter
437 938 699 991 „Quippini'?“
738 940 1052 990 respondendum
1081 946 1176 979 erat.
1255 940 1383 987 Quare
1414 939 1484 977 hos
1515 953 1670 990 quoque

178 1021 315 1046 versus
360 1008 461 1046 male
508 1008 663 1045 additos
709 1008 838 1047 credo.
879 1029 935 1034 —
981 1011 1073 1047 741.
1114 1006 1319 1059 eyrecl‘e'er3
1366 1008 1478 1046 Mull.
1517 1022 1554 1058 p.
1597 1010 1667 1045 79:

183 1076 341 1127 „egredi
374 1075 545 1114 eccum“.
580 1096 633 1101 —
675 1078 766 1114 742.
814 1079 871 1124 „si
902 1075 1034 1116 uolcs“
1070 1081 1298 1128 corruptum
1330 1080 1401 1114 est.
1462 1075 1551 1114 Sive
1584 1090 1669 1113 cum

181 1145 354 1196 antiquis
384 1145 473 1184 edd.
507 1148 545 1182 et
577 1144 686 1182 Acid.
725 1145 863 1193 „Quin‚
896 1146 928 1182 si
965 1142 1113 1193 uoles“,
1151 1147 1233 1184 sive
1264 1159 1349 1184 cum
1382 1144 1506 1196 Gepp.
1538 1144 1669 1192 „Sine,

180 1215 211 1251 si
248 1211 398 1261 uoles“,
443 1213 604 1261 scribas,
643 1214 815 1252 numeris
846 1215 1105 1263 succurritur,
1152 1227 1228 1252 non
1272 1215 1455 1252 sermoni.
1534 1213 1670 1261 Longe

180 1282 287 1320 aliud
318 1282 414 1329 fuit,
453 1282 561 1320 velut
593 1282 700 1332 quod
738 1283 907 1333 exempli
945 1296 1061 1321 causa
1099 1284 1259 1334 scripsi:
1314 1278 1400 1322 Sed
1432 1291 1510 1320 ‘nos
1547 1279 1668 1320 decet.

179 1371 235 1376 —
274 1351 352 1388 744
393 1350 505 1389 affert
535 1350 686 1389 Nonius
716 1366 754 1401 p.
786 1352 865 1388 446
899 1357 1011 1401 extr..
1044 1352 1111 1389 sed
1145 1357 1384 1402 corruptum.
1447 1346 1600 1395 inlices,
1633 1364 1667 1388 v.

182 1420 231 1457 ad
262 1420 370 1457 Asin.
405 1420 497 1457 219.

294 1489 387 1526 745.
436 1487 544 1525 Leno
575 1488 657 1525 exit
687 1500 908 1525 crumenam
941 1492 1120 1538 portans,
1162 1504 1195 1526 v.
1232 1489 1324 1526 781.
1399 1486 1459 1525 Ad
1501 1488 1668 1536 trapezi-

178 1560 259 1594 tam
290 1557 481 1606 suspicari
513 1556 638 1605 possis
669 1569 755 1593 eum
788 1569 964 1594 nummos
996 1556 1099 1593 ferre
1131 1570 1257 1607 nuper
1279 1560 1468 1606 receptos.
1494 1576 1548 1580 —
1574 1555 1666 1593 746.

181 1634 322 1674 quam,
369 1625 392 1661 i.
427 1638 459 1662 e.
491 1625 622 1674 potius
654 1638 791 1674 quam,
839 1638 873 1662 v.
907 1625 955 1662 ad
986 1625 1126 1662 Bacch.
1162 1625 1254 1662 616.
1323 1623 1385 1661 Sic
1423 1629 1463 1661 et
1494 1624 1527 1660 A
1568 1627 1607 1661 et
1637 1623 1668 1660 B

181 1698 219 1730 et
250 1692 300 1740 C3
333 1692 420 1730 edd.
454 1705 578 1741 usquc
616 1692 664 1729 ad
698 1693 821 1743 Gepp.
855 1693 954 1730 male
990 1692 1156 1739 ‚‚Quid“.
1199 1712 1243 1716 —
1284 1693 1375 1729 749.
1416 1688 1465 1730 IS
1496 1693 1670 1729 nomina-

180 1762 262 1800 tivo
294 1774 383 1799 casu
417 1761 587 1808 intelligi
619 1762 766 1810 nequit,
799 1774 920 1811 quare
952 1761 1076 1812 Gepp.
1114 1759 1279 1806 ‚,Ecce“‚
1311 1774 1384 1810 ego
1417 1760 1508 1798 olim
1540 1758 1671 1808 ‚‚Ita“;

179 1829 249 1867 sed
280 1833 338 1867 est
369 1828 575 1875 ablativus,
609 1842 642 1866 v.
662 1829 814 1878 Proleg.
848 1844 885 1880 p.
913 1831 1006 1877 212,
1039 1829 1127 1868 add.
1154 1828 1264 1867 Curc.
1294 1830 1386 1867 552.
1433 1828 1550 1879 Epid.
1576 1830 1670 1866 703.

179 1898 264 1936 Mil.
299 1899 392 1936 732.
426 1899 527 1945 7353
569 1910 641 1947 pro
676 1894 836 1943 „lucro“
872 1902 1019 1945 autem,
1053 1897 1156 1948 quod
1188 1898 1302 1935 nimis
1333 1897 1511 1947 languet,
1545 1893 1674 1934 lucri-s·

179 1966 425 2004 scribendum
459 1969 529 2004 est.
615 1966 722 2012 Tali,
770 1967 919 2016 inquit,
967 1967 1230 2004 emolumento
1261 1975 1348 2004 rem
1378 1975 1512 2003 meam
1542 1962 1672 2014 expli-

180 2031 293 2082 caui,
343 2036 368 2072 i.
400 2049 434 2073 e.
473 2034 646 2072 stabilivi
686 2039 726 2071 et
766 2036 874 2081 auxi,
922 2038 967 2072 ut
997 2034 1240 2072 confidenter
1278 2034 1474 2072 affirmare
1512 2034 1671 2084 possim,

179 2104 336 2141 mentiri
360 2103 599 2153 haruspices.
619 2123 672 2128 —
702 2104 794 2149 753,
827 2103 873 2140 cf.
893 2102 1006 2152 Epid.
1029 2104 1092 2140 50.
1151 2100 1260 2141 exim
1276 2106 1314 2140 et
1330 2102 1361 2140 B
1379 2101 1472 2140 etc.
1501 2122 1553 2126 —-
1577 2103 1670 2140 754.

184 2169 375 2220 „Ualent“
405 2173 450 2219 A,
484 2171 588 2220 quod
615 2172 644 2208 si
673 2172 759 2221 quis
786 2184 857 2220 pro
882 2171 1193 2220 interrogatione
1232 2172 1380 2220 capiat,
1414 2172 1453 2207 in
1485 2183 1672 2220 responso

180 2253 256 2278 non
287 2243 347 2277 est
381 2241 613 2290 „quaesitum
646 2237 745 2284 est“‚
778 2238 846 2275 sed
877 2237 1184 2288 „postulatum“.
1246 2238 1404 2276 Rectius
1435 2241 1526 2276 cett.
1559 2237 1669 2276 codd.

183 2307 420 2355 „Ualeant“.
480 2307 541 2345 Ad
580 2303 674 2346 uolo
713 2312 882 2357 utroque
920 2307 1005 2345 loco
1047 2306 1242 2353 „uale1·e“,
1273 2306 1521 2345 audiendum.
1596 2307 1672 2344 Pro

179 2376 301 2426 atque
331 2376 456 2432 Gepp.
495 2374 669 2426 ‚‚atqui‘⁴.
744 2374 784 2413 Si
823 2375 1095 2424 corrigendum
1138 2379 1214 2421 est,
1265 2373 1480 2425 „namque“
1522 2378 1670 2425 praetu-

180 2444 303 2495 lerim.
329 2464 386 2470 —
417 2446 511 2482 755.
542 2444 590 2482 ut
611 2439 872 2492 postulatum
898 2443 967 2489 est,
999 2447 1044 2481 ut
1069 2444 1229 2494 optasti.
1261 2462 1315 2468 —
1346 2453 1430 2480 non
1461 2439 1551 2492 tibi,
1582 2457 1672 2481 nam

180 2513 248 2551 alii
280 2513 447 2551 amatori
480 2512 738 2550 destinantur.
765 2531 818 2536 —
851 2512 944 2549 756.
983 2508 1022 2549 Si
1052 2507 1194 2554 audes,
1227 2512 1258 2549 si
1285 2511 1352 2557 vis,
1386 2523 1529 2561 quaeso‚
1562 2525 1598 2548 v.
1623 2511 1672 2549 ad

179 2581 288 2619 Asin.
322 2581 416 2619 473.
456 2600 511 2605 —
558 2581 637 2618 758
679 2593 735 2629 sq.
778 2580 883 2617 Leno
922 2580 1100 2617 inutilem
1147 2582 1187 2616 et
1232 2579 1407 2629 ineptam
1453 2581 1672 2617 orationem

181 2650 264 2687 eius
295 2663 380 2686 esse
414 2649 521 2686 dicit.
583 2647 695 2684 Talia
727 2648 877 2697 antiqui
910 2647 1065 2698 frigida,
1099 2648 1237 2696 ψυχρά,
1271 2647 1464 2694 dicebant,
1503 2661 1538 2685 v.
1573 2647 1671 2685 Plat.

181 2716 354 2766 Euthyd.
389 2718 468 2755 284
501 2716 546 2754 E.
594 2715 723 2754 Catul.
756 2715 809 2753 44
842 2716 890 2753 al.
951 2715 1113 2765 Frigida
1144 2717 1264 2763 igitur
1294 2715 1415 2753 verba
1446 2715 1672 2753 adolescen-

181 2788 261 2822 tem
293 2786 351 2822 ait
381 2786 418 2822 in
451 2798 494 2822 os
525 2797 636 2822 suum
668 2785 823 2830 inferre,
860 2784 920 2820 vel
953 2793 998 2821 os
1028 2796 1138 2821 suum
1170 2780 1457 2833 frv'yesactare,
1496 2783 1535 2820 id
1567 2783 1671 2833 quod

182 2853 218 2890 ei
249 2852 414 2891 maxime
445 2865 544 2904 opus
577 2866 660 2890 esse
700 2851 874 2899 videtur,
920 2852 986 2901 qui
1026 2851 1152 2889 cibum
1194 2851 1308 2890 nimis
1347 2851 1515 2889 calidum
1553 2853 1670 2902 cepit,
