1963 3243
71 203 137 245 ΠΙ,
163 204 194 246 2,
219 203 354 237 80—46
634 201 738 235 Miles
764 201 958 244 gloriosus.
1471 206 1524 244 69

704 324 888 367 Lucrio

70 402 165 444 Itan
195 401 328 442 uero‘?
374 406 421 442 ut
451 406 499 441 tu
532 400 611 453 ipsi
644 412 710 440 me
742 399 904 440 dixisse
937 398 1109 449 delices,

69 474 171 516 Post
201 487 221 514 e
253 473 403 524 sagina
435 486 512 524 ego
544 472 677 514 eiciar
708 470 898 519 cellaria,

74 545 129 588 Ut
160 545 239 587 tibi
273 546 345 599 qui
379 549 599 599 promptet
629 542 761 584 alium
796 557 1077 596 suppromum
1112 558 1250 597 pares.
1458 557 1526 591 845

639 645 943 687 Palaestrio

68 719 160 762 Non
193 719 348 774 edepol
379 718 555 770 faciam3
588 732 666 772 age
699 718 901 771 eloquere
934 718 1143 761 audacter
1174 720 1288 761 mihi.

695 820 888 862 Lucrio

68 895 312 949 Numquam
346 893 500 947 edepol
531 893 622 935 uidi
654 906 871 947 promere3
903 906 1054 934 uerum
1086 894 1168 935 hoc
1199 901 1311 936 erat:

68 966 172 1009 Mihi
204 966 460 1021 imperabat,
493 979 570 1019 ego
604 964 854 1019 promebam
883 975 1047 1019 postea.

638 1067 944 1109 Palaestrio

66 1141 160 1184 Hoc
190 1140 254 1183 illi
286 1141 437 1183 crebro
469 1141 610 1194 capite
643 1140 857 1182 sistebant
888 1141 997 1182 cadi.

697 1243 766 1285 Lu
779 1244 887 1285 crio

68 1316 162 1359 Non
195 1316 338 1358 hercle
369 1322 458 1357 tam
489 1316 597 1357 istoc
628 1316 774 1357 ualide
807 1316 1041 1358 cassabant
1072 1317 1183 1358 cadi.
1457 1329 1525 1362 850

68 1389 150 1431 Sed
185 1390 226 1429 in
260 1389 370 1430 cella
401 1393 497 1430 erat
528 1388 706 1442 paulum
737 1389 866 1429 nimis
898 1389 1029 1430 loculi
1060 1389 1236 1441 lubrici3

68 1461 133 1504 lbi
164 1466 259 1503 erat
290 1460 460 1502 bilibris
493 1460 594 1502 aula
627 1461 688 1502 sic
721 1466 900 1515 propter
932 1461 1088 1513 cados3

68 1533 132 1576 Ea
162 1547 290 1587 saepe
323 1533 494 1575 deciens
527 1532 814 1587 conplebatur
844 1532 891 1574 in
923 1532 1010 1585 die3

69 1605 242 1647 Plenam
277 1610 408 1659 atque
440 1606 611 1646 inanem
642 1604 737 1646 fieri
767 1604 861 1646 uidi
889 1605 1139 1657 identidem3

69 1677 152 1720 Ubi
186 1676 485 1720 bacchabatur
515 1677 628 1729 aula,
661 1677 899 1720 cassabant
930 1679 1040 1720 cadi.
1458 1691 1525 1724 855

637 1781 942 1824 Palaestrio

0 1875 4 1880 ·
66 1853 147 1896 Abi
178 1855 308 1904 intro,
341 1855 442 1895 iam.
506 1853 591 1895 Uos
622 1855 665 1895 in
699 1854 810 1896 cella
839 1856 1012 1896 uinaria

67 1925 314 1968 Bacchanal
344 1926 510 1977 facitis3
554 1927 640 1967 iam
672 1927 817 1969 hercle
850 1941 928 1981 ego
961 1942 1080 1969 erum
1113 1927 1326 1969 adducam
1357 1941 1384 1969 a
1414 1927 1522 1969 foro.

693 2030 763 2072 Lu
778 2031 887 2072 crio

66 2101 198 2153 Perii;
230 2101 495 2143 excruciabit
525 2116 592 2144 me
624 2116 736 2153 erus,
768 2102 940 2145 domum
971 2108 1006 2145 si
1038 2104 1222 2153 uenerit,

66 2173 203 2224 Quom
234 2174 342 2216 haec
373 2174 490 2216 facta
522 2175 664 2226 scibit,
696 2176 799 2230 quia
830 2175 911 2217 sibi
942 2189 1027 2217 non
1055 2175 1249 2216 dixerim.

154 2313 222 2346 843
246 2311 321 2347 LU.
347 2323 413 2347 om.
520 2312 580 2347 Ita
684 2312 762 2356 ipse
866 2314 934 2347 844
969 2323 988 2346 e
1024 2321 1090 2348 om.
1196 2312 1290 2348 eicia
1393 2313 1459 2346 845
1493 2312 1523 2346 si

64 2369 221 2414 promtis
246 2368 292 2413 B,
319 2370 348 2403 si
374 2369 520 2414 proptis
548 2368 578 2404 C
677 2370 890 2414 subpromis
914 2369 964 2413 B,
993 2370 1175 2413 supromis
1202 2369 1231 2404 Ο
1332 2369 1430 2414 paris

64 2427 131 2461 846
152 2437 220 2470 age
242 2431 279 2461 te
301 2426 452 2472 loquere
535 2428 603 2462 848
621 2427 820 2472 imperauit
843 2425 890 2470 B,
915 2427 1111 2471 inperauat
1137 2425 1166 2461 C
1242 2437 1372 2470 prome
1395 2425 1432 2461 Β

63 2484 130 2518 849
155 2483 223 2519 Hic
315 2484 493 2520 illecebro
518 2484 565 2527 B,
590 2485 644 2519 illi
671 2485 817 2520 celebro
845 2484 874 2520 O
971 2484 1126 2519 sistebat
1150 2483 1196 2524 B,
1223 2483 1380 2518 sistebas
1407 2483 1437 2519 G

65 2541 133 2575 850
169 2551 234 2576 om.
272 2542 306 2576 A
418 2542 514 2577 istoc
627 2542 787 2577 cessauit
823 2540 872 2586 B,
913 2546 1083 2576 cassauat
1122 2540 1151 2576 Ο
1257 2543 1322 2576 851
1363 2542 1432 2576 erit

65 2598 132 2631 852
167 2598 312 2633 uilibrie
349 2599 454 2634 auilis
492 2600 552 2634 hic
654 2600 721 2633 853
759 2599 923 2633 deiciens
961 2597 997 2632 B
1091 2598 1302 2642 completur
1337 2597 1383 2642 B,
1422 2610 1522 2633 com-

65 2655 238 2699 pleuatur
277 2655 308 2691 C
407 2657 446 2691 in
483 2667 549 2691 om.
653 2658 719 2691 854
756 2657 810 2691 Ea
847 2656 993 2700 plenam
1092 2654 1171 2689 fieri
1208 2656 1317 2699 plena
1352 2667 1524 2691 maxuma

155 2713 222 2747 855
247 2712 331 2748 Uidi
357 2712 394 2748 B
494 2714 579 2748 auia
603 2715 774 2748 cassabat
798 2712 865 2748 BG
961 2714 1028 2748 856
1052 2713 1123 2746 Abi
1151 2712 1311 2746 ablintro
1338 2711 1368 2747 C'
1455 2714 1522 2747 857

65 2768 228 2804 adducta
252 2770 332 2805 fore
356 2770 401 2814 B,
427 2770 612 2805 adducata
636 2770 714 2805 fore
740 2770 769 2805 C
843 2772 912 2805 858
936 2770 1163 2805 excruciauit
1235 2770 1302 2804 859
1327 2768 1521 2813 Quomodo

65 2823 102 2859 Β
195 2826 303 2862 sciuit
327 2827 364 2863 Β
457 2828 591 2862 dixerit
