<?xml version="1.0" encoding="UTF-8"?>
<!DOCTYPE html PUBLIC "-//W3C//DTD XHTML 1.0 Transitional//EN"
    "http://www.w3.org/TR/xhtml1/DTD/xhtml1-transitional.dtd">
<html xmlns="http://www.w3.org/1999/xhtml" xml:lang="en" lang="en">
 <head>
  <title>
</title>
<meta http-equiv="Content-Type" content="text/html;charset=utf-8" />
  <meta name='ocr-system' content='tesseract 3.04.00' />
  <meta name='ocr-capabilities' content='ocr_page ocr_carea ocr_par ocr_line ocrx_word'/>
</head>
<body>
  <div class='ocr_page' id='page_1' title='image "./comoediaerecensu04plauuoft_0212.png"; bbox 0 0 1963 3243; ppageno 0'>
   <div class='ocr_carea' id='block_1_1' title="bbox 327 160 1777 204">
    <p class='ocr_par' dir='ltr' id='par_1_1' title="bbox 327 160 1777 204">
     <span class='ocr_line' id='line_1_1' title="bbox 327 160 1777 204; baseline 0.002 -9"><span class='ocrx_word' id='word_1_1' title='bbox 327 166 407 204; x_wconf 72' lang='lat'>206</span> <span class='ocrx_word' id='word_1_2' title='bbox 987 160 1107 194; x_wconf 84' lang='lat' dir='ltr'>Plauti</span> <span class='ocrx_word' id='word_1_3' title='bbox 1516 161 1560 200; x_wconf 80' lang='lat' dir='ltr'>V,</span> <span class='ocrx_word' id='word_1_4' title='bbox 1584 164 1615 202; x_wconf 88' lang='lat'>2,</span> <span class='ocrx_word' id='word_1_5' title='bbox 1641 164 1777 198; x_wconf 79' lang='lat'><strong>63—70</strong></span> 
     </span>
    </p>
   </div>
   <div class='ocr_carea' id='block_1_2' title="bbox 597 285 1266 409">
    <p class='ocr_par' dir='ltr' id='par_1_2' title="bbox 597 285 1266 409">
     <span class='ocr_line' id='line_1_2' title="bbox 924 285 1187 327; baseline -0.004 0"><span class='ocrx_word' id='word_1_6' title='bbox 924 285 1187 327; x_wconf 84' lang='lat' dir='ltr'>Charinus</span> 
     </span>
     <span class='ocr_line' id='line_1_3' title="bbox 597 358 1266 409; baseline -0.001 -10"><span class='ocrx_word' id='word_1_7' title='bbox 597 359 700 409; x_wconf 83' lang='lat' dir='ltr'>Quis</span> <span class='ocrx_word' id='word_1_8' title='bbox 733 373 826 399; x_wconf 87' lang='lat' dir='ltr'>eam</span> <span class='ocrx_word' id='word_1_9' title='bbox 858 358 1041 399; x_wconf 77' lang='lat' dir='ltr'>adduxit</span> <span class='ocrx_word' id='word_1_10' title='bbox 1071 358 1126 398; x_wconf 86' lang='lat' dir='ltr'>ad</span> <span class='ocrx_word' id='word_1_11' title='bbox 1157 359 1266 400; x_wconf 83' lang='lat' dir='ltr'>uos?</span> 
     </span>
    </p>
   </div>
   <div class='ocr_carea' id='block_1_3' title="bbox 327 482 1775 862">
    <p class='ocr_par' dir='ltr' id='par_1_3' title="bbox 327 482 1775 862">
     <span class='ocr_line' id='line_1_4' title="bbox 915 482 1188 536; baseline 0.004 -13"><span class='ocrx_word' id='word_1_12' title='bbox 915 482 1188 536; x_wconf 77' lang='lat' dir='ltr'>Eutychus</span> 
     </span>
     <span class='ocr_line' id='line_1_5' title="bbox 1296 555 1775 608; baseline 0.006 -14"><span class='ocrx_word' id='word_1_13' title='bbox 1296 555 1425 595; x_wconf 73' lang='lat' dir='ltr'>Enim</span> <span class='ocrx_word' id='word_1_14' title='bbox 1456 556 1603 608; x_wconf 90' lang='lat' dir='ltr'>inique</span> <span class='ocrx_word' id='word_1_15' title='bbox 1633 569 1775 608; x_wconf 87' lang='lat' dir='ltr'><strong>rogas.</strong></span> 
     </span>
     <span class='ocr_line' id='line_1_6' title="bbox 906 644 1189 696; baseline 0 -10"><span class='ocrx_word' id='word_1_16' title='bbox 906 644 1189 696; x_wconf 77' lang='lat' dir='ltr'>[Charinus</span> 
     </span>
     <span class='ocr_line' id='line_1_7' title="bbox 327 719 610 761; baseline -0.011 0"><span class='ocrx_word' id='word_1_17' title='bbox 327 719 441 761; x_wconf 83' lang='lat' dir='ltr'>Uera</span> <span class='ocrx_word' id='word_1_18' title='bbox 472 719 610 760; x_wconf 77' lang='lat' dir='ltr'>dicis?</span> 
     </span>
     <span class='ocr_line' id='line_1_8' title="bbox 917 808 1191 862; baseline 0 -13"><span class='ocrx_word' id='word_1_19' title='bbox 917 808 1191 862; x_wconf 79' lang='lat' dir='ltr'>Eutychus</span> 
     </span>
    </p>
   </div>
   <div class='ocr_carea' id='block_1_4' title="bbox 328 880 1716 1006">
    <p class='ocr_par' dir='ltr' id='par_1_4' title="bbox 328 880 1716 1006">
     <span class='ocr_line' id='line_1_9' title="bbox 631 880 1716 935; baseline 0 -14"><span class='ocrx_word' id='word_1_20' title='bbox 631 881 750 922; x_wconf 88' lang='lat' dir='ltr'>Nihil</span> <span class='ocrx_word' id='word_1_21' title='bbox 782 880 968 922; x_wconf 81' lang='lat' dir='ltr'>Charine</span> <span class='ocrx_word' id='word_1_22' title='bbox 1000 884 1043 921; x_wconf 74' lang='lat' dir='ltr'>te</span> <span class='ocrx_word' id='word_1_23' title='bbox 1077 881 1250 934; x_wconf 87' lang='lat' dir='ltr'>quidem</span> <span class='ocrx_word' id='word_1_24' title='bbox 1283 881 1520 935; x_wconf 82' lang='lat' dir='ltr'><strong>quidquam</strong></span> <span class='ocrx_word' id='word_1_25' title='bbox 1554 880 1716 934; x_wconf 64' lang='lat' dir='ltr'>pudet]</span> 
     </span>
     <span class='ocr_line' id='line_1_10' title="bbox 328 952 1671 1006; baseline -0.004 -9"><span class='ocrx_word' id='word_1_26' title='bbox 328 955 441 1005; x_wconf 85' lang='lat' dir='ltr'>Quid</span> <span class='ocrx_word' id='word_1_27' title='bbox 474 959 549 996; x_wconf 80' lang='lat' dir='ltr'>tua</span> <span class='ocrx_word' id='word_1_28' title='bbox 581 953 725 1002; x_wconf 76' lang='lat' dir='ltr'>refert,</span> <span class='ocrx_word' id='word_1_29' title='bbox 757 954 928 1006; x_wconf 86' lang='lat' dir='ltr'>quicum</span> <span class='ocrx_word' id='word_1_30' title='bbox 960 953 1075 993; x_wconf 79' lang='lat' dir='ltr'>istuc</span> <span class='ocrx_word' id='word_1_31' title='bbox 1105 952 1286 1001; x_wconf 77' lang='lat' dir='ltr'>uenerit,</span> <span class='ocrx_word' id='word_1_32' title='bbox 1321 952 1421 992; x_wconf 85' lang='lat' dir='ltr'>dum</span> <span class='ocrx_word' id='word_1_33' title='bbox 1454 953 1553 994; x_wconf 80' lang='lat' dir='ltr'>istic</span> <span class='ocrx_word' id='word_1_34' title='bbox 1583 953 1671 993; x_wconf 75' lang='lat' dir='ltr'>siet.</span> 
     </span>
    </p>
   </div>
   <div class='ocr_carea' id='block_1_5' title="bbox 329 1027 642 1081">
    <p class='ocr_par' dir='ltr' id='par_1_5' title="bbox 329 1027 642 1081">
     <span class='ocr_line' id='line_1_11' title="bbox 329 1027 642 1081; baseline -0.003 -13"><span class='ocrx_word' id='word_1_35' title='bbox 329 1028 404 1068; x_wconf 77' lang='lat' dir='ltr'>Est</span> <span class='ocrx_word' id='word_1_36' title='bbox 436 1027 642 1081; x_wconf 75' lang='lat' dir='ltr'>profecto.</span> 
     </span>
    </p>
   </div>
   <div class='ocr_carea' id='block_1_6' title="bbox 602 1125 1778 1254">
    <p class='ocr_par' dir='ltr' id='par_1_6' title="bbox 602 1125 1778 1254">
     <span class='ocr_line' id='line_1_12' title="bbox 927 1125 1193 1168; baseline 0.004 -1"><span class='ocrx_word' id='word_1_37' title='bbox 927 1125 1193 1168; x_wconf 86' lang='lat' dir='ltr'>Charinus</span> 
     </span>
     <span class='ocr_line' id='line_1_13' title="bbox 602 1198 1778 1254; baseline 0.001 -13"><span class='ocrx_word' id='word_1_38' title='bbox 602 1200 717 1254; x_wconf 77' lang='lat' dir='ltr'>Opta</span> <span class='ocrx_word' id='word_1_39' title='bbox 748 1213 849 1250; x_wconf 73' lang='lat' dir='ltr'>ergo</span> <span class='ocrx_word' id='word_1_40' title='bbox 882 1198 936 1240; x_wconf 91' lang='lat' dir='ltr'>ob</span> <span class='ocrx_word' id='word_1_41' title='bbox 967 1199 1110 1240; x_wconf 70' lang='lat' dir='ltr'>istunc</span> <span class='ocrx_word' id='word_1_42' title='bbox 1141 1199 1340 1239; x_wconf 76' lang='lat' dir='ltr'>nuntium</span> <span class='ocrx_word' id='word_1_43' title='bbox 1373 1199 1548 1252; x_wconf 85' lang='lat' dir='ltr'>quiduis</span> <span class='ocrx_word' id='word_1_44' title='bbox 1581 1198 1672 1239; x_wconf 77' lang='lat' dir='ltr'>tibi.</span> <span class='ocrx_word' id='word_1_45' title='bbox 1713 1210 1778 1242; x_wconf 77' lang='lat'>895</span> 
     </span>
    </p>
   </div>
   <div class='ocr_carea' id='block_1_7' title="bbox 329 1323 1192 1452">
    <p class='ocr_par' dir='ltr' id='par_1_7' title="bbox 329 1323 1192 1452">
     <span class='ocr_line' id='line_1_14' title="bbox 920 1323 1192 1377; baseline 0 -13"><span class='ocrx_word' id='word_1_46' title='bbox 920 1323 1192 1377; x_wconf 76' lang='lat' dir='ltr'>Eutychus</span> 
     </span>
     <span class='ocr_line' id='line_1_15' title="bbox 329 1398 737 1452; baseline -0.005 -12"><span class='ocrx_word' id='word_1_47' title='bbox 329 1399 443 1450; x_wconf 83' lang='lat' dir='ltr'>Quid</span> <span class='ocrx_word' id='word_1_48' title='bbox 475 1400 510 1440; x_wconf 82' lang='lat' dir='ltr'>si</span> <span class='ocrx_word' id='word_1_49' title='bbox 542 1398 737 1452; x_wconf 78' lang='lat' dir='ltr'>optabo?</span> 
     </span>
    </p>
   </div>
   <div class='ocr_carea' id='block_1_8' title="bbox 735 1498 1641 1624">
    <p class='ocr_par' dir='ltr' id='par_1_8' title="bbox 735 1498 1641 1624">
     <span class='ocr_line' id='line_1_16' title="bbox 927 1498 1192 1540; baseline -0.004 0"><span class='ocrx_word' id='word_1_50' title='bbox 927 1498 1192 1540; x_wconf 82' lang='lat' dir='ltr'>Charinus</span> 
     </span>
     <span class='ocr_line' id='line_1_17' title="bbox 735 1570 1641 1624; baseline -0.003 -11"><span class='ocrx_word' id='word_1_51' title='bbox 735 1572 847 1613; x_wconf 79' lang='lat' dir='ltr'>Deos</span> <span class='ocrx_word' id='word_1_52' title='bbox 880 1571 1026 1615; x_wconf 82' lang='lat' dir='ltr'>orabo.</span> <span class='ocrx_word' id='word_1_53' title='bbox 1058 1575 1107 1611; x_wconf 81' lang='lat' dir='ltr'>ut</span> <span class='ocrx_word' id='word_1_54' title='bbox 1138 1571 1230 1611; x_wconf 77' lang='lat' dir='ltr'>eius</span> <span class='ocrx_word' id='word_1_55' title='bbox 1262 1570 1427 1611; x_wconf 72' lang='lat' dir='ltr'>faciant</span> <span class='ocrx_word' id='word_1_56' title='bbox 1459 1571 1641 1624; x_wconf 78' lang='lat' dir='ltr'>copiam.</span> 
     </span>
    </p>
   </div>
   <div class='ocr_carea' id='block_1_9' title="bbox 331 1695 1192 1812">
    <p class='ocr_par' dir='ltr' id='par_1_9' title="bbox 331 1695 1192 1812">
     <span class='ocr_line' id='line_1_18' title="bbox 920 1695 1192 1749; baseline -0.004 -12"><span class='ocrx_word' id='word_1_57' title='bbox 920 1695 1192 1749; x_wconf 81' lang='lat' dir='ltr'>Eutychus</span> 
     </span>
     <span class='ocr_line' id='line_1_19' title="bbox 331 1771 526 1812; baseline -0.005 0"><span class='ocrx_word' id='word_1_58' title='bbox 331 1771 526 1812; x_wconf 81' lang='lat' dir='ltr'>Derides.</span> 
     </span>
    </p>
   </div>
   <div class='ocr_carea' id='block_1_10' title="bbox 332 1869 1780 2128">
    <p class='ocr_par' dir='ltr' id='par_1_10' title="bbox 332 1869 1780 2128">
     <span class='ocr_line' id='line_1_20' title="bbox 934 1869 1197 1912; baseline -0.008 0"><span class='ocrx_word' id='word_1_59' title='bbox 934 1869 1197 1912; x_wconf 75' lang='lat' dir='ltr'>Charinus</span> 
     </span>
     <span class='ocr_line' id='line_1_21' title="bbox 602 1942 1620 1992; baseline -0.001 -7"><span class='ocrx_word' id='word_1_60' title='bbox 602 1944 788 1986; x_wconf 78' lang='lat' dir='ltr'>seruata</span> <span class='ocrx_word' id='word_1_61' title='bbox 818 1957 887 1985; x_wconf 84' lang='lat' dir='ltr'>res</span> <span class='ocrx_word' id='word_1_62' title='bbox 920 1948 986 1984; x_wconf 78' lang='lat' dir='ltr'>est</span> <span class='ocrx_word' id='word_1_63' title='bbox 1018 1943 1202 1992; x_wconf 80' lang='lat' dir='ltr'>demum,</span> <span class='ocrx_word' id='word_1_64' title='bbox 1237 1943 1272 1983; x_wconf 83' lang='lat' dir='ltr'>si</span> <span class='ocrx_word' id='word_1_65' title='bbox 1304 1942 1421 1983; x_wconf 81' lang='lat' dir='ltr'>illam</span> <span class='ocrx_word' id='word_1_66' title='bbox 1456 1943 1620 1984; x_wconf 88' lang='lat' dir='ltr'>uidero.</span> 
     </span>
     <span class='ocr_line' id='line_1_22' title="bbox 332 2015 1780 2072; baseline -0.003 -12"><span class='ocrx_word' id='word_1_67' title='bbox 332 2019 414 2060; x_wconf 87' lang='lat' dir='ltr'>Sed</span> <span class='ocrx_word' id='word_1_68' title='bbox 456 2019 558 2072; x_wconf 90' lang='lat' dir='ltr'>quin</span> <span class='ocrx_word' id='word_1_69' title='bbox 601 2020 800 2058; x_wconf 79' lang='lat' dir='ltr'>ornatum</span> <span class='ocrx_word' id='word_1_70' title='bbox 839 2016 953 2056; x_wconf 86' lang='lat' dir='ltr'>hunc</span> <span class='ocrx_word' id='word_1_71' title='bbox 991 2016 1152 2057; x_wconf 83' lang='lat' dir='ltr'>reicio‘?</span> <span class='ocrx_word' id='word_1_72' title='bbox 1213 2015 1344 2060; x_wconf 86' lang='lat' dir='ltr'>Heus,</span> <span class='ocrx_word' id='word_1_73' title='bbox 1388 2015 1544 2069; x_wconf 85' lang='lat' dir='ltr'>aliquis</span> <span class='ocrx_word' id='word_1_74' title='bbox 1585 2019 1780 2056; x_wconf 82' lang='lat' dir='ltr'>actutum</span> 
     </span>
     <span class='ocr_line' id='line_1_23' title="bbox 1415 2087 1646 2128; baseline 0 0"><span class='ocrx_word' id='word_1_75' title='bbox 1415 2087 1498 2128; x_wconf 89' lang='lat' dir='ltr'>huc</span> <span class='ocrx_word' id='word_1_76' title='bbox 1529 2087 1646 2128; x_wconf 86' lang='lat' dir='ltr'>foras</span> 
     </span>
    </p>
   </div>
   <div class='ocr_carea' id='block_1_11' title="bbox 331 2159 1169 2215">
    <p class='ocr_par' dir='ltr' id='par_1_11' title="bbox 331 2159 1169 2215">
     <span class='ocr_line' id='line_1_24' title="bbox 331 2159 1169 2215; baseline -0.004 -12"><span class='ocrx_word' id='word_1_77' title='bbox 331 2163 470 2212; x_wconf 80' lang='lat' dir='ltr'>Exite,</span> <span class='ocrx_word' id='word_1_78' title='bbox 499 2161 617 2202; x_wconf 88' lang='lat' dir='ltr'>illinc</span> <span class='ocrx_word' id='word_1_79' title='bbox 649 2160 828 2215; x_wconf 82' lang='lat' dir='ltr'>pallium</span> <span class='ocrx_word' id='word_1_80' title='bbox 861 2159 964 2200; x_wconf 88' lang='lat' dir='ltr'>mihi</span> <span class='ocrx_word' id='word_1_81' title='bbox 996 2159 1169 2201; x_wconf 77' lang='lat' dir='ltr'>ecferte.</span> 
     </span>
    </p>
   </div>
   <div class='ocr_carea' id='block_1_12' title="bbox 922 2283 1781 2410">
    <p class='ocr_par' dir='ltr' id='par_1_12' title="bbox 922 2283 1781 2410">
     <span class='ocr_line' id='line_1_25' title="bbox 922 2283 1196 2338; baseline 0.004 -14"><span class='ocrx_word' id='word_1_82' title='bbox 922 2283 1196 2338; x_wconf 80' lang='lat' dir='ltr'>Eutychus</span> 
     </span>
     <span class='ocr_line' id='line_1_26' title="bbox 1137 2356 1781 2410; baseline -0.003 -13"><span class='ocrx_word' id='word_1_83' title='bbox 1137 2356 1229 2404; x_wconf 77' lang='lat' dir='ltr'>Em,</span> <span class='ocrx_word' id='word_1_84' title='bbox 1263 2370 1376 2398; x_wconf 87' lang='lat' dir='ltr'>nunc</span> <span class='ocrx_word' id='word_1_85' title='bbox 1407 2360 1454 2398; x_wconf 81' lang='lat' dir='ltr'>tu</span> <span class='ocrx_word' id='word_1_86' title='bbox 1488 2356 1591 2398; x_wconf 89' lang='lat' dir='ltr'>mihi</span> <span class='ocrx_word' id='word_1_87' title='bbox 1624 2356 1781 2410; x_wconf 84' lang='lat' dir='ltr'>places.</span> 
     </span>
    </p>
   </div>
   <div class='ocr_carea' id='block_1_13' title="bbox 456 2441 576 2445">
    <p class='ocr_par' dir='ltr' id='par_1_13' title="bbox 456 2441 576 2445">
     <span class='ocr_line' id='line_1_27' title="bbox 456 2441 576 2445; baseline 0 0"><span class='ocrx_word' id='word_1_88' title='bbox 456 2441 576 2445; x_wconf 95' lang='lat' dir='ltr'> </span> 
     </span>
    </p>
   </div>
   <div class='ocr_carea' id='block_1_14' title="bbox 333 2491 1784 2763">
    <p class='ocr_par' dir='ltr' id='par_1_14' title="bbox 333 2491 1784 2763">
     <span class='ocr_line' id='line_1_28' title="bbox 423 2491 1784 2536; baseline -0.001 -8"><span class='ocrx_word' id='word_1_89' title='bbox 423 2495 490 2528; x_wconf 82' lang='grc'>892</span> <span class='ocrx_word' id='word_1_90' title='bbox 516 2493 560 2528; x_wconf 86' lang='lat' dir='ltr'>ad</span> <span class='ocrx_word' id='word_1_91' title='bbox 587 2504 653 2528; x_wconf 86' lang='lat' dir='ltr'>om.</span> <span class='ocrx_word' id='word_1_92' title='bbox 681 2493 712 2528; x_wconf 80' lang='lat' dir='ltr'><em>O</em></span> <span class='ocrx_word' id='word_1_93' title='bbox 803 2493 899 2527; x_wconf 83' lang='lat' dir='ltr'>enim</span> <span class='ocrx_word' id='word_1_94' title='bbox 925 2503 991 2528; x_wconf 86' lang='lat' dir='ltr'>om.</span> <span class='ocrx_word' id='word_1_95' title='bbox 1086 2494 1152 2527; x_wconf 85' lang='lat'>894</span> <span class='ocrx_word' id='word_1_96' title='bbox 1177 2491 1273 2534; x_wconf 80' lang='lat' dir='ltr'>Quid</span> <span class='ocrx_word' id='word_1_97' title='bbox 1298 2503 1418 2526; x_wconf 81' lang='lat' dir='ltr'>amare</span> <span class='ocrx_word' id='word_1_98' title='bbox 1443 2491 1514 2526; x_wconf 71' lang='lat' dir='ltr'>fert</span> <span class='ocrx_word' id='word_1_99' title='bbox 1528 2492 1573 2536; x_wconf 90' lang='lat' dir='ltr'>B,</span> <span class='ocrx_word' id='word_1_100' title='bbox 1599 2491 1686 2536; x_wconf 87' lang='lat' dir='ltr'>quid</span> <span class='ocrx_word' id='word_1_101' title='bbox 1711 2491 1784 2526; x_wconf 83' lang='lat' dir='ltr'>ima</span> 
     </span>
     <span class='ocr_line' id='line_1_29' title="bbox 341 2547 1696 2592; baseline -0.001 -7"><span class='ocrx_word' id='word_1_102' title='bbox 341 2550 454 2585; x_wconf 74' lang='lat' dir='ltr'>refert</span> <span class='ocrx_word' id='word_1_103' title='bbox 479 2550 506 2584; x_wconf 83' lang='lat' dir='ltr'><em>C</em></span> <span class='ocrx_word' id='word_1_104' title='bbox 608 2552 699 2585; x_wconf 83' lang='lat' dir='ltr'>istac</span> <span class='ocrx_word' id='word_1_105' title='bbox 805 2550 901 2584; x_wconf 80' lang='lat' dir='ltr'>istuc</span> <span class='ocrx_word' id='word_1_106' title='bbox 927 2551 976 2583; x_wconf 77' lang='lat' dir='ltr'>sit,</span> <span class='ocrx_word' id='word_1_107' title='bbox 1067 2550 1135 2583; x_wconf 84' lang='lat'>895</span> <span class='ocrx_word' id='word_1_108' title='bbox 1160 2548 1231 2582; x_wconf 91' lang='lat' dir='ltr'>CH.</span> <span class='ocrx_word' id='word_1_109' title='bbox 1258 2548 1327 2582; x_wconf 80' lang='lat' dir='ltr'>Est</span> <span class='ocrx_word' id='word_1_110' title='bbox 1351 2548 1532 2592; x_wconf 77' lang='lat' dir='ltr'>profecto.</span> <span class='ocrx_word' id='word_1_111' title='bbox 1558 2548 1634 2584; x_wconf 88' lang='lat' dir='ltr'>EU.</span> <span class='ocrx_word' id='word_1_112' title='bbox 1660 2547 1696 2583; x_wconf 93' lang='lat' dir='ltr'><strong><em>B</em></strong></span> 
     </span>
     <span class='ocr_line' id='line_1_30' title="bbox 336 2604 1782 2650; baseline -0.001 -10"><span class='ocrx_word' id='word_1_113' title='bbox 336 2608 432 2642; x_wconf 83' lang='lat' dir='ltr'>istuc</span> <span class='ocrx_word' id='word_1_114' title='bbox 525 2608 590 2641; x_wconf 90' lang='grc'>896</span> <span class='ocrx_word' id='word_1_115' title='bbox 617 2606 689 2641; x_wconf 91' lang='lat' dir='ltr'>CH.</span> <span class='ocrx_word' id='word_1_116' title='bbox 705 2606 797 2650; x_wconf 81' lang='lat' dir='ltr'>Quid</span> <span class='ocrx_word' id='word_1_117' title='bbox 814 2605 850 2641; x_wconf 88' lang='lat' dir='ltr'><em>B</em></span> <span class='ocrx_word' id='word_1_118' title='bbox 943 2607 992 2639; x_wconf 80' lang='lat' dir='ltr'>sit</span> <span class='ocrx_word' id='word_1_119' title='bbox 1006 2605 1033 2640; x_wconf 88' lang='lat' dir='ltr'><strong><em>C</em></strong></span> <span class='ocrx_word' id='word_1_120' title='bbox 1126 2604 1199 2640; x_wconf 79' lang='grc' dir='ltr'>ΕΠ.</span> <span class='ocrx_word' id='word_1_121' title='bbox 1227 2605 1315 2639; x_wconf 81' lang='lat' dir='ltr'>deos</span> <span class='ocrx_word' id='word_1_122' title='bbox 1328 2605 1364 2640; x_wconf 91' lang='lat' dir='ltr'><em>B</em></span> <span class='ocrx_word' id='word_1_123' title='bbox 1458 2609 1563 2640; x_wconf 80' lang='lat' dir='ltr'><strong>orato</strong></span> <span class='ocrx_word' id='word_1_124' title='bbox 1579 2605 1623 2646; x_wconf 77' lang='grc' dir='ltr'>Β,</span> <span class='ocrx_word' id='word_1_125' title='bbox 1639 2607 1782 2640; x_wconf 79' lang='lat' dir='ltr'><strong>oratato</strong></span> 
     </span>
     <span class='ocr_line' id='line_1_31' title="bbox 337 2662 1695 2707; baseline -0.001 -9"><span class='ocrx_word' id='word_1_126' title='bbox 337 2664 365 2698; x_wconf 86' lang='lat' dir='ltr'><strong><em>C</em></strong></span> <span class='ocrx_word' id='word_1_127' title='bbox 455 2663 567 2698; x_wconf 79' lang='lat' dir='ltr'>faciat</span> <span class='ocrx_word' id='word_1_128' title='bbox 593 2665 701 2707; x_wconf 80' lang='lat' dir='ltr'>copia</span> <span class='ocrx_word' id='word_1_129' title='bbox 793 2665 859 2697; x_wconf 84' lang='lat'>897</span> <span class='ocrx_word' id='word_1_130' title='bbox 874 2662 994 2697; x_wconf 84' lang='lat' dir='ltr'>CH.R</span> <span class='ocrx_word' id='word_1_131' title='bbox 1088 2662 1224 2696; x_wconf 79' lang='lat' dir='ltr'>deridis</span> <span class='ocrx_word' id='word_1_132' title='bbox 1250 2667 1395 2696; x_wconf 78' lang='lat' dir='ltr'>seruata</span> <span class='ocrx_word' id='word_1_133' title='bbox 1487 2663 1550 2696; x_wconf 87' lang='lat' dir='ltr'>illa</span> <span class='ocrx_word' id='word_1_134' title='bbox 1565 2663 1695 2696; x_wconf 82' lang='lat' dir='ltr'>uideor</span> 
     </span>
     <span class='ocr_line' id='line_1_32' title="bbox 333 2718 1782 2763; baseline -0.002 -8"><span class='ocrx_word' id='word_1_135' title='bbox 333 2722 399 2755; x_wconf 83' lang='lat'>898</span> <span class='ocrx_word' id='word_1_136' title='bbox 425 2721 496 2755; x_wconf 79' lang='lat' dir='ltr'>Sed</span> <span class='ocrx_word' id='word_1_137' title='bbox 523 2732 605 2754; x_wconf 84' lang='lat' dir='ltr'>cum</span> <span class='ocrx_word' id='word_1_138' title='bbox 633 2724 802 2755; x_wconf 75' lang='lat' dir='ltr'>ornatum</span> <span class='ocrx_word' id='word_1_139' title='bbox 828 2720 862 2755; x_wconf 88' lang='lat' dir='ltr'><em>B</em></span> <span class='ocrx_word' id='word_1_140' title='bbox 967 2720 1096 2763; x_wconf 81' lang='lat' dir='ltr'>aliquis</span> <span class='ocrx_word' id='word_1_141' title='bbox 1123 2724 1177 2752; x_wconf 78' lang='lat' dir='ltr'>est</span> <span class='ocrx_word' id='word_1_142' title='bbox 1282 2719 1378 2752; x_wconf 85' lang='lat' dir='ltr'>hunc</span> <span class='ocrx_word' id='word_1_143' title='bbox 1484 2721 1550 2754; x_wconf 87' lang='grc'>899</span> <span class='ocrx_word' id='word_1_144' title='bbox 1575 2719 1665 2754; x_wconf 78' lang='lat' dir='ltr'>haec</span> <span class='ocrx_word' id='word_1_145' title='bbox 1690 2718 1782 2753; x_wconf 78' lang='lat' dir='ltr'>ferte</span> 
     </span>
    </p>
   </div>
   <div class='ocr_carea' id='block_1_15' title="bbox 428 2777 912 2820">
    <p class='ocr_par' dir='ltr' id='par_1_15' title="bbox 428 2777 912 2820">
     <span class='ocr_line' id='line_1_33' title="bbox 428 2777 912 2820; baseline 0.002 -11"><span class='ocrx_word' id='word_1_146' title='bbox 428 2778 517 2810; x_wconf 76' lang='lat' dir='ltr'>Hem</span> <span class='ocrx_word' id='word_1_147' title='bbox 613 2778 700 2811; x_wconf 81' lang='lat' dir='ltr'>mihi</span> <span class='ocrx_word' id='word_1_148' title='bbox 729 2782 765 2811; x_wconf 82' lang='lat' dir='ltr'>ut</span> <span class='ocrx_word' id='word_1_149' title='bbox 790 2777 912 2820; x_wconf 82' lang='lat' dir='ltr'>places</span> 
     </span>
    </p>
   </div>
   <div class='ocr_carea' id='block_1_16' title="bbox 1922 0 1963 1002">
    <p class='ocr_par' dir='ltr' id='par_1_16' title="bbox 1922 0 1963 1002">
     <span class='ocr_line' id='line_1_34' title="bbox 1922 0 1963 1002; baseline 0 0"><span class='ocrx_word' id='word_1_150' title='bbox 1922 0 1963 1002; x_wconf 95' lang='lat' dir='ltr'> </span> 
     </span>
    </p>
   </div>
   <div class='ocr_carea' id='block_1_17' title="bbox 1915 1456 1925 2253">
    <p class='ocr_par' dir='ltr' id='par_1_17' title="bbox 1915 1456 1925 2253">
     <span class='ocr_line' id='line_1_35' title="bbox 1915 1456 1925 2253; baseline 0 0"><span class='ocrx_word' id='word_1_151' title='bbox 1915 1456 1925 2253; x_wconf 95' lang='lat' dir='ltr'> </span> 
     </span>
    </p>
   </div>
   <div class='ocr_carea' id='block_1_18' title="bbox 1840 2303 1963 3243">
    <p class='ocr_par' dir='ltr' id='par_1_18' title="bbox 1840 2303 1963 3243">
     <span class='ocr_line' id='line_1_36' title="bbox 1840 2303 1963 3243; baseline 0 1"><span class='ocrx_word' id='word_1_152' title='bbox 1840 2303 1963 3243; x_wconf 95' lang='lat' dir='ltr'> </span> 
     </span>
    </p>
   </div>
  </div>
 </body>
</html>
