1963 3243
491 950 777 993 CHARINUS
811 948 1193 992 ADULESCENS.

119 1092 231 1133 Duas
262 1105 329 1131 res
361 1089 486 1131 simul
519 1102 631 1130 nunc
661 1102 787 1142 agere
821 1088 1086 1128 decretumst
1120 1085 1243 1126 mihi:

119 1163 172 1206 Et
201 1167 501 1216 argumentum
532 1166 576 1203 et
606 1174 725 1201 meos
758 1174 925 1201 amores
957 1158 1149 1213 eloquar.

118 1235 209 1278 Non
241 1250 318 1288 ego
350 1236 453 1276 item
484 1234 597 1276 facio
629 1238 676 1274 ut
709 1233 818 1274 alios
851 1233 893 1272 in
927 1231 1163 1273 comoediis

125 1306 177 1350 Ui
206 1307 294 1349 uidi
327 1307 487 1349 amoris
517 1306 671 1353 facere,
705 1305 779 1359 qui
811 1309 887 1345 aut
918 1304 1037 1345 nocti
1069 1309 1147 1345 aut,
1179 1303 1238 1344 dii

120 1381 202 1421 Aut
233 1379 312 1421 soli
343 1385 420 1421 aut
449 1379 576 1419 lunae
609 1378 803 1418 miserias
835 1382 1017 1417 narrant
1049 1388 1163 1425 suas,
1555 1388 1574 1418 g.

119 1451 232 1503 Quos
265 1452 333 1506 pol
365 1466 442 1505 ego
475 1450 603 1492 credo
637 1450 849 1491 humanas
882 1448 1175 1503 querimonias

118 1523 212 1566 Non
244 1525 354 1565 tanti
385 1524 538 1573 facere,
570 1523 674 1578 quid
706 1522 856 1574 uelint,
890 1521 995 1575 quid
1027 1535 1112 1562 non
1144 1520 1300 1571 uelint3

118 1595 247 1639 Uobis
277 1596 464 1639 narrabo
497 1596 642 1650 potius
675 1609 793 1636 meas
825 1608 937 1635 nunc
969 1594 1179 1634 miserias.

119 1667 301 1723 [Graece
334 1669 440 1710 haec
470 1672 654 1710 uocatur
685 1667 897 1721 Emporos
930 1665 1215 1717 Philemonis;

120 1740 277 1783 Eadem
308 1741 459 1783 Latine
492 1741 708 1782 Mercator
740 1739 877 1781 Macci
909 1736 1027 1791 Titi]
1534 1749 1575 1781 10

118 1813 244 1855 Pater
275 1813 327 1854 ad
361 1819 600 1855 mercatum
631 1812 729 1854 hinc
761 1827 827 1854 me
861 1825 980 1853 meus
1015 1811 1131 1852 misit
1164 1810 1387 1862 Rhodum3

118 1885 339 1927 Biennium
371 1887 456 1927 iam
488 1886 696 1927 factumst
742 1877 973 1939 postquam
1006 1883 1093 1925 abii
1126 1883 1275 1934 domo3

119 1957 181 1999 Ibi
212 1972 357 1999 amare
389 1959 535 2012 occepi
568 1958 708 1999 forma
741 1958 896 1998 eximia
927 1956 1162 1998 mulierem.

119 2030 198 2072 Sed
231 2044 280 2071 ea
310 2037 358 2072 ut.
389 2032 467 2072 sim
500 2031 736 2084 implicitus
768 2031 921 2079 dicam,
952 2031 988 2071 si
1020 2035 1223 2082 operaest
1255 2028 1432 2070 auribus

120 2105 255 2156 Atque
287 2103 338 2144 ad
371 2103 628 2144 uortendum
662 2103 745 2144 huc
778 2104 967 2143 animum
999 2101 1121 2143 adest
1154 2101 1412 2153 benignitas.
1535 2113 1573 2144 15

119 2174 186 2225 [Et
216 2174 295 2216 hoc
327 2189 479 2229 parum
511 2177 711 2230 equidem
744 2189 860 2215 more
893 2180 1135 2215 amatorum
1169 2174 1331 2215 institi:

122 2245 200 2288 Per
230 2261 323 2288 mea
354 2254 512 2289 conata
543 2248 696 2289 doctus
729 2261 839 2302 quae
871 2261 965 2288 sum
997 2246 1108 2297 inde,
1142 2246 1323 2301 explico.

210 2408 226 2441 1
253 2407 386 2443 ducere
412 2411 495 2444 nest
518 2406 554 2442 Β
647 2409 667 2441 2
692 2408 828 2441 amoris
855 2407 886 2442 0
975 2408 995 2441 3
1029 2407 1125 2441 idem
1160 2404 1206 2448 Β,
1238 2405 1338 2440 idest
1363 2403 1392 2439 C'
1482 2406 1503 2438 4
1527 2402 1573 2438 Ui

119 2473 183 2498 om.
264 2465 348 2509 quia
363 2465 396 2500 B
478 2469 592 2500 noctu
617 2469 681 2499 aut
706 2464 765 2498 die
848 2466 869 2498 5
894 2476 941 2498 au
967 2463 1144 2498 narrasB
1225 2463 1247 2496 6
1271 2462 1442 2496 humanis
1457 2461 1492 2495 Β

121 2522 356 2565 querimoniis
449 2525 470 2557 7
494 2522 578 2557 Non
604 2528 725 2556 tacere
751 2522 837 2567 quid
853 2521 887 2556 Β
981 2522 1078 2556 uelin
1107 2521 1295 2564 uelintque
1310 2518 1356 2560 B,
1373 2518 1488 2553 uelint
1511 2524 1575 2552 aut

121 2578 206 2623 quid
232 2577 260 2613 G
371 2581 392 2615 9
416 2591 591 2624 emporus
711 2581 751 2613 10
776 2579 924 2614 mactici
949 2578 996 2621 B,
1025 2578 1168 2612 mattici
1194 2575 1222 2611 C
1339 2577 1376 2608 11
1403 2574 1464 2609 hic

122 2645 268 2670 meneus
299 2636 335 2671 B
428 2637 539 2672 rodus
574 2637 618 2678 B,
656 2636 794 2671 rhodus
830 2635 860 2671 C'
952 2638 990 2670 13
1017 2636 1099 2669 Abii
1195 2645 1317 2668 amare
1355 2632 1502 2676 occepit
1530 2630 1573 2671 B,

124 2694 249 2738 occepi
274 2706 395 2729 amare
422 2695 452 2730 0
542 2696 584 2729 14
609 2706 688 2729 earn
783 2695 830 2728 sit
851 2692 886 2728 Β
980 2692 1099 2727 flicam
1122 2691 1150 2726 C
1241 2701 1355 2735 opera
1379 2694 1436 2724 est
1533 2690 1573 2722 15

125 2749 389 2785 aduertendam
414 2758 454 2786 ut
572 2753 613 2785 16
646 2751 706 2785 Fit
731 2751 765 2784 Β
880 2763 1007 2794 parum
1034 2757 1074 2785 ee
1100 2760 1200 2783 more
1317 2753 1502 2782 matorum
1528 2748 1571 2791 B,

124 2807 296 2842 maiorum
325 2808 354 2844 G
445 2811 484 2844 17
510 2820 567 2843 me
595 2809 624 2843 C
712 2815 937 2854 perconatus
965 2819 1042 2842 sum
1071 2805 1256 2850 uossumq’
1284 2805 1370 2839 inde
1395 2805 1528 2840 exilico
