1963 3243
343 197 366 236 3
373 196 423 234 32
968 195 1164 232 Mercator.

341 336 427 361 cum
460 323 553 360 mihi
584 326 818 362 communiet
847 325 929 370 illa,
960 326 993 363 is
1024 326 1085 362 hic
1115 339 1215 364 nunc
1247 338 1324 362 non
1355 321 1504 362 adest“.
1537 342 1590 349 -—
1622 323 1702 361 450
1734 335 1792 372 sq.

343 404 390 428 ex
429 390 465 428 A
506 393 699 439 restituti,
741 394 814 430 nisi
853 394 958 442 quod
998 395 1037 431 in
1067 395 1263 444 principio
1300 392 1399 441 Quid
1428 395 1646 429 ceterorum
1678 390 1791 428 codd.

342 459 474 508 aptius
506 459 722 499 Ritschelio
759 462 886 498 visum
917 464 997 508 est;
1035 462 1076 499 in
1106 461 1299 499 Palatinis
1330 459 1444 498 codd.
1476 460 1627 497 omissis
1656 459 1795 496 mediis

341 531 509 576 uterque
547 540 684 565 versus
728 529 770 565 in
808 541 927 566 unum
967 528 1157 568 conflatus
1195 534 1263 567 est.
1310 548 1365 553 —
1408 527 1467 565 illi
1501 526 1698 576 quoidam,
1744 526 1792 564 cf.

341 594 483 644 Amph.
527 596 619 633 615.
682 596 788 633 Trin.
831 598 923 635 343.
984 597 1077 636 Cist.
1118 600 1209 636 569.
1271 596 1350 635 Cic.
1383 596 1494 635 Verr.
1532 594 1583 641 H,
1624 595 1686 640 14,
1728 594 1793 632 36.

343 663 477 700 Senec.
519 662 612 701 Ben.
651 663 714 709 IV,
757 665 823 708 3¹7,
864 666 899 702 2.
961 665 1049 703 Ter.
1091 667 1212 704 Andr.
1254 667 1354 704 314:
1406 665 1471 711 „id
1516 660 1707 714 aliquid“.
1742 681 1793 688 —-

342 732 437 769 453.
476 729 715 770 Cemcmnest
743 734 789 769 A.
823 753 871 758 —
913 732 1068 783 Censen,
1099 736 1124 772 i.
1157 748 1190 773 e.
1229 748 1306 772 non
1345 731 1506 771 censes?
1544 745 1580 769 v.
1617 731 1667 769 ad
1703 731 1793 769 Aul.

345 800 436 836 301.
469 819 524 824 —
555 801 649 838 454.
682 800 771 838 Non
801 801 935 848 places
965 807 1005 840 et
1035 803 1069 839 A
1101 807 1139 840 et
1169 803 1210 841 C.
1243 824 1298 828 —
1329 804 1421 841 455.
1455 800 1713 849 praecorum,
1751 803 1796 836 ut

343 867 495 905 dixerat
543 869 636 906 369.
669 887 723 894 —-
755 869 848 907 456.
899 871 959 908 Tu
996 871 1193 920 prohibes,
1237 885 1317 909 non
1354 865 1435 908 tam
1474 871 1543 915 iis,
1590 882 1675 918 quae
1715 868 1794 906 370

343 935 510 983 dixerat,
549 950 666 986 quam
705 939 864 975 omnino
904 952 1052 976 moram
1091 939 1328 977 obiiciendo.
1360 958 1413 964 -—
1444 935 1502 976 ‘inc
1533 938 1711 974 incusato
1741 937 1796 984 A3

344 1007 376 1041 te
404 1004 550 1051 fecisse,
584 1018 635 1042 sc.
668 1005 799 1043 dicito.
823 1026 878 1032 —
903 1008 997 1045 457.
1030 1008 1128 1045 biias
1156 1009 1202 1057 A,
1234 1023 1269 1045 v.
1303 1007 1350 1044 ad
1383 1006 1494 1044 Cure.
1524 1004 1796 1043 141.—458.

347 1070 434 1119 „et“
476 1086 549 1110 om.
590 1074 637 1112 A.
671 1093 718 1098 —
753 1075 848 1112 460.
887 1075 1054 1122 dudum,
1095 1089 1131 1114 v.
1172 1077 1264 1114 322.
1297 1095 1351 1100 —
1382 1075 1448 1112 Me
1485 1085 1631 1118 moror,
1670 1085 1706 1110 V·
1746 1071 1795 1109 8ιᾶ

342 1139 459 1177 Most.
495 1141 614 1179 1043.

456 1211 549 1247 461.
586 1209 627 1256 Ο,
667 1211 692 1248 i.
724 1224 758 1248 e.
789 1213 981 1250 canticum
1019 1213 1058 1249 hi
1097 1213 1312 1263 septenarii
1343 1211 1596 1261 appellantur
1632 1211 1673 1246 in
1710 1209 1795 1247 cod.

343 1277 383 1323 C,
416 1291 451 1314 v.
484 1277 639 1328 Proleg.
664 1293 702 1329 p.
732 1281 822 1318 172.
868 1281 1121 1330 Adulescens,
1152 1285 1362 1330 postquam
1393 1284 1508 1330 pater
1539 1279 1649 1327 abiit,
1681 1277 1809 1315 vehc-'

342 1349 493 1383 menter
530 1347 789 1396 lamentatur3
829 1349 994 1386 lacerari
1035 1354 1074 1386 et
1112 1349 1278 1386 distrahi
1315 1349 1484 1386 animum
1525 1359 1636 1384 suum
1676 1347 1797 1395 magis

343 1426 458 1462 quam
490 1414 706 1453 Pentheum
739 1430 760 1453 a
791 1417 948 1454 bacchis
980 1418 1192 1454 laceratum
1225 1417 1367 1455 fabulae
1398 1417 1546 1462 ferant3
1576 1427 1697 1452 unum
1722 1414 1795 1451 sibi
1861 1447 1866 1451 .

341 1481 525 1519 relictum
557 1497 651 1529 esse,
684 1489 729 1522 ut
760 1484 835 1522 sibi
865 1489 1030 1523 mortem
1062 1487 1288 1523 consciscat.
1335 1484 1579 1535 Opportune,
1611 1483 1678 1532 qui
1709 1495 1797 1519 eum

343 1551 578 1599 consoletur,
611 1553 770 1590 advenit
800 1555 946 1591 amicus
977 1558 1015 1590 et
1045 1554 1191 1592 sodalis
1221 1554 1437 1603 Eutychus.
1460 1572 1514 1577 —
1534 1552 1627 1589 462.
1658 1553 1798 1598 praeut

343 1630 430 1667 quo,
471 1632 507 1656 v.
545 1620 594 1656 ad
635 1621 775 1671 Amph.
816 1623 908 1660 370.
940 1643 996 1647 —
1026 1624 1122 1660 465.
1163 1624 1211 1660 id.
1251 1633 1329 1669 qua
1369 1633 1498 1665 causa,
1537 1620 1582 1657 cf.
1617 1620 1709 1657 333.
1747 1638 1796 1644 —

344 1688 438 1725 466.
478 1687 572 1735 Quis
588 1690 633 1726 A.
656 1687 780 1736 „Qui“
800 1691 894 1727 ferri
911 1692 1053 1740 potuit,
1082 1705 1117 1728 v.
1136 1691 1239 1728 infra
1257 1691 1350 1729 691.
1370 1691 1462 1728 855.
1482 1690 1531 1726 ad
1547 1688 1687 1737 Amph.
1718 1686 1794 1724 127

345 1760 385 1792 et
422 1755 532 1793 Curc.
576 1758 667 1795 274.
728 1758 849 1806 Neue,
888 1759 1084 1797 Formenl.
1115 1759 1153 1796 ΙΙ
1184 1773 1222 1809 p.
1257 1760 1350 1796 219.
1382 1776 1435 1782 —-
1468 1758 1561 1795 467.
1593 1755 1734 1794 sodalis
1763 1742 1799 1793 et
1871 1743 1875 1749 ¹
1923 1750 1927 1814 ζ

343 1826 502 1863 uicinus
533 1827 578 1863 A.
611 1844 663 1850 —-
696 1827 776 1864 470
809 1841 866 1877 sq.
910 1827 1048 1865 Oratio
1088 1827 1259 1876 Eutychi
1298 1828 1476 1876 quamvis
1516 1824 1796 1875 interpellante

344 1892 514 1930 Charino
552 1898 828 1944 continuatur,
868 1909 904 1933 v.
937 1896 986 1933 ad
1018 1896 1157 1946 Amph.
1195 1896 1312 1933 1136.
1346 1915 1397 1920 —
1431 1893 1526 1933 471.
1560 1894 1654 1932 Post
1692 1895 1797 1930 tuam

343 1961 488 2008 hiatur,
528 1976 563 2001 v.
606 1964 654 2001 ad
696 1965 786 2002 180.
820 1984 874 1989 —-
906 1966 980 2002 tetis
1011 1966 1206 2010 instratus,
1247 1969 1286 2001 te
1324 1965 1462 2006 invito,
1495 1964 1541 2001 cf.
1575 1962 1660 2000 Cas.
1693 1962 1793 2000 294:

347 2030 573 2077 „amborum
613 2030 835 2080 ingratiis“,
876 2036 914 2070 et
953 2034 1037 2070 sine
1078 2033 1257 2082 genetivo
1295 2031 1381 2070 Cas.
1424 2032 1514 2069 181.
1575 2030 1668 2068 Cist.
1701 2030 1794 2067 460.

344 2099 447 2137 Men.
491 2101 610 2138 1034.
674 2101 773 2139 Rud.
814 2102 906 2140 762.
946 2102 993 2138 al.
1029 2121 1077 2126 —
1113 2101 1206 2138 473.
1246 2100 1356 2139 Satin
1392 2103 1456 2144 ut,
1496 2115 1530 2138 v.
1570 2099 1620 2137 ad
1656 2098 1793 2136 Bacch.

345 2169 437 2206 488.
469 2188 522 2193 -—
555 2170 648 2206 475.
689 2181 815 2207 censes
854 2182 912 2208 me
948 2173 1004 2216 ul,
1045 2170 1294 2220 anticipatio,
1334 2184 1368 2207 v.
1402 2169 1450 2206 ad
1482 2169 1570 2206 Aul.
1611 2169 1702 2206 662.
1742 2186 1796 2192 -

345 2237 439 2275 478.
477 2236 553 2285 Qui
582 2239 735 2285 potius,
782 2240 805 2275 i.
840 2252 871 2276 e.
905 2238 1101 2288 quomodo
1139 2237 1224 2275 fieri
1263 2239 1406 2287 possit,
1453 2241 1499 2274 ut
1535 2237 1607 2274 hoc
1651 2235 1793 2274 malim.

343 2325 398 2331 —
439 2306 534 2343 479.
587 2306 692 2344 Unde
731 2307 829 2343 erit?
864 2308 909 2344 A.
956 2326 1011 2332 —
1057 2307 1149 2344 480.
1189 2305 1376 2344 Achillem
1422 2306 1550 2343 media
1594 2307 1794 2354 correpta,

344 2373 391 2410 cf.
446 2374 495 2412 ad
547 2374 631 2411 Mil.
689 2375 806 2412 1050.
881 2375 995 2412 orabo
1047 2377 1093 2412 ut
1143 2376 1189 2413 A.
1241 2374 1334 2411 milei
1383 2374 1546 2410 alteram
1600 2372 1794 2422 producit.

347 2462 394 2468 -
451 2444 545 2481 482.
594 2447 744 2492 poscet,
797 2447 842 2480 ut
892 2444 1070 2492 proximo
1122 2456 1157 2481 v.
1213 2442 1334 2492 Bugg.
1382 2441 1524 2492 Opusc.
1571 2441 1619 2478 ad
1665 2440 1794 2478 Madv.

344 2526 381 2562 p.
418 2514 508 2550 156.
568 2515 670 2550 Ante
701 2511 937 2550 Auctarium
975 2512 1109 2549 hiatur
1147 2514 1186 2549 in
1218 2515 1368 2548 mutata
1397 2523 1583 2561 persona3
1623 2509 1796 2559 Buggius

349 2580 642 2627 „auctuarium“
679 2581 817 2627 voluit,
842 2580 886 2617 R.
913 2594 998 2617 cum
1024 2579 1169 2617 Pareo:
1206 2580 1355 2627 „Immo
1382 2578 1642 2616 auctarium“.
1689 2577 1794 2615 Fest.

344 2649 453 2698 Epit.
485 2663 526 2699 p.
562 2651 632 2687 14:
678 2649 933 2696 „Auctarium
973 2648 1156 2685 dicebant
1187 2649 1359 2697 antiqui,
1402 2647 1507 2696 quod
1540 2659 1658 2695 super
1690 2658 1792 2683 men-

345 2730 472 2754 suram
513 2719 574 2754 vel
595 2718 758 2768 ,pondus
788 2719 931 2754 iustum
965 2715 1242 2762 adiiciebatur,
1281 2718 1325 2753 ut
1355 2715 1531 2753 cumulus
1562 2719 1726 2753 vocatur
1755 2714 1794 2750 in

345 2783 515 2831 modio“,
555 2786 602 2823 cf.
643 2785 757 2823 Truc.
800 2785 864 2823 33.
897 2804 949 2810 -
983 2784 1077 2821 485.
1116 2783 1261 2831 aliquid
1297 2783 1370 2829 fiet,
1413 2783 1459 2821 cf.
1500 2783 1659 2822 Trucul.
1699 2782 1792 2820 363.
