1963 3243
214 276 279 319 IV,
306 277 339 320 7,
367 276 520 318 les-V,
552 278 580 318 1,
607 278 626 310 4
851 277 1063 312 Pseudolus.
1650 284 1701 321 99

214 402 402 456 Sequere
430 406 490 444 tu.
536 402 660 444 Nunc
686 416 738 443 ne
771 403 1045 456 exspectetis,
1082 402 1180 444 dum
1213 402 1294 444 hac
1325 404 1499 445 domum
1532 404 1702 445 redeam

1237 476 1320 516 uia.
1619 487 1705 520 1235

214 545 281 588 Ita
311 559 379 587 res
411 550 533 599 gesta
564 550 647 587 est:
679 547 908 599 angiporta
940 552 1102 588 certum
1137 552 1204 588 est
1237 548 1539 588 consectarier.

853 648 1071 700 Harpax

213 718 255 760 Si
283 719 515 772 graderere
539 724 709 761 tantum
741 723 941 771 quantum
971 720 1167 774 loquere,
1199 721 1285 761 iam
1317 734 1433 762 esses
1465 720 1518 761 ad
1550 719 1703 761 forum.

863 821 1053 863 Ballio

213 891 386 934 Certum
420 897 485 934 est
517 892 620 934 mihi
653 893 767 934 hunc
799 893 1079 935 emortualem
1112 894 1254 936 facere
1286 908 1337 935 ex
1368 895 1506 937 natali
1538 895 1618 937 die.

771 1086 904 1128 SIMO
939 1086 1135 1129 SENEX.
1673 1088 1704 1130 C

209 1209 324 1252 Bene
357 1224 435 1263 ego
469 1210 587 1252 illum
620 1212 761 1264 tetigi,
803 1211 911 1253 bene
953 1217 1098 1254 autem
1129 1227 1280 1255 seruos
1312 1213 1531 1254 inimicum
1566 1227 1702 1256 Suum.

209 1283 331 1324 Nunc
358 1283 460 1324 mihi
489 1287 653 1324 certum
671 1288 739 1324 est
755 1283 840 1325 alio
867 1289 994 1337 pacto
1023 1283 1238 1326 Pseudolo
1262 1285 1440 1326 insidias
1466 1285 1582 1335 dare,
1618 1297 1704 1329 1240

210 1353 346 1404 Quam
378 1356 421 1396 in
452 1355 548 1396 aliis
581 1355 815 1397 comoediis
847 1355 908 1406 fit,
938 1357 1013 1398 ubi
1047 1370 1145 1398 cum
1178 1357 1365 1398 stimulis
1398 1362 1474 1398 aut
1505 1357 1652 1411 flagris

209 1426 497 1478 Insidiantur;
531 1431 576 1468 at
609 1441 686 1480 ego
718 1428 803 1469 iam
834 1428 951 1470 intus
983 1442 1177 1482 promam
1209 1429 1361 1481 uiginti
1394 1431 1546 1479 minas,

209 1497 325 1548 Quas
357 1499 548 1552 promisi,
583 1499 617 1541 si
650 1499 894 1550 ecfecisset3
928 1499 1102 1542 obuiam
1134 1500 1250 1542 ultro
1284 1502 1321 1541 ei
1355 1501 1559 1543 deferam.

209 1570 344 1612 Nimis
375 1570 464 1611 illie
496 1570 693 1613 mort-alis
726 1572 908 1621 doctust‚
939 1573 1066 1614 nimis
1100 1577 1320 1623 uorsutus‚
1351 1574 1479 1614 nimis
1513 1573 1662 1615 malus.

206 1642 439 1696 Superauit
471 1642 616 1684 dolum
649 1643 884 1685 Troianum
916 1650 1047 1699 atque
1080 1644 1249 1686 Ulixem
1282 1645 1536 1687 Pseudolus.
1616 1657 1702 1689 1245

205 1714 326 1756 Nune
358 1714 430 1755 ibo
461 1715 587 1759 intro,
621 1723 847 1768 argentum
879 1730 1086 1769 promam.
1120 1716 1336 1758 Pseudolo
1368 1717 1547 1760 insidias
1575 1717 1700 1759 dabo.

518 2060 851 2105 PSEUDOLUS
885 2062 1101 2106 SERUOS
1161 2063 1380 2106 EBRIUS.

205 2186 316 2236 Quid
348 2186 459 2228 hoc?
492 2187 624 2228 sicine
657 2187 739 2228 hoc
770 2186 850 2228 fit?
882 2187 1026 2240 pedes,
1059 2188 1193 2230 statin
1225 2202 1281 2230 an
1312 2189 1425 2229 non‘?

204 2261 267 2299 An
298 2258 341 2299 id
374 2259 506 2300 uoltis
539 2264 587 2300 ut
618 2273 684 2300 me
716 2259 816 2300 hinc
846 2260 1059 2301 iacentem
1093 2259 1250 2312 aliquis
1281 2259 1442 2302 tollat?

204 2329 312 2371 Nam
343 2329 487 2372 hercle
520 2331 556 2371 si
587 2330 797 2381 cecidero,
828 2338 1022 2373 nostrum
1057 2332 1140 2372 erit
1170 2330 1394 2384 flagitium.

203 2401 392 2455 Pergitin
424 2403 630 2455 pergere?
663 2403 730 2449 ah,
764 2403 1046 2444 saeuiundum
1080 2402 1183 2444 mihi
1215 2402 1343 2444 hodie
1376 2409 1452 2443 est.
1611 2416 1697 2449 1250

298 2568 382 2601 1235
408 2573 443 2601 te
539 2569 625 2601 1236
651 2569 848 2611 angiporta
874 2568 963 2602 haec
990 2574 1132 2602 certum
1162 2574 1217 2602 est
1319 2569 1403 2601 1237
1430 2568 1506 2601 ΗΑ,
1538 2579 1603 2602 om.

203 2629 382 2668 quantum
407 2634 471 2659 om.
595 2625 681 2658 1238
709 2625 781 2658 ΗΑ.
811 2636 874 2658 om.
998 2625 1154 2660 Titulum
1181 2634 1248 2658 om.
1276 2626 1306 2657 sl
1427 2623 1452 2657 C
1479 2635 1545 2659 om.
1571 2624 1606 2658 B

205 2682 286 2715 1241
315 2681 478 2716 comedis
503 2679 540 2714 Β
637 2683 721 2714 1242
747 2680 884 2715 inultus
984 2683 1067 2715 1243
1096 2682 1128 2715 ei
1156 2682 1253 2715 ultro
1345 2680 1454 2715 feram
1482 2682 1517 2715 A
1610 2682 1695 2715 1244

203 2736 336 2771 doctus
456 2739 541 2771 1245
569 2737 602 2770 ui
628 2738 686 2772 ixe
713 2736 756 2775 Β,
784 2737 956 2771 uixissem
985 2737 1014 2771 C
1137 2737 1354 2779 pseudolum
1481 2739 1565 2772 1246
1590 2737 1641 2772 ibi
1670 2737 1699 2772 G

293 2792 478 2828 SERUUS
505 2792 788 2828 PSEUD01.Us
814 2793 860 2836 B,
887 2795 1032 2828 ηοηιίηα
1057 2794 1185 2828 desunt
1213 2795 1249 2828 in
1276 2794 1304 2827 C
1418 2796 1502 2827 1247
1529 2794 1633 2838 Quod
1659 2794 1694 2829 Β

205 2850 290 2883 1248
315 2854 498 2884 tacentem
617 2852 702 2884 1250
729 2849 836 2884 hodie
863 2854 916 2883 est
937 2852 1109 2893 proximo
1138 2861 1240 2884 ver-m

1377 2922 1419 2956 7*
