1963 3243
328 242 409 280 260
905 240 1011 275 Miles
1037 242 1232 285 gloriosus.

325 367 391 405 Br.
424 370 624 417 sequitur;
659 368 770 405 Ribb.
805 370 922 405 etiam
954 382 989 404 v.
1025 371 1102 407 603
1137 371 1255 407 eiicit.
1290 390 1343 394 —
1376 371 1468 407 602.
1501 372 1630 409 usuisl
1659 372 1703 409 A.
1729 391 1782 398 —

327 436 422 473 603.
462 437 496 473 εἰ
533 437 572 473 id
614 437 780 474 inimicis
826 438 871 473 A.
930 456 973 461 —-
1023 438 1116 474 604.
1164 437 1384 476 consultum
1429 439 1647 476 desiderari
1692 440 1784 478 olim

326 503 569 540 intellectum
602 508 673 541 est.
707 523 760 528 —-
795 505 886 541 605.
922 505 1088 542 cautella
1118 505 1219 543 locos
1251 511 1288 542 et
1312 506 1434 543 lectas
1456 508 1512 544 est
1527 508 1571 543 A.
1608 526 1655 531 —
1691 508 1784 545 606.

332 570 477 619 Quippe
506 572 574 618 qui
604 573 757 620 scripsi,
790 585 825 608 v.
861 571 909 608 ad
941 572 1082 622 Amph.
1118 573 1210 610 738.
1257 573 1367 610 Idem
1399 573 1593 621 Tyrrellio
1624 575 1785 624 placuit.

327 638 465 676 GoetZ.
498 652 582 675 cum
618 639 806 677 Muellero
842 640 1022 689 „Quippe
1052 639 1151 677 illi“.
1186 660 1239 666 --
1280 644 1392 679 tuum
1422 641 1481 678 ed.
1514 656 1572 691 pr.
1608 661 1655 667 —
1692 643 1785 681 608.

323 706 383 744 ille·
419 711 550 744 exstat
587 709 626 743 in
656 708 702 744 A.
747 727 798 732 —
833 709 925 745 609.
963 705 1097 753 ,‚aut“‚
1130 708 1234 756 quod
1268 713 1357 746 ante
1392 722 1438 756 „a
1469 708 1607 747 laeua“
1642 711 1788 758 legitur

327 780 365 811 et
396 776 434 810 in
467 776 500 811 A
532 779 571 811 et
601 776 639 811 in
670 775 712 820 B,
755 789 841 813 cum
874 775 902 813 C
935 777 1072 821 omisi3
1115 775 1227 812 Ribb.
1274 789 1346 822 „ne
1378 779 1465 825 quis
1497 782 1566 814 aut
1598 778 1688 815 hinc
1719 782 1788 816 aut

327 843 375 880 ab
408 843 521 880 laeua
553 847 619 880 aut
653 841 864 889 dextera“;
905 845 972 880 sed
1004 855 1028 881 a
1058 844 1213 881 dextera
1243 845 1283 881 in
1314 845 1347 880 A
1379 844 1498 882 fuisse
1530 845 1699 883 videtur.
1733 866 1787 872 -·—

329 911 422 948 610.
457 922 545 949 cum
575 912 714 949 auritis
744 906 786 961 (i.
814 925 846 948 e.
875 908 1046 959 aurium)
1070 911 1210 959 playls,
1245 912 1290 948 cf.
1325 913 1404 950 986
1437 918 1475 949 et
1507 914 1601 950 951.
1621 933 1674 938 —
1693 914 1786 952 611.

324 977 482 1026 sterilis,
525 992 682 1017 vacuus.
723 981 775 1017 ad
811 981 991 1018 ultimam
1020 982 1079 1018 est
1102 980 1274 1026 plateam
1306 982 1350 1017 A.
1384 999 1436 1005 —-
1468 981 1563 1025 613.
1596 982 1640 1019 in
1670 981 1786 1027 bonis,

325 1048 428 1084 inter
467 1048 605 1093 bonos,
645 1048 693 1085 cf.
735 1048 827 1086 Sall.
869 1062 924 1086 or.
960 1048 1081 1085 Macri
1113 1044 1134 1095 ξ
1170 1049 1237 1085 ll:
1284 1048 1527 1093 „dominatio
1559 1050 1598 1085 in
1632 1048 1784 1088 uobis“.

325 1114 477 1152 Acidal.
512 1115 557 1153 R.
591 1120 704 1153 cett.:
743 1119 806 1162 „in
839 1114 1000 1154 bonos“.
1026 1116 1165 1153 Bacch.
1187 1116 1283 1152 722:
1323 1116 1573 1164 ..Inperatum
1599 1118 1698 1154 bene
1722 1118 1787 1155 bo·

326 1186 387 1221 nis
418 1185 562 1220 factum
595 1185 685 1221 ilico
718 1186 815 1222 est“.
856 1203 902 1209 --
938 1185 1031 1222 614.
1062 1185 1168 1221 intus
1198 1185 1322 1234 prima
1356 1188 1550 1233 correpta,
1577 1200 1611 1222 v.
1632 1185 1786 1236 Proleg.

325 1265 364 1302 p.
407 1253 500 1289 203.
543 1271 593 1276 --
636 1254 727 1290 615.
771 1253 933 1290 Numeri
971 1265 1047 1289 non
1088 1252 1310 1300 explentur.
1354 1251 1455 1289 Brix.
1490 1265 1584 1290 em.:
1637 1254 1788 1304 „Magis

326 1333 404 1358 non
442 1326 570 1371 potest
612 1335 696 1358 esse
736 1321 844 1357 aliud
883 1321 931 1357 ad
971 1333 1053 1356 rem
1086 1320 1302 1356 utibilius.“
1339 1320 1476 1358 Goetz.
1509 1322 1641 1358 addit:
1681 1322 1786 1368 „face

327 1387 480 1427 modo“.
545 1390 621 1426 Sed
667 1390 847 1438 proxima
893 1402 1051 1438 quoque
1083 1394 1281 1437 corrupta.
1345 1388 1524 1425 Numeris
1557 1391 1785 1436 consulitur,

325 1458 357 1493 si
403 1462 470 1494 aut
516 1471 602 1495 cum
635 1457 804 1495 Grutero
840 1456 1114 1504 „Pleusicles·'··
1152 1458 1341 1502 omiseris,
1390 1461 1457 1494 aut
1497 1471 1583 1494 cum
1624 1457 1787 1496 Goetzio

329 1525 502 1575 „Imm0“
546 1531 586 1563 et
628 1523 782 1575 ‚,quod“
827 1526 1030 1574 scripseris
1062 1537 1133 1573 pro
1169 1523 1395 1574 „quodne“;
1428 1526 1495 1562 sed
1529 1539 1597 1563 nec
1629 1527 1788 1565 verbum

330 1593 535 1640 „videtur“
579 1595 708 1631 omitti
740 1596 884 1643 potest,
925 1606 994 1629 nec
1030 1591 1202 1639 ‚‚Immo“
1238 1594 1342 1635 ferri,
1384 1595 1458 1630 nisi
1499 1595 1706 1631 antecedat
1735 1597 1785 1632 si-

327 1663 419 1699 mile
461 1662 662 1711 quiddam,
703 1662 764 1699 cui
807 1666 1042 1710 opponatur.
1121 1662 1267 1699 Sensus
1306 1663 1493 1711 requirit:
1573 1662 1675 1709 „Sed
1713 1663 1787 1701 tibi

326 1730 429 1776 Quid
473 1727 689 1767 uidetur‘?“
753 1729 853 1768 Utut
899 1734 969 1775 est,
1018 1743 1093 1766 non
1141 1731 1286 1766 iniuria
1333 1729 1553 1778 dubitatur,
1600 1745 1692 1769 num
1723 1745 1782 1769 vv.

328 1799 521 1836 614—16
555 1800 716 1846 genuini
747 1800 838 1835 sint.

440 1866 625 1904 Proxima
671 1871 803 1903 autem
850 1879 974 1915 usque
1020 1866 1068 1902 ad
1115 1867 1192 1904 765
1241 1867 1365 1914 ipsius
1405 1866 1537 1904 Plauti
1584 1880 1659 1905 non
1702 1881 1785 1906 esse

325 1935 411 1971 iure
451 1935 730 1972 animadvertit
768 1935 811 1972 F.
853 1934 1093 1972 Schmidtius
1132 1936 1232 1972 Ann.
1265 1934 1361 1984 phil.
1396 1936 1470 1973 vol.
1504 1935 1698 1984 supplem.
1730 1935 1786 1974 IX

325 2016 363 2053 p.
407 2003 485 2040 338
525 2016 609 2052 sqq.
685 2002 781 2040 Nam
830 2003 1035 2039 Palaestrio
1074 2002 1209 2039 herum
1252 2007 1291 2039 et
1330 2016 1460 2040 senem
1501 2005 1694 2052 evocavit,
1739 2008 1788 2042 ut

328 2071 492 2108 consilia
532 2072 697 2118 inirent,
738 2071 806 2108 sed
839 2072 1047 2109 consilium
1078 2084 1156 2108 non
1189 2070 1357 2108 habetur
1388 2076 1477 2108 ante
1509 2086 1543 2109 v.
1580 2073 1681 2119 7663
1719 2074 1785 2122 qui

325 2138 577 2176 intercedunt
600 2138 703 2177 CLII
736 2153 870 2177 versus
903 2141 979 2176 alia
1010 2141 1140 2177 omnia
1170 2141 1384 2185 continent,
1417 2141 1511 2177 satis
1543 2140 1675 2190 lepida
1704 2140 1783 2178 for-

326 2211 441 2253 tasse,
474 2207 542 2244 sed
573 2207 620 2244 ab
653 2221 694 2244 re
728 2207 867 2245 aliena.
917 2208 1090 2244 Primum
1123 2207 1466 2257 Periplecomenus
1499 2209 1632 2246 multis
1656 2208 1785 2246 verbis

326 2276 527 2325 ingenium
558 2289 670 2313 suum
696 2278 892 2324 expromit
916 2276 1170 2325 caelibemque
1194 2277 1315 2327 vitam
1339 2276 1488 2322 laudat,
1514 2281 1595 2313 tum
1616 2273 1668 2324 (v.
1688 2272 1785 2324 738)

327 2356 367 2380 se
399 2343 617 2393 opsonandi
649 2357 765 2382 causa
797 2346 996 2381 abiturum
1029 2344 1135 2390 dicit,
1171 2344 1415 2393 hospitisque
1447 2346 1486 2381 in
1519 2358 1564 2382 ea
1588 2357 1629 2381 re
1654 2344 1783 2382 mode-

327 2413 444 2449 stiam
479 2412 616 2449 reiicit.
665 2412 761 2450 Tam
792 2413 918 2449 multa
949 2412 1020 2449 hoc
1052 2411 1210 2461 quidem
1243 2413 1338 2458 loco,
1371 2413 1438 2449 ubi
1471 2413 1676 2450 consilium
1699 2425 1785 2462 gra-

328 2481 531 2517 vissimum
578 2480 626 2517 de
673 2493 822 2517 summa
866 2493 908 2517 re
940 2481 1161 2517 habendum
1209 2485 1284 2525 est,
1332 2482 1415 2518 sine
1457 2494 1609 2518 summo
1647 2480 1785 2518 fabulae

328 2547 567 2586 detrimento
608 2549 809 2598 interponi
851 2562 927 2586 non
966 2550 1143 2598 potuisse
1175 2554 1353 2598 apparet.
1415 2547 1495 2586 Nec
1527 2551 1566 2586 in
1598 2553 1683 2586 toto
1713 2549 1786 2586 hoo

328 2615 415 2653 loco
454 2616 627 2666 leporem
667 2622 706 2654 et
744 2618 919 2666 vigorem
956 2630 1046 2653 vere
1086 2617 1310 2654 Plautinum
1352 2629 1543 2665 agnosco3
1582 2617 1784 2655 verbosam

327 2683 443 2721 video
484 2685 759 2735 eloquentiam,
799 2697 884 2734 quae
923 2687 1047 2733 magis
1086 2685 1350 2723 Gracchorum
1390 2689 1429 2722 et
1461 2684 1601 2723 Lucilii
1631 2688 1784 2722 aetatem

327 2764 443 2801 quam
478 2752 607 2790 Plauti
638 2754 782 2803 sapiat,
816 2757 1015 2790 auctorem
1048 2758 1180 2790 autem
1212 2758 1257 2790 ut
1280 2753 1538 2803 prologorum
1563 2752 1784 2790 auctoribus

329 2820 486 2869 ingenio
526 2821 782 2871 superiorem,
825 2822 880 2858 ita
918 2825 1036 2858 aetate
1073 2822 1155 2859 fere
1194 2822 1395 2871 aequalem.
1443 2821 1537 2868 Quae
1568 2824 1696 2859 autem
1726 2820 1785 2858 his
