1963 3243
279 220 358 260 348
903 215 1101 251 Mercator.

276 359 335 386 me
363 348 517 386 uideam
543 347 706 384 Kienitz
738 346 784 383 de
818 345 918 392 Quin
949 345 1145 395 particula
1175 359 1213 395 p.
1249 347 1293 395 53
1324 355 1396 392 ego
1425 346 1472 383 ut
1502 343 1648 382 addidi.
1681 364 1735 370 -

280 416 375 454 884.
407 415 587 463 Longum
625 416 728 454 istuc
760 414 919 452 Parem.
980 413 1147 461 Lacuna.
1191 425 1278 463 quae
1314 412 1489 451 librariis
1526 413 1566 451 in
1603 411 1736 450 arche-

277 488 374 534 typo
413 497 496 521 esse
535 484 619 521 visa
658 487 730 529 est,
770 482 878 520 nulla
907 482 995 520 fuit.
1031 501 1078 507 —
1114 483 1208 520 885.
1240 480 1552 519 Commonstrabo
1583 480 1642 520 ed.
1674 492 1735 529 pr.

276 572 332 578 —
369 555 496 601 atque,
537 565 573 590 v.
615 551 664 589 ad
696 550 837 600 Amph.
872 551 965 589 270.
1026 550 1114 588 Ter.
1146 550 1269 588 Andr.
1303 550 1396 587 698.
1429 568 1484 574 —
1516 549 1609 586 886.
1647 549 1739 596 quoi

277 621 384 660 Pius.
422 632 481 659 me
515 619 651 658 melius
687 618 784 657 uelle
823 618 952 657 Guiet.
1015 618 1093 657 Cfr.
1131 619 1219 657 Ter.
1259 617 1384 655 Andr.
1426 618 1527 655 427:
1577 616 1736 665 „Omnis

278 690 351 727 sibi
383 689 497 726 malle
530 688 665 725 melius
697 700 780 725 esse
811 701 926 737 quam
959 684 1116 726 alteri“.
1148 706 1204 712 —
1235 688 1328 725 887.
1360 686 1450 725 Non
1473 696 1565 724 curo
1587 686 1738 732 istunc;

277 758 321 796 de
349 757 417 795 illa
448 757 494 795 R.
526 776 582 781 —
613 757 704 794 888.
738 756 898 802 dudum,
930 759 955 794 i.
971 769 1003 793 e.
1036 769 1174 807 nuper,
1207 755 1336 802 modo,
1369 767 1404 792 v.
1431 767 1551 804 supra
1567 754 1662 792 460.
1688 752 1738 790 ad

278 825 420 876 Amph.
444 826 537 864 654.
584 824 774 861 Extrema
803 837 896 874 pars
927 838 1063 862 versus
1094 825 1226 873 periit.
1259 823 1306 861 C:
1339 823 1394 868 ob,
1413 822 1516 873 quod
1533 822 1734 872 supplevi:

278 895 457 932 obicerem
492 905 662 940 mora·m;
706 893 772 931 R.:
824 897 892 940 „ut
930 893 1142 942 reperirem
1180 890 1294 930 tibi“.
1370 892 1454 932 Sed,
1484 892 1525 928 in
1565 889 1736 927 editione

278 963 380 1001 hunc
423 975 579 1000 versum
624 965 713 1010 post
759 963 838 999 910
884 961 1018 1010 posuit
1063 961 1258 1000 scribens:
1309 960 1432 1007 „Sane
1477 959 1550 997 hoc
1589 959 1738 1006 nonin

278 1035 450 1070 mentem
489 1031 599 1068 uenit
637 1029 783 1066 dudum
822 1033 867 1066 ut
904 1029 978 1066 tibi
1018 1025 1333 1066 concrederem“.
1368 1047 1420 1052 -—
1453 1028 1546 1066 889.
1584 1027 1740 1065 aedibus

278 1101 457 1138 ultimam
481 1099 677 1150 producit,
711 1097 816 1147 quod
840 1097 1009 1135 fortasse
1033 1099 1072 1133 in
1097 1100 1270 1134 extremo
1288 1109 1467 1134 sermone
1483 1096 1578 1133 ferri
1594 1098 1737 1146 potest,

280 1169 327 1206 cf.
347 1169 440 1206 922.
487 1167 602 1205 Both.
625 1163 870 1213 „aedibust“.
890 1165 1077 1203 ——Aedc's
1100 1165 1253 1214 probas.
1299 1165 1391 1202 Haec
1420 1177 1492 1214 per
1522 1177 1563 1201 se
1593 1163 1739 1201 intelli-

280 1237 407 1286 genda
438 1241 529 1274 sunt
559 1249 631 1272 nec
661 1248 745 1272 cum
778 1234 1032 1284 sequentibus
1062 1234 1271 1284 iungenda,
1302 1234 1407 1283 quod
1439 1245 1558 1282 quum
1584 1232 1742 1269 fecisset

280 1306 401 1354 Cam.²
437 1301 729 1355 „pulchreque“
765 1300 1003 1352 corrigebat,
1042 1307 1087 1340 ut
1125 1302 1219 1339 mihi
1259 1301 1417 1351 quidem
1457 1301 1626 1348 videtur,
1658 1301 1740 1338 lan-

277 1373 408 1424 guide,
442 1386 676 1422 quamquam
708 1373 910 1409 contraria
941 1374 1001 1408 est
1032 1371 1215 1407 Muelleri
1247 1371 1443 1407 sententia
1460 1369 1571 1407 Pros.
1591 1381 1627 1418 p.
1647 1369 1739 1406 559.

278 1443 421 1480 Hiatur
459 1443 500 1479 in
539 1441 710 1479 diaeresi.
745 1460 796 1465 --
828 1440 995 1489 arbitro,
1036 1453 1070 1476 v.
1103 1438 1230 1485 Neue,
1272 1438 1464 1475 Formenl.
1504 1437 1542 1474 II
1572 1451 1611 1487 p.
1646 1437 1738 1474 273.

278 1530 331 1535 —
368 1511 461 1547 891.
493 1511 561 1557 qui
591 1510 674 1558 Pyl.
710 1528 757 1534 ———
790 1509 933 1554 uidisti,
965 1520 1017 1546 an
1048 1508 1091 1546 de
1115 1507 1247 1546 audito
1270 1506 1461 1545 nuntias?
1492 1506 1669 1544 Guietus.
1690 1525 1736 1530 —

281 1580 375 1617 892.
407 1578 526 1616 Enim
559 1578 672 1615 Both.
708 1577 811 1622 add„
845 1577 892 1614 cf.
926 1575 1042 1626 Epid.
1077 1576 1170 1613 699.
1233 1575 1298 1612 R.:
1335 1572 1472 1622 ,‚Em“.
1531 1574 1735 1612 BuecheL:

284 1646 402 1695 ,‚Ut“.
464 1646 622 1684 Goetz.:
660 1646 804 1694 ,‚Heus,
837 1645 932 1695 quid
963 1644 1003 1682 id
1035 1640 1201 1693 rogas?“
1241 1662 1288 1669 --
1324 1644 1402 1681 893
1436 1644 1492 1680 ita
1523 1643 1736 1680 sententia·

279 1729 365 1754 rum
397 1728 540 1752 nexum
570 1715 838 1764 interrumpit,
869 1717 914 1750 ut
944 1717 1134 1763 appareat
1164 1712 1238 1749 huc
1269 1725 1347 1749 non
1378 1713 1592 1762 pertinere.
1649 1711 1736 1748 Aci·
1789 1732 1795 1735 -
1870 1733 1874 1738 .

280 1784 357 1821 dal.
389 1787 483 1834 post
515 1784 595 1821 924
627 1783 760 1833 posuit
796 1780 925 1829 „dixi“
961 1781 1150 1827 scribens,
1182 1780 1228 1818 R.
1260 1785 1348 1829 post
1382 1781 1475 1826 901,
1508 1780 1577 1818 sed
1607 1780 1738 1817 neutri

279 1853 364 1890 loco
404 1852 543 1889 melius
585 1864 701 1901 quam
733 1851 823 1888 huic
855 1851 1049 1888 convenit.
1082 1868 1136 1873 —
1168 1850 1260 1887 894.
1298 1843 1398 1896 Quid
1429 1851 1498 1886 tua
1526 1848 1647 1894 refert
1676 1847 1736 1886 ed.

279 1935 340 1971 pr.
377 1922 479 1959 istuc
518 1924 558 1957 et
594 1920 682 1958 istie
720 1919 763 1956 R.
806 1915 960 1968 (Muell.
1000 1932 1037 1968 p.
1080 1919 1179 1955 722:
1224 1918 1408 1967 „quicum
1446 1918 1523 1954 isto
1561 1914 1736 1964 illaec“).

279 1989 410 2026 Verba
447 1989 553 2027 Dum
591 1989 675 2026 istic
710 1989 780 2026 siet
819 1987 863 2024 R.
894 1987 1072 2024 Acidalio
1105 1986 1202 2023 duce
1234 1986 1405 2023 Charino
1437 1984 1651 2022 tribuebat.
1684 2005 1738 2010 -

280 2078 332 2082 ——
367 2058 460 2097 895.
492 2058 620 2095 isttmc
658 2056 718 2094 ed.
752 2069 810 2106 pr.
844 2075 897 2080 —-
931 2055 1024 2093 896.
1057 2055 1172 2093 orabo
1204 2054 1292 2091 Ald.
1326 2073 1380 2079 —
1409 2054 1563 2100 faciant
1593 2054 1738 2100 copiam

281 2128 340 2164 ed.
382 2140 440 2177 pr.
478 2147 532 2152 —
573 2127 651 2163 897
692 2139 765 2162 em.
808 2125 867 2162 ed.
908 2137 967 2174 pr.
1001 2143 1054 2149 —
1095 2125 1187 2161 898.
1228 2123 1321 2174 Spei
1356 2124 1495 2173 plenus
1536 2121 1739 2160 exsulandi

283 2195 488 2234 consilium
520 2195 656 2232 abiicit
687 2206 921 2242 servumque
954 2206 999 2230 ex
1032 2192 1182 2230 aedibus
1214 2196 1363 2241 evocat,
1395 2195 1439 2229 ut
1470 2191 1632 2241 pallium
1663 2189 1738 2227 sibi

280 2265 393 2312 ferat,
424 2263 526 2314 quod
552 2264 628 2300 iam
652 2275 725 2311 pro
751 2261 954 2309 chlamyde
978 2261 1190 2298 induturus
1216 2264 1288 2298 est.
1314 2280 1369 2285 —
1398 2257 1507 2308 „est“
1543 2259 1619 2297 del.
1653 2258 1736 2307 Pyl.

280 2352 335 2358 —
357 2333 434 2371 huc
459 2333 588 2381 ed.pr.
611 2351 658 2356 —
678 2331 819 2378 aliqu&
849 2331 954 2377 exite,
986 2330 1032 2367 cf.
1067 2329 1115 2366 ad
1148 2328 1263 2379 Epid.
1300 2330 1392 2367 399.
1411 2348 1465 2354 -—
1483 2329 1576 2366 899.
1602 2327 1740 2373 ecferte

281 2402 503 2452 Scioppius.
523 2420 577 2425 —
594 2400 683 2448 Em,
702 2399 748 2437 cf.
767 2399 816 2436 ad
834 2400 942 2436 Asin.
965 2399 1058 2436 333.
1092 2397 1204 2446 capt.
1227 2398 1318 2435 183.
1352 2397 1468 2447 Epid.
1489 2398 1581 2434 271.
1605 2415 1657 2421 —·
1672 2399 1740 2443 „ut

282 2470 355 2508 del.
383 2469 493 2507 Aeid.
515 2489 562 2494 —
585 2469 679 2507 900.
712 2468 874 2506 aduenis
904 2467 1118 2504 Acidalius.
1144 2477 1336 2514 —puere,
1368 2478 1403 2503 v.
1437 2465 1485 2502 ad
1503 2466 1610 2502 Asin.
1647 2465 1738 2502 379.

283 2558 332 2564 —
373 2540 459 2577 istic
498 2537 607 2575 Acid.
668 2539 730 2574 sta
768 2535 873 2573 Cam.
935 2536 1033 2582 ilico,
1075 2548 1110 2572 v.
1150 2534 1199 2572 ad
1239 2536 1332 2572 854.
1378 2553 1426 2559 -
1466 2534 1559 2570 901.
1605 2533 1741 2579 „itiner

281 2621 352 2657 pro
383 2605 480 2644 itm-‘²
518 2606 668 2644 Nonius
699 2619 737 2654 p.
771 2604 850 2641 482
892 2607 929 2640 et
966 2603 1047 2641 490
1089 2605 1192 2640 inter
1223 2602 1352 2648 Ennii,
1386 2602 1507 2647 Accii,
1541 2600 1741 2648 Varronis,

282 2676 449 2712 aliorum
490 2675 596 2712 locos
637 2673 802 2711 afferens
843 2672 971 2709 Plaut.
1013 2672 1132 2709 Mero.
1169 2673 1261 2709 917.
1293 2690 1348 2696 -
1380 2671 1472 2709 902.
1505 2680 1603 2718 quae
1633 2669 1738 2718 dicis,

283 2743 341 2779 ed.
375 2756 435 2792 pr.
470 2762 522 2767 —-
555 2743 648 2780 904.
681 2742 782 2779 Ante
813 2741 962 2778 Enicas
992 2740 1145 2787 hiatur-3
1181 2739 1223 2776 R.
1255 2742 1425 2788 trausp.:
1464 2740 1595 2785 „intro
1621 2737 1739 2775 eundi

282 2823 357 2848 non
398 2808 496 2848 est“.
528 2829 582 2835 -—
622 2811 716 2848 905.
759 2809 953 2847 Lacunam
993 2809 1098 2847 vocis
1134 2806 1318 2856 responde
1355 2806 1500 2844 chartae
1539 2806 1656 2854 vitio,
1696 2810 1739 2843 ut
