1963 3243
376 156 452 194 134
1047 153 1168 188 manti
1571 153 1601 198 Ι,
1630 158 1658 198 1,
1687 155 1818 189 18-—42

367 279 477 320 Nam
511 293 700 319 amorem
731 279 840 319 haec
872 284 1026 320 cuncta
1056 279 1164 320 u³tia
1195 280 1352 320 sectari
1385 280 1534 329 solent,

370 349 495 401 Cura,
528 351 753 402 aegritudo
786 351 1003 404 nimiaque
1036 350 1262 404 elegantia.

369 421 486 462 Haec
516 435 598 462 non
633 422 760 463 modo
792 422 912 462 illum
945 423 1017 476 qui
1050 427 1177 474 amat,
1210 423 1285 463 sed
1317 436 1529 478 quemque
1561 424 1730 478 adtigit,
1776 437 1819 470 20

369 493 524 546 Magno
557 498 689 547 atque
721 494 859 534 solido
892 494 1048 535 multat
1077 495 1325 545 infortunio,

368 564 458 605 Nec
489 565 560 618 pol
591 564 786 618 profecto
819 566 1050 619 quisquam
1082 567 1173 608 sine
1205 566 1356 619 grandi
1387 567 1513 619 malo,

368 635 610 690 Praequam
640 650 709 677 res
740 637 917 689 patitur,
952 638 1118 680 studuit
1149 638 1400 690 elegantiae.

369 708 452 750 Sed
484 708 622 749 amori
654 708 866 750 accedunt
898 710 1029 750 etiam
1059 710 1180 762 haec,
1214 724 1323 764 quae
1356 711 1445 751 dixi
1477 711 1640 753 minus:

367 781 599 831 Insomnia,
632 794 850 831 aerumna,
884 795 1003 822 error
1035 787 1077 822 et
1107 787 1260 832 terror,
1292 782 1406 836 fuga,
1776 797 1819 830 25

367 853 540 906 Ineptia
571 852 846 907 stultitiaque
878 853 986 895 adeo
1020 859 1062 895 et
1092 855 1328 906 temeritas,

367 924 669 977 Incogitantia‚
701 938 850 967 excors
880 925 1152 976 inmodestia,

367 996 617 1038 Petulantia
647 1001 690 1038 et
721 997 955 1050 cupiditas,
988 998 1304 1051 maliuolentia3

368 1069 573 1111 Inhaeret
605 1070 736 1110 etiam
767 1070 970 1120 auiditas,
1002 1071 1110 1112 recti
1140 1071 1318 1121 incuria,

366 1143 532 1196 Inopia,
563 1143 827 1184 contumelia
858 1148 900 1184 et
933 1143 1213 1197 dispendium,
1777 1159 1821 1192 30

368 1215 702 1269 tlultiloquium,
734 1215 1073 1271 pauciloquium.
1133 1215 1227 1257 Hoc
1258 1230 1307 1258 eo
1337 1216 1398 1268 fit,
1430 1218 1544 1271 quia,

370 1286 489 1336 Quae
521 1286 629 1328 nihil
661 1287 893 1340 adtingunt
924 1288 979 1329 ad
1010 1302 1100 1330 rem
1131 1301 1211 1329 nec
1243 1293 1345 1330 sunt
1375 1289 1483 1340 usui,

368 1359 433 1401 Ea
463 1364 632 1401 amator
663 1359 829 1413 profert
860 1374 990 1414 saepe
1021 1360 1206 1402 aduorso
1238 1365 1452 1416 tempore3

367 1432 471 1483 Hoc,
504 1432 842 1486 pauciloquium,
875 1447 1048 1474 rursum
1078 1433 1243 1474 idcirco
1274 1433 1493 1488 praedico,

371 1503 482 1554 Quia
511 1504 655 1546 nullus
687 1519 869 1558 usquam
901 1510 1070 1547 amator
1101 1505 1256 1548 adeost
1286 1506 1442 1548 callide
1778 1519 1821 1554 35
1859 1513 1863 1516 “

369 1576 612 1628 Facundus,
644 1591 754 1631 quae
785 1578 828 1618 in
860 1592 952 1619 rem
985 1578 1071 1619 sint
1102 1590 1223 1619 suam
1252 1582 1301 1618 ut
1331 1579 1468 1632 possit
1498 1579 1630 1634 loqui.

369 1648 494 1690 Nunc
525 1663 602 1691 uos
635 1649 739 1690 mihi
770 1651 901 1691 irasci
933 1644 987 1692 o'b
1021 1649 1342 1704 multiloquium
1375 1665 1459 1693 non
1491 1651 1637 1704 decet3

370 1721 545 1772 Eodem,
578 1736 662 1776 quo
696 1736 898 1774 amorem,
932 1722 1077 1764 Uenus
1107 1723 1213 1764 mihi
1244 1721 1326 1764 hoc
1355 1723 1518 1777 legauit
1549 1724 1630 1766 die.

370 1793 479 1835 Illuc
511 1794 674 1836 reuorti
707 1799 884 1845 certum,
916 1799 965 1836 ut
997 1802 1154 1836 conata
1185 1795 1395 1849 eloquar.]

370 1866 587 1920 Principio
617 1870 664 1908 ut
693 1879 743 1907 ex
773 1867 947 1920 ephebis
979 1871 1121 1908 aetate
1153 1868 1236 1909 exii
1779 1882 1823 1915 40

371 1939 510 1992 Atque
543 1939 712 1979 animus
744 1938 887 1980 studio
919 1945 1089 1980 amotus
1121 1940 1278 1993 puerili
1310 1946 1376 1982 est
1406 1955 1538 1993 meus,

371 2012 526 2052 Amare
558 2011 702 2053 ualide
735 2012 857 2065 coepi
889 2011 959 2052 hic
989 2013 1271 2054 meretricem.
1332 2012 1437 2056 Ilico

466 2208 505 2241 18
530 2206 640 2240 uitias
665 2209 807 2240 sectare
832 2205 866 2239 Β
972 2205 1013 2238 19
1039 2204 1171 2238 Curam
1195 2204 1232 2239 Β
1334 2206 1379 2240 20
1402 2206 1553 2250 illumq;
1578 2211 1677 2241 amat
1703 2205 1733 2241 O

372 2264 521 2307 attingit
547 2262 575 2298 C
665 2264 705 2296 21
734 2262 898 2297 solitudo
924 2265 1043 2296 mutat
1067 2262 1102 2296 Β
1202 2263 1246 2296 22
1271 2263 1411 2304 grande
1435 2262 1470 2296 B
1570 2265 1612 2297 23
1639 2263 1756 2298 studit
1777 2263 1824 2306 B,

374 2321 498 2355 studet
513 2320 541 2355 0
629 2322 673 2354 24
698 2319 796 2363 quod
823 2319 896 2353 dixi
923 2320 1043 2354 minus
1058 2319 1101 2362 B,
1128 2331 1221 2363 quae
1246 2319 1405 2354 diximus
1421 2319 1450 2354 C
1539 2322 1582 2354 24
1606 2331 1730 2355 errore
1749 2324 1823 2355 ter·-

372 2389 455 2412 rore
481 2377 517 2412 B
610 2383 646 2411 et
671 2377 758 2420 fuga
785 2376 812 2411 0
902 2378 944 2410 26
970 2377 1175 2411 temeritast
1267 2379 1311 2412 28
1341 2378 1438 2421 male
1462 2377 1629 2412 uolentia
1653 2376 1689 2412 Β
1780 2378 1824 2412 29

371 2436 498 2470 Ineret
523 2435 558 2469 B
657 2434 793 2468 residia
816 2434 949 2467 iniuria
1050 2436 1089 2468 31
1123 2442 1215 2479 pari—1
1244 2435 1407 2479 loquium
1510 2435 1579 2468 hoc
1603 2434 1687 2469 ideo
1781 2435 1824 2469 32

373 2496 459 2528 sunt
494 2492 571 2526 uidi
596 2492 639 2534 Β,
678 2495 806 2525 suntus
844 2490 919 2524 uidi
946 2490 975 2524 C
1087 2493 1129 2526 33
1157 2491 1246 2526 Tam
1372 2491 1528 2536 proferri
1644 2493 1687 2526 34
1712 2491 1825 2526 sumit
1891 2533 1894 2538 .
1922 2468 1923 2477 ἶ

373 2552 471 2585 circo
498 2549 532 2584 Β
625 2550 667 2583 35
693 2559 866 2592 umquam
893 2547 922 2581 C
1011 2548 1122 2582 adeos
1149 2549 1282 2584 callide
1302 2549 1347 2593 Β,
1375 2549 1467 2583 adeo
1487 2549 1641 2583 callidus
1665 2548 1694 2584 0
1781 2549 1824 2583 36

373 2607 642 2650 Facundusque
663 2607 701 2641 in
721 2617 799 2640 rem
819 2605 909 2639 insit
931 2617 995 2638 sua
1090 2608 1132 2640 38
1151 2605 1222 2640 uei‘i
1236 2606 1265 2641 O
1353 2607 1442 2640 mihi
1463 2606 1531 2640 hac
1546 2605 1592 2647 Β,
1612 2605 1680 2639 hac
1693 2605 1784 2640 mihi
1799 2604 1828 2641 G

464 2665 571 2708 legari
597 2663 625 2697 Ο
737 2664 781 2696 39
811 2665 954 2696 certum
987 2667 1025 2696 et
1057 2668 1192 2697 conata
1223 2664 1266 2706 Β,
1300 2668 1440 2697 certum
1467 2664 1613 2697 iconata
1641 2662 1671 2698 G
1779 2662 1824 2697 40

374 2722 560 2765 Principio
587 2725 695 2765 atque
709 2720 851 2753 animus
945 2719 1083 2763 phoel›;
1109 2724 1208 2754 etate
1229 2720 1318 2755 exiit
1331 2719 1376 2762 Β,
1399 2724 1495 2754 etate
1515 2720 1604 2753 exiit
1617 2718 1783 2764 phoebus
1798 2717 1828 2754 0

465 2781 507 2822 41
533 2778 709 2824 puerilest
733 2780 852 2811 meust
875 2775 921 2821 B,
947 2777 1080 2822 pueri13
1107 2782 1141 2812 st
1164 2782 1305 2812 mecflst
1330 2776 1359 2812 C
1447 2778 1492 2812 42
1515 2776 1737 2812 meritricem
1763 2773 1794 2811 Ο
