1963 3243
353 146 431 184 180
1021 143 1140 178 Plauti
1468 138 1473 141 ”
1537 144 1606 187 ΠΙ,
1631 147 1665 187 4,
1689 147 1801 181 '7—22

348 267 422 310 Sin
453 269 630 318 sodalis,
664 268 782 323 quod
815 269 1028 322 promisit,
1059 269 1175 319 fecit,
1207 283 1292 310 non
1324 269 1435 311 abiit
1464 269 1594 311 salus.

349 339 431 381 Sed
466 346 620 385 tamen,
655 341 823 381 etiamsi
860 340 1112 393 podagrosis
1146 342 1330 394 pedibus
1362 346 1478 383 esset
1507 330 1741 395 Eutychus,

345 411 437 453 Iam
470 426 494 453 a
528 417 655 465 portu
686 413 851 454 redisse
881 412 1038 465 potuit.
1099 412 1147 453 Id
1179 413 1243 454 illi
1274 413 1428 454 uitium
1462 421 1762 464 maxumumst,

347 482 472 532 Quod
503 485 631 525 nimis
663 484 814 525 tardus
847 488 913 524 est
943 483 1177 525 aduOrSum
1211 486 1293 526 mei
1326 485 1458 526 animi
1489 487 1761 528 sententiam.

347 555 430 597 Sed
471 557 566 596 isne
611 561 688 604 est,
735 569 862 608 quem
908 560 1153 598 currentem
1198 557 1356 598 uideo?
1415 557 1539 610 Ipsus
1585 563 1661 602 est.
1723 557 1798 599 Ibo

1431 629 1618 670 obuiam.
1734 641 1802 674 590

345 699 459 741 Num
499 700 604 754 quid
633 704 773 741 restat
803 699 926 753 spei?
973 700 1180 754 Disperii3
1213 699 1358 741 uoltus
1390 701 1641 755 neutiquam
1672 702 1799 745 huius
1868 727 1872 729 -

1461 773 1595 823 lacet;

344 843 498 885 Tristis
531 844 657 884 cedit.
719 843 875 884 Pectus
908 843 1051 894 ardet3
1084 843 1265 895 haereo;
1297 788 1479 899 quassgt
1510 851 1655 898 caput.

345 914 552 968 Eutyche.

940 1007 973 1047 E
984 1022 1012 1048 u
1023 1011 1074 1061 ty
1084 1020 1107 1048 c
1119 1006 1148 1048 h
1157 1021 1186 1048 u
1195 1021 1215 1048 s

615 1078 723 1129 Heu,
757 1077 956 1120 Charine.

945 1192 1208 1235 Charinus

983 1265 1238 1320 Priusquam
1269 1266 1454 1319 recipias
1487 1266 1740 1318 anhelitum,

344 1337 438 1378 Uno
471 1337 606 1379 uerbo
639 1338 860 1392 eloquere:
899 1339 971 1380 ubi
1004 1351 1083 1390 ego
1117 1338 1241 1379 sum?
1280 1338 1421 1379 hicine
1452 1352 1506 1380 an
1539 1339 1652 1392 apud
1685 1352 1797 1381 mor-

1281 1416 1285 1418 ’
1427 1411 1556 1452 tuos?

934 1501 1211 1555 Eutychus

340 1571 490 1625 Neque
522 1573 639 1626 apud
670 1578 862 1615 mortuos
893 1588 1034 1627 neque
1066 1573 1135 1615 hic
1167 1588 1224 1615 es.

940 1686 1206 1729 Charinus

1048 1759 1202 1801 Saluos
1235 1774 1341 1801 sum.
1401 1759 1699 1802 Inmortalitas
1730 1772 1797 1819 595

341 1831 445 1872 Mihi
478 1831 583 1872 data
615 1836 699 1882 est;
731 1831 799 1873 hic
830 1833 933 1873 emit
963 1832 1106 1883 illam3
1137 1831 1285 1885 pulcre
1318 1846 1366 1873 os
1398 1832 1590 1874 subleuit
1623 1833 1749 1887 patri.

339 1903 650 1957 Inpetrabilior
680 1906 753 1958 qui
786 1905 920 1954 uiuat,
952 1905 1097 1946 nullus
1129 1910 1205 1946 est.
1268 1905 1358 1954 Dic,
1391 1905 1592 1946 obsecro:

341 1975 384 2017 Si
415 1990 554 2030 neque
586 1976 654 2018 hic
686 1990 825 2031 neque
857 1977 1093 2018 Acherunti
1127 1991 1234 2027 sum,
1267 1977 1340 2018 ubi
1373 1977 1496 2018 sum‘?

930 2090 1204 2144 Eutychus

1332 2162 1559 2217 Nusquam
1590 2165 1794 2217 gentium.

934 2241 1200 2284 Charinus

343 2315 547 2369 Disperii.
607 2315 740 2357 Illaec
770 2316 993 2356 interemit
1025 2329 1090 2357 me
1121 2315 1248 2357 modo
1278 2328 1364 2357 una
1395 2316 1548 2357 oratio.

425 2486 491 2520 587
516 2490 640 2520 tamen
665 2485 783 2520 demsi
807 2484 855 2528 B,
880 2489 1005 2519 tamen
1032 2484 1175 2530 dempsi
1200 2485 1229 2520 Ο
1319 2486 1385 2520 588
1410 2485 1573 2529 adportu
1598 2484 1634 2520 Β
1727 2485 1794 2520 589
1867 2504 1869 2506 -
1941 2472 1945 2505 ¹¹

334 2543 405 2577 mei
431 2553 497 2578 om.
524 2541 560 2577 B
660 2543 727 2577 590
753 2541 825 2576 Sed
851 2543 947 2577 inest
1047 2543 1159 2578 Hunc
1183 2551 1324 2578 versum
1348 2547 1550 2586 sequuntur
1572 2553 1626 2578 vv.
1650 2543 1720 2578 830
1742 2552 1791 2587 sq.

332 2610 397 2634 seco
422 2600 498 2634 loco
522 2600 712 2635 redeuntes
827 2601 889 2634 591
919 2599 1026 2635 Nunc
1058 2600 1147 2644 quid
1181 2603 1297 2634 restat
1328 2604 1365 2634 et
1396 2600 1428 2633 ei
1553 2601 1620 2634 592
1652 2599 1792 2634 incedit

423 2658 489 2691 593
515 2668 557 2691 eu
585 2657 618 2691 B
720 2659 787 2691 594
817 2657 902 2692 hinc
937 2669 1016 2691 eam
1051 2657 1149 2701 apud
1179 2656 1210 2691 B
1303 2658 1369 2691 596
1395 2657 1484 2691 emit
1509 2657 1598 2691 mihi
1623 2657 1726 2691 illam
1753 2655 1787 2700 G,

331 2714 394 2748 sed
413 2714 502 2748 mihi
517 2726 662 2749 erasum
757 2714 932 2758 pulchros
947 2713 981 2747 Β
1073 2716 1139 2748 597
1160 2713 1481 2758 impenetrabilior
1497 2713 1527 2748 0
1616 2714 1702 2749 dico

331 2772 398 2805 598
423 2771 616 2821 acheronti
643 2772 672 2808 0
761 2773 826 2806 599
851 2783 923 2806 una
948 2782 1013 2806 om.
