1963 3243
277 249 330 288 98
957 241 1077 276 manti
1431 239 1496 281 1v,
1521 241 1554 283 ν,
1581 215 1762 275 125—1'35

948 367 1086 409 Simo

692 443 834 493 Atque
865 439 996 480 etiam
1028 437 1133 479 mihi
1163 437 1274 479 aliae
1305 436 1459 490 uiginti
1489 436 1643 478 minae.

930 531 1112 573 Ballio

278 605 467 648 Auferen
493 609 540 647 tu
565 603 610 646 id
634 604 871 658 praemium
897 618 923 646 a
944 617 1023 654 me,
1055 603 1168 656 quod
1194 602 1372 656 promisi
1399 615 1474 655 per
1489 600 1658 642 iocum?
1675 610 1768 645 1225

954 697 1094 740 Simo

281 771 348 814 De
379 769 573 825 inprobis
603 770 711 811 uiris
741 769 903 812 auferri
933 769 1170 824 praemium
1201 771 1244 809 et
1274 766 1480 821 praedam
1513 767 1646 808 decet.

925 863 1106 904 Ballio

279 936 444 979 Saltem
474 935 733 978 Pseudolum
763 934 866 976 mihi
897 934 1041 976 dedas.

949 1029 1084 1072 Simo
1467 1091 1470 1094 Δ

1064 1098 1325 1141 Pseudolum
1356 1110 1434 1151 ego
1467 1097 1623 1139 dedam
1651 1096 1767 1139 tibi?
1824 1148 1827 1149 ⁷

279 1172 395 1223 Quid
425 1172 638 1227 deliquit?
671 1172 829 1224 dixine‚
861 1173 914 1214 ab
947 1186 996 1214 eo
1027 1171 1108 1214 tibi
1139 1175 1187 1213 ut
1218 1184 1406 1222 caneres,
1440 1169 1664 1212 centiens?

931 1266 965 1307 B
978 1266 1114 1308 allio

277 1323 476 1366 Perdidit
505 1338 585 1366 me.

948 1395 1085 1438 Simo

635 1467 691 1509 At
721 1481 789 1510 me
821 1468 975 1521 uiginti
1004 1467 1185 1509 modicis
1216 1465 1419 1508 multauit
1446 1463 1584 1506 minis.

933 1561 1109 1603 Ballio

284 1633 398 1684 Quid
428 1648 542 1676 nunc
571 1633 757 1676 faciam?

913 1727 1018 1769 Har
1066 1741 1129 1768 ax

622 1799 666 1842 Si
697 1799 802 1841 mihi
836 1743 1058 1853 argentutii
1093 1799 1275 1850 dederis,
1306 1802 1349 1840 te
1380 1796 1645 1852 suspendito.
1679 1806 1771 1840 1230

930 1893 1113 1936 Ballio

282 1966 336 2008 Di
369 1969 410 2008 te
442 1965 648 2020 perdant!
713 1965 899 2019 Sequere
931 1966 990 2007 sis
1021 1979 1088 2006 me
1120 1979 1221 2018 ergo
1253 1964 1308 2006 ad
1337 1963 1478 2006 forum
1509 1968 1558 2005 ut
1589 1962 1767 2004 soluam.

915 2058 1130 2114 Harpax

1589 2113 1767 2166 Sequor.

958 2186 1099 2230 Simo

285 2244 399 2296 Quid
431 2244 537 2299 ego?

933 2315 1115 2358 Ballio

608 2387 866 2441 Peregrinos
898 2387 1142 2438 absoluam3
1176 2401 1270 2429 cras
1301 2400 1425 2440 agam
1458 2399 1556 2428 cum
1587 2383 1769 2426 ciuibus.

286 2459 527 2502 Pseudolus
559 2459 665 2501 mihi
696 2460 940 2501 centuriata
969 2458 1122 2501 habuit
1152 2459 1307 2512 capitis
1337 2458 1523 2508 comitia,

286 2531 368 2582 Qui
399 2531 532 2574 illunc
562 2531 619 2573 ad
650 2545 716 2573 me
747 2530 875 2573 hodie
907 2530 1139 2584 adleganit,
1172 2529 1392 2571 mulierem
1419 2529 1493 2583 qui
1519 2527 1768 2570 abduceret.

380 2698 466 2730 1224
492 2696 533 2732 SI
558 2707 625 2731 om.
651 2694 697 2740 B,
723 2695 797 2729 HA.
826 2695 855 2730 G
957 2697 1043 2729 1225
1068 2695 1265 2730 Auferetur
1288 2695 1326 2728 id
1350 2693 1416 2729 BG
1527 2694 1613 2728 1226
1637 2693 1772 2738 impro-

285 2753 362 2787 bris
388 2753 417 2788 O
531 2754 620 2787 1228
645 2752 808 2796 deliquid
902 2752 957 2786 uit
981 2752 1014 2785 B
1127 2751 1263 2786 habere
1289 2751 1449 2785 sentiens
1570 2751 1651 2785 1231
1678 2759 1770 2793 ergo

285 2808 354 2843 hac
381 2808 427 2843 ad
522 2810 607 2844 1232
633 2808 706 2842 BA.
734 2807 827 2851 Quid
853 2819 922 2852 ego
949 2809 1167 2852 peregrinos
1265 2809 1350 2842 1234
1374 2807 1475 2841 illum
