1963 3243
293 211 375 250 270
926 206 1140 240 Pseudolus.

292 335 405 373 codd.
446 335 537 373 huic
582 335 710 372 versui
750 334 948 381 tribuunt,
994 335 1138 371 retinui
1184 334 1307 371 deleta
1350 338 1443 372 nota
1482 334 1546 381 P.‚
1594 348 1708 384 quam
1738 335 1773 372 A

292 403 457 450 omittit3
503 402 549 440 R.
588 403 627 439 in
666 403 887 451 proximum
924 402 1142 439 transtulit.
1189 422 1242 426 ——
1287 404 1381 440 923.
1428 402 1462 438 A
1508 402 1605 440 duos
1650 403 1771 440 dime-

292 474 374 508 tros
413 470 602 508 discribit.
671 465 738 508 SI.
772 466 994 518 Numquid
1031 469 1090 506 ed.
1123 484 1182 520 pr.
1229 490 1283 495 —-
1329 472 1422 508 925.
1463 480 1529 516 ea,
1575 484 1625 508 sc.
1658 483 1773 520 quam

293 540 524 588 quaerimus,
575 537 621 575 cf.
667 539 755 575 147.
844 537 957 583 „illa“
1010 538 1116 575 Pers.
1166 540 1265 585 7243
1309 539 1476 575 retinuit
1515 538 1678 585 Mffller3
1727 537 1771 575 R.

293 610 383 645 cett.
415 607 643 644 omiserunt.
674 625 718 630 —
760 606 854 642 927.
886 602 968 648 ille,
1000 619 1035 643 v.
1061 606 1109 642 ad
1135 606 1277 656 Amph.
1304 607 1396 644 457.
1434 625 1480 630 -
1515 606 1608 643 928.
1641 602 1777 643 acl-§iet

293 674 399 713 Cam.
438 695 492 700 -
531 675 623 712 929.
670 674 827 724 „potior
866 673 930 709 ille
963 670 1061 710 erit“
1095 675 1338 723 transposuit
1369 673 1503 720 Both.;
1548 674 1688 724 placet.
1722 693 1775 699 —

294 744 388 780 931.
421 738 494 781 Sic
523 743 569 780 A.
604 762 649 769 —
687 743 780 779 933.
812 737 942 791 Ipsus
973 744 1012 778 et
1042 751 1130 779 esse
1160 752 1251 779 eum
1280 742 1326 783 A.
1367 762 1420 766 —
1460 742 1552 779 934.
1594 741 1778 779 autumet

294 811 354 849 ed.
385 824 445 861 pr.
477 830 532 835 —
573 806 654 858 Qui
681 805 851 858 potest?
881 811 926 855 A,
959 824 995 847 v.
1028 811 1077 846 ad
1106 809 1247 860 Amph.
1284 811 1374 847 169.
1409 829 1466 842 —-.
1492 810 1586 848 936.
1619 819 1778 859 quoque

294 874 436 926 etiam,
477 892 513 916 v.
545 879 595 916 ad
623 878 765 927 Amph.
793 879 857 915 30.
890 897 944 903 -
976 879 1056 915 937
1089 879 1251 915 accessit
1281 891 1326 915 ex
1357 879 1402 924 A,
1434 891 1470 915 v.
1497 877 1601 916 wa.
1625 890 1663 927 p.
1685 879 1776 926 1703

294 947 360 996 qui
393 959 513 996 quum
544 946 615 984 AN
635 976 643 984 .
663 976 670 984 .
689 945 814 983 DIRO
852 947 1011 994 legisset
1042 949 1081 984 et
1111 947 1227 983 simul
1259 946 1599 984 animadvertisset
1628 946 1776 996 requiri

293 1028 534 1064 synonymon
580 1014 691 1052 verbi
735 1011 1034 1064 „superavero“‚
1089 1009 1272 1052 antidibo
1323 1015 1483 1064 scripsi,
1538 1014 1583 1051 cf.
1634 1013 1774 1051 Bacch.

299 1084 416 1121 1086.
463 1082 546 1121 Cas.
581 1084 674 1120 205.
722 1081 816 1120 Cist.
847 1083 939 1119 202.
971 1102 1026 1107 ———
1058 1083 1151 1120 939.
1183 1091 1246 1119 me
1275 1078 1389 1120 satin
1419 1082 1595 1128 Winter;
1630 1082 1776 1129 „satine

295 1147 379 1188 me“
405 1150 450 1188 R.
478 1170 526 1175 —
561 1152 640 1188 940
665 1165 749 1200 sqq.
781 1151 890 1189 locus
920 1150 1225 1199 interpolatione
1250 1154 1469 1200 corruptus.
1515 1145 1622 1188 Esto
1644 1150 1776 1200 inepte

295 1219 569 1269 respondetur.
629 1219 856 1269 Sequuntur
887 1222 1074 1268 quattuor
1105 1232 1240 1256 versus
1273 1222 1312 1256 et
1341 1223 1505 1269 propter
1527 1221 1692 1256 metrum
1715 1230 1775 1255 su-

295 1288 420 1338 specti
459 1291 499 1324 et
535 1287 658 1325 multo
696 1287 820 1336 magis
858 1290 1022 1337 propter
1051 1289 1265 1325 sententias
1295 1300 1435 1337 parum
1465 1290 1557 1337 apte
1588 1300 1633 1323 ea
1662 1298 1775 1335 repe-

294 1359 437 1402 tentes,
470 1368 555 1405 quae
585 1356 689 1393 infra
711 1368 779 1393 suo
803 1356 889 1392 loco
913 1360 951 1391 et
974 1355 1157 1392 Plautino
1182 1367 1358 1392 sermone
1381 1355 1576 1404 leguntur.
1622 1355 1668 1392 V.
1696 1354 1774 1392 945

297 1428 426 1461 autem
453 1423 528 1461 dici
555 1437 631 1460 non
657 1427 788 1473 potest
812 1424 885 1460 nisi
912 1424 958 1468 ei,
985 1424 1051 1472 qui
1076 1423 1243 1460 alterum
1261 1423 1473 1469 admonuit,
1499 1437 1569 1460 nec
1585 1435 1678 1474 *cum
1697 1423 1776 1459 944

296 1492 475 1529 cohaeret.
559 1492 659 1537 Quid
705 1493 977 1538 antecesserit,
1033 1498 1199 1541 apparet
1244 1504 1290 1528 ex
1336 1492 1403 1535 iis,
1447 1504 1532 1541 quae
1577 1492 1616 1527 in
1663 1490 1775 1528 codd.

295 1562 425 1597 versui
442 1561 522 1597 947
542 1559 752 1597 adduntur.
813 1559 873 1596 Ibi
905 1560 1006 1596 enim
1037 1561 1161 1609 prima
1189 1559 1301 1597 huius
1325 1573 1458 1597 versus
1484 1558 1616 1605 verba,
1651 1553 1777 1596 Potin

296 1628 343 1665 ut
372 1623 540 1666 taceas?
571 1632 817 1678 repetuntur,
848 1628 917 1665 sed
948 1627 1288 1664 antecedentibus:
1321 1626 1381 1665 Ab
1409 1624 1507 1665 uide
1536 1637 1586 1664 ne
1615 1621 1776 1664 titubes.
1813 1636 1820 1640 “
1893 1638 1898 1642 ·

295 1696 387 1734 Haec
417 1697 591 1746 separari
622 1710 698 1733 non
731 1695 892 1743 debent,
935 1695 1002 1732 sed
1043 1709 1176 1733 eorum
1207 1696 1314 1734 locus
1346 1699 1405 1733 est
1435 1699 1525 1732 ante
1557 1695 1656 1741 945,
1702 1706 1778 1731 non

296 1768 385 1814 post
418 1766 510 1802 947.
570 1764 706 1814 Itaque
738 1764 878 1801 deletis
907 1764 968 1810 iis,
1002 1777 1087 1813 quae
1120 1765 1254 1813 spuria
1283 1764 1465 1802 videntur
1497 1759 1595 1812 (940
1631 1760 1774 1810 „Est0“

298 1833 346 1868 ad
379 1832 476 1879 944)
508 1846 543 1870 v.
577 1832 658 1870 940
688 1833 781 1869 talis
814 1831 1001 1869 efficitur:
1038 1831 1229 1881 „Optume
1259 1831 1387 1869 habet.
1447 1833 1500 1869 At
1529 1831 1620 1869 uide
1650 1844 1697 1868 ne
1727 1831 1776 1867 ti-

296 1898 432 1937 tubes“
470 1901 550 1947 vel,
592 1902 623 1938 si
655 1900 821 1937 dimeter
852 1913 966 1949 anap.
999 1900 1197 1938 faciendus
1229 1903 1304 1949 est,
1347 1900 1424 1947 „At
1453 1904 1498 1937 ‘tu
1528 1899 1618 1936 uide
1651 1913 1687 1935 n.
1720 1896 1773 1936 t.“

297 1988 350 1993 —
392 1969 484 2006 942.
526 1968 725 2018 quantum
755 1965 938 2017 (Iigmu's,
987 1983 1021 2005 v.
1055 1968 1112 2012 ad,
1136 1968 1241 2005 Asin.
1279 1969 1369 2005 148.
1412 1988 1459 1994 -
1510 1968 1601 2005 943.
1648 1962 1778 2016 mayis

296 2033 452 2075 malum
483 2037 521 2074 et
549 2049 621 2086 pro
652 2050 730 2074 uno
761 2037 860 2087 pede
887 2038 974 2074 erit.
1005 2055 1044 2061 —
1087 2037 1167 2074 944
1200 2039 1243 2073 ut
1274 2049 1409 2073 versus
1433 2036 1515 2082 fiat,
1549 2036 1778 2073 omittantur

302 2109 365 2151 „et
394 2102 557 2142 faciam“
593 2108 660 2142 aut
691 2118 774 2142 cum
808 2104 1045 2154 Kiesslingio
1071 2104 1172 2142 Mus.
1200 2104 1320 2141 Rhen.
1346 2103 1481 2141 XXIII
1511 2116 1548 2153 p.
1576 2104 1655 2141 424
1687 2102 1776 2140 scri-

298 2173 414 2210 batur
458 2173 619 2222 „quanti
657 2178 697 2209 te
734 2170 914 2210 faciam“.
989 2171 1170 2210 Ceterum
1211 2172 1256 2209 cf.
1291 2172 1371 2209 Mil.
1408 2173 1486 2209 935
1519 2186 1574 2221 sq.
1607 2174 1647 2208 et
1678 2171 1774 2208 812:

303 2241 452 2287 „sobrie
482 2245 527 2277 ut
557 2253 666 2278 cures
697 2238 819 2278 face“.
844 2260 897 2265 —
930 2242 1023 2279 945.
1061 2237 1254 2287 „memor“
1290 2239 1415 2286 codd,
1447 2241 1563 2276 etiam
1589 2239 1632 2285 A,
1664 2251 1776 2288 repe-

297 2310 440 2346 titione
472 2310 536 2346 vix
566 2309 728 2346 ferenda
758 2308 1004 2358 numerisque
1036 2308 1234 2358 pessimis3
1275 2321 1394 2357 quare
1424 2317 1600 2345 memore
1630 2306 1778 2354 scripsi,

300 2377 321 2414 i.
341 2390 372 2413 e.
398 2378 635 2424 memoriter,
667 2382 710 2414 ut
737 2378 848 2414 aiunt
863 2376 1014 2414 Nonius
1038 2391 1075 2426 p.
1097 2377 1174 2414 514
1207 2379 1247 2413 et
1270 2375 1492 2413 Priscianus
1518 2375 1585 2412 XV
1611 2388 1649 2425 p.
1673 2373 1775 2411 1014

298 2444 504 2482 afferentes
534 2445 738 2495 Pomponii
769 2458 921 2482 versum
959 2444 1112 2492 ,.Ergo,
1158 2445 1208 2480 mi
1240 2443 1457 2491 Dossenne‚
1503 2455 1620 2492 quom
1660 2442 1778 2478 istaec

299 2526 467 2551 memore
512 2513 739 2561 meministi,
786 2511 955 2550 indica“.
1022 2512 1128 2550 Idem
1159 2512 1302 2561 Bergk.
1335 2511 1460 2548 voluit
1490 2511 1610 2548 Beitr.
1641 2522 1680 2559 p.
1713 2510 1776 2546 21.

301 2600 349 2606 -·
385 2582 476 2618 947.
513 2576 675 2618 Probus
706 2581 767 2618 est
796 2577 861 2618 hie
891 2582 1028 2630 scripsi
1061 2594 1147 2618 cum
1178 2579 1369 2626 Wintem,
1409 2583 1453 2616 ut
1484 2580 1522 2615 in
1554 2577 1776 2627 a11apaestis;

304 2649 478 2696 „Probus
509 2649 569 2687 hic
600 2649 682 2687 estf‘
718 2650 834 2686 etiam
866 2650 911 2686 A.
956 2668 1004 2673 -
1054 2649 1146 2686 948.
1193 2643 1259 2685 Ita
1289 2657 1352 2685 me
1383 2643 1427 2684 do·
1464 2646 1619 2692 ament,
1666 2645 1778 2682 solita

300 2718 544 2754 asseverandi
578 2717 754 2755 formula.
816 2716 937 2754 Simia
966 2729 1052 2753 eum
1085 2717 1372 2764 interrumpens
1404 2715 1484 2760 hic,
1520 2717 1564 2751 ut
1603 2715 1638 2750 in
1670 2715 1777 2749 ante-

301 2784 451 2821 cedenti
486 2797 620 2826 versu,
666 2787 865 2834 propriam
907 2786 1011 2821 vocis
1053 2785 1127 2821 vim
1161 2783 1361 2833 amplexus
1395 2784 1447 2818 ait
1481 2782 1550 2818 hoc
1581 2782 1672 2818 deos
1703 2792 1777 2817 nou
