1963 3243
288 227 369 265 294
933 221 1128 256 Poenulus.

288 364 426 387 nomen
465 354 569 387 recte
606 350 753 387 Ritsch.
793 349 817 386 l.
850 350 874 386 l.
914 363 952 399 p.
995 350 1073 386 344
1113 349 1392 386 animadvertit
1437 351 1567 398 aptius
1606 350 1794 390 danistae-

285 420 345 455 vel
377 419 576 468 trapezitae
607 412 848 466 (κολλυβιστῇ)
887 417 1008 454 tribui
1049 429 1162 465 quain
1201 417 1290 454 huic
1330 430 1452 453 servo.
1527 417 1606 455 Nec
1635 421 1765 455 tamen

285 486 382 524 illud
409 499 549 523 nomen
574 485 814 523 defenderim
839 485 958 521 allato
989 483 1206 521 Trinummi
1232 499 1266 522 v.
1291 486 1408 529 1021,
1435 485 1545 522 cuius
1571 485 1646 522 alia
1663 486 1765 522 ratio

287 558 366 601 est;
398 554 460 591 hic
484 568 505 591 a
530 554 688 601 κολλάβῳ
713 554 736 590 i.
755 566 786 590 e.
805 553 997 602 placenta,
1034 566 1069 589 v.
1090 552 1290 601 Aristoph.
1308 553 1404 590 Ran.
1426 554 1503 591 507
1530 566 1614 590 cum
1633 553 1766 598 schol„

287 622 433 660 dictum
474 622 648 669 videtur,
689 621 799 670 quasi
831 633 939 665 esca,
980 633 1056 668 qua
1093 620 1179 656 leno
1218 621 1256 657 in
1290 620 1467 669 pedicam
1498 621 1559 657 vel
1590 622 1768 670 laqueum

286 690 507 727 illiciendus
538 693 610 726 est.
634 709 690 713 --
720 688 863 726 Graecae
894 688 1052 733 litterae,
1086 700 1171 736 quae
1203 689 1240 725 in
1273 689 1484 739 archetypo
1514 701 1769 738 personarum

287 762 389 796 notae
431 758 601 803 fuerunt,
644 758 681 793 in
716 755 799 793 cod.
832 756 863 792 B
894 759 1057 792 servatae
1087 760 1177 791 sunt
1216 770 1238 792 a
1275 771 1309 792 v.
1344 756 1422 793 470
1463 757 1510 793 ad
1555 758 1685 805 119ος
1730 758 1769 794 in

287 826 441 875 reliqua
471 825 604 861 fabula
635 827 757 870 notae,
799 837 895 872 quas
926 822 1148 859 rubricator
1179 823 1322 860 addere
1360 823 1515 871 debuit,
1560 825 1640 861 fere
1672 824 1771 861 desi-

289 894 494 937 derantur,
526 893 565 929 in
594 892 733 929 mediis
764 891 941 928 versibus
972 892 1098 939 spatia
1122 892 1170 927 iis
1194 891 1389 928 destinata
1412 896 1616 941 apparent.
1678 892 1772 930 Rem

289 961 591 998 commemoravi
621 959 777 1008 Proleg.
809 973 846 1008 p.
884 960 973 1004 158,
1013 959 1079 995 ubi
1111 958 1214 1007 quod
1246 959 1394 995 lenonis
1425 966 1464 996 et
1494 960 1630 997 militis
1660 964 1772 997 notas

288 1030 397 1066 uncis
427 1028 589 1074 inclusi,
629 1031 839 1077 postquam
871 1028 954 1076 ipse
985 1027 1155 1064 codicem
1189 1028 1352 1077 inspexi,
1385 1033 1414 1063 E
1442 1028 1596 1077 quidem
1628 1028 1772 1077 ubique

289 1098 501 1135 clarissime
533 1109 723 1146 apparere
754 1095 946 1132 affirmare
984 1107 1161 1144 possum,
1197 1102 1224 1130 Z
1253 1099 1382 1132 exstat
1412 1108 1446 1132 v,
1483 1096 1581 1141 501,
1622 1096 1659 1132 in
1692 1097 1770 1146 pri·

289 1166 422 1204 oribus
454 1178 586 1202 errore
617 1163 649 1200 L
680 1165 868 1212 scriptum
902 1166 978 1208 est,
1011 1175 1083 1212 pro
1113 1167 1154 1210 A,
1186 1163 1438 1199 Anterastilis
1468 1167 1572 1209 nota,
1605 1177 1639 1200 v.
1671 1165 1773 1201 1184

288 1241 321 1271 Α
351 1234 540 1283 scriptum
572 1235 630 1269 est
660 1231 764 1269 sacili
797 1244 943 1268 errore.

402 1302 463 1338 Ad
494 1299 774 1337 emendandam
799 1299 900 1336 hanc
923 1299 1094 1336 fabulam
1119 1298 1282 1336 multum
1309 1299 1477 1336 contulit
1500 1299 1775 1348 palimpsestus

288 1370 588 1415 Ambrosianus,
637 1369 745 1405 cuius
787 1368 860 1405 huc
889 1368 1089 1417 pertinent
1118 1367 1246 1403 XXIV
1276 1367 1370 1405 folia
1400 1368 1552 1416 integra
1582 1381 1664 1404 cum
1696 1367 1775 1404 fru-

290 1439 405 1477 stulis
428 1440 554 1484 unius,
589 1449 674 1486 quae
698 1439 846 1472 textum
872 1436 1072 1472 continent
1089 1448 1267 1472 versuum
1288 1436 1520 1480 2802-499,
1543 1437 1774 1479 571-—602‚

292 1507 532 1552 634-706,
581 1505 822 1551 745-781,
869 1504 1139 1550 849--1002,
1191 1505 1486 1551 1101—1378,
1548 1504 1775 1540 1417—19.

292 1577 417 1614 Huius
448 1575 663 1622 scripturas
706 1572 829 1609 edidit
861 1571 1048 1620 Geppert.
1081 1572 1120 1608 in
1152 1571 1211 1609 ed.
1244 1571 1416 1608 Berolin.
1453 1572 1580 1618 18643
1625 1572 1777 1621 inspexi

291 1645 408 1681 etiam
438 1643 524 1692 ipse
555 1641 787 1691 quibusdam
817 1640 922 1678 locis.
984 1639 1212 1676 Vaticanum
1244 1642 1282 1676 et
1314 1639 1680 1687 Heidelbergensem
1711 1652 1775 1676 co-
1814 1625 1818 1630 .

292 1712 395 1749 dices
440 1711 524 1760 ipse
571 1709 729 1754 contuli,
776 1722 844 1744 nec
890 1709 1024 1757 paucis
1070 1708 1165 1744 locis
1206 1707 1448 1757 Geppertum
1489 1720 1637 1745 errasse
1683 1707 1774 1745 vidi.

290 1780 400 1817 Illius
439 1778 567 1816 media
607 1790 697 1827 pars
736 1773 1021 1822 (453—1190)
1061 1776 1208 1824 largius
1249 1779 1287 1812 et
1325 1776 1559 1823 elegantius,
1606 1780 1778 1812 extrema

292 1847 499 1885 admodum
544 1859 677 1895 presse
724 1846 871 1894 scripta
917 1848 997 1889 est3
1043 1845 1082 1880 in
1120 1843 1191 1880 hoc
1231 1839 1296 1891 (C)
1343 1847 1381 1880 et
1425 1856 1625 1880 scenarum
1669 1844 1775 1880 tituli

293 1929 425 1954 omnes
458 1915 599 1952 desunt
630 1918 668 1951 et
698 1914 833 1963 primae
865 1925 1064 1949 scenarum
1091 1912 1245 1957 litterae,
1279 1925 1348 1948 nec
1379 1912 1505 1961 spatia
1535 1911 1610 1948 sibi
1641 1911 1777 1949 relicta

293 1984 467 2034 explevit
511 1983 750 2028 rubricator-3
797 1986 879 2018 tum
924 1992 1181 2029 personarum
1226 1983 1326 2016 notae
1368 1985 1456 2017 ante
1497 1993 1531 2017 V.
1572 1980 1651 2017 960
1697 1979 1778 2016 fere

292 2053 407 2090 nullae
439 2052 641 2099 leguntur,
691 2050 739 2087 ab
778 2049 851 2086 hoc
888 2047 977 2085 inde
1017 2061 1131 2084 versu
1167 2059 1344 2096 personae
1386 2047 1604 2085 initialibus
1636 2048 1778 2084 litteris

293 2119 575 2168 significantur,
609 2118 676 2154 sed
708 2118 763 2154 ita
794 2120 837 2153 ut
868 2128 1054 2165 persaepe,
1089 2102 1324 2152 maximein
1359 2128 1540 2152 versuum
1563 2114 1776 2164 principiis,

294 2189 538 2225 omittantur.
586 2206 639 2210 ——
684 2185 822 2222 Partes
868 2184 1056 2233 quasdam
1102 2182 1242 2220 fabulae
1288 2182 1524 2219 Ritschelius
1570 2183 1776 2232 separatim

295 2256 418 2293 edidit
449 2268 533 2292 cum
567 2257 759 2302 apparatu
791 2253 945 2297 critico,
992 2254 1185 2288 canticum
1218 2252 1437 2287 210—258
1477 2251 1515 2286 in
1549 2251 1627 2287 ind.
1659 2249 1776 2287 schol.

295 2325 418 2362 Bonn.
472 2324 710 2367 1858-50,
758 2334 842 2357 eam
888 2333 1064 2365 scenam,
1111 2332 1196 2368 quae
1240 2319 1356 2368 vulgo
1402 2324 1510 2356 actus
1554 2317 1591 2354 II
1637 2317 1779 2355 dicitur

297 2390 568 2439 (J447w502),
600 2390 679 2427 ind.
711 2389 828 2426 schol.
866 2389 984 2425 1864.

872 2582 1210 2624 Argumentum

299 2663 554 2701 acrostichon.
594 2664 681 2698 —ul
718 2675 763 2698 ex
794 2661 944 2711 prolog.
966 2675 998 2696 v.
1020 2662 1083 2697 66.
1110 2679 1163 2684 —
1190 2662 1225 2696 2.
1262 2656 1366 2697 030⁷·
1396 2653 1613 2695 muliermn
1644 2671 1689 2694 ex
1716 2657 1779 2693 74.

299 2731 393 2768 Post
423 2731 501 2767 haec
533 2730 665 2766 hiatur
696 2730 733 2765 in
765 2742 913 2766 caesura
944 2731 986 2764 ut
1024 2728 1062 2764 in
1097 2728 1272 2776 proximo
1306 2739 1339 2763 v.
1373 2729 1461 2775 post
1490 2720 1687 2761 heredem.
1727 2742 1780 2748 —

300 2798 336 2835 4.
371 2794 584 2835 Mereatur
615 2796 702 2833 edd.
735 2815 788 2820 -—
823 2798 857 2833 5.
890 2792 1042 2834 uilicus
1072 2794 1294 2832 scribebant
1325 2793 1490 2842 antiqui,
1531 2794 1575 2828 ut
1608 2788 1778 2839 ‚,milia“,
