1963 3243
311 192 364 232 '78
962 188 1084 224 Plauti
1482 187 1546 231 Π,
1572 191 1601 233 1,
1629 190 1759 224 12—19
1786 191 1800 217 a
1860 161 1862 165 ⁵

879 312 1183 356 Palaestrio

593 384 719 427 Hunc
749 384 1007 427 arrabonem
1039 388 1196 427 amoris
1226 385 1410 439 primum
1441 398 1468 426 a
1497 398 1565 426 me
1595 385 1758 439 accipe.

811 520 1257 575 Pyrgopolinices

312 592 453 642 Quid?
485 593 555 634 hic
583 592 698 634 unde
729 593 824 634 est?

880 728 1192 771 Palaestrio

841 801 875 842 A
905 801 1129 842 luculenta
1154 805 1284 854 atque
1306 800 1463 843 festiua
1493 800 1665 850 femina,
1696 812 1764 846 955

312 872 430 923 Quae
461 877 504 913 te
536 847 666 913 amat·
688 876 894 926 tuamque
925 874 1161 926 expetessit
1191 873 1387 926 pulcram
1417 872 1761 926 pulcritudinem.

312 944 415 986 Eius
454 943 567 985 hunc
605 944 709 985 mihi
750 944 926 986 anulum
964 944 1021 985 ad
1051 949 1094 985 te
1125 944 1284 985 ancilla
1313 958 1442 998 porro
1472 948 1521 986 ut
1551 943 1763 986 deferrem

1426 1015 1559 1058 dedit.

814 1107 1262 1162 Pyrgopolinices
1473 1085 1480 1090 δ

313 1179 423 1229 Quid
434 1180 454 1221 Ρ
486 1193 590 1221 eane
618 1180 806 1233 ingenua
835 1193 891 1221 an
921 1179 1088 1221 festuca
1116 1178 1234 1220 facta
1263 1192 1283 1219 e
1313 1192 1441 1220 serua
1469 1178 1679 1221 liberast?

882 1315 915 1356 P
925 1315 1010 1357 ala
1020 1329 1042 1357 e
1054 1329 1073 1357 s
1083 1320 1102 1357 t
1110 1316 1156 1357 ri
1169 1330 1193 1358 o

315 1388 425 1439 Uah,
450 1402 584 1441 egone
607 1393 655 1429 ut
678 1387 734 1429 ad
758 1393 800 1429 te
825 1388 880 1430 ab
904 1388 1107 1430 libertina
1131 1402 1224 1430 esse
1242 1388 1446 1430 auderem
1461 1389 1766 1438 internuntius,

314 1460 395 1511 Qui
410 1461 607 1513 ingenuis
623 1461 730 1501 satis
747 1474 1003 1514 responsare
1019 1474 1225 1514 nequeas,
1241 1474 1352 1514 quae
1383 1461 1563 1515 cupiunt
1577 1460 1672 1502 tui?
1700 1471 1768 1505 960

818 1596 1266 1651 Pyrgopolinices

316 1669 564 1724 Nuptanest
595 1683 649 1710 an
680 1669 844 1710 uidua?

887 1805 1198 1848 Palaestrio

859 1877 914 1919 Et
943 1882 1080 1931 nupta
1110 1883 1154 1920 et
1182 1878 1330 1920 uidua.

820 2015 1270 2069 Pyrgopolinices

1375 2070 1468 2120 Quo
1500 2075 1627 2126 pacto
1658 2072 1772 2125 potis

318 2128 466 2182 Nupta
496 2133 540 2170 et
569 2129 703 2170 uidua
733 2143 827 2172 esse
859 2129 1040 2172 eadem?
1812 2147 1816 2149 ·

891 2266 1193 2308 Palaestrio

898 2337 1006 2388 Quia
1037 2339 1292 2380 adulescens
1322 2342 1503 2391 nuptast
1533 2351 1628 2380 cum
1659 2351 1771 2380 sene.

411 2462 478 2495 954
502 2461 574 2496 PA.
599 2473 666 2497 om.
763 2463 877 2497 moris
978 2464 1105 2506 accepi
1207 2464 1274 2497 955
1299 2463 1331 2497 A
1356 2472 1423 2504 om.
1447 2463 1483 2497 Β
1583 2463 1650 2498 956
1675 2465 1775 2496 amat

321 2530 475 2562 cumque
499 2518 544 2561 Β,
571 2523 805 2564 amatumque
833 2519 863 2555 C
963 2522 1164 2564 expetisset
1272 2520 1339 2555 957
1363 2519 1427 2553 Eis
1455 2519 1485 2555 Ο
1583 2531 1682 2555 nune

323 2575 482 2610 deferret
575 2578 642 2610 958
666 2588 708 2611 ea
731 2577 893 2621 ingenua
918 2589 959 2611 ac
1052 2577 1150 2612 facta
1176 2587 1323 2611 seruare
1423 2576 1543 2611 libera
1566 2582 1623 2611 ast
1647 2577 1684 2612 B

322 2635 388 2668 959
409 2632 558 2677 Uaaego
583 2645 639 2667 me
661 2633 691 2669 G
768 2635 872 2668 abste
955 2634 1089 2668 audere
1171 2635 1239 2668 960
1257 2632 1351 2676 Quin
1372 2644 1488 2677 genus
1511 2632 1539 2668 G
1618 2645 1772 2678 respon·

324 2689 428 2724 deret
458 2690 510 2731 Β,
548 2695 786 2734 responsaret
819 2690 850 2726 0
960 2702 1120 2734 nequeas
1154 2691 1269 2735 capiti
1303 2690 1356 2724 uti
1387 2689 1440 2734 Β,
1478 2689 1640 2735 neq’asq’
1673 2691 1775 2735 cupit

325 2748 377 2782 uti
403 2747 432 2782 G
529 2749 591 2781 961
620 2746 809 2791 Nuptanst
832 2747 945 2781 uidua
969 2747 1013 2791 B,
1040 2747 1380 2792 Nuptanistanuida
1406 2747 1436 2782 0
1530 2747 1619 2792 quid
1709 2748 1776 2782 962

325 2803 445 2840 Uidua
470 2810 506 2838 et
531 2809 647 2848 nupta
672 2804 701 2839 O
781 2804 886 2838 adem
914 2803 949 2846 0,
974 2804 1072 2839 idem
1098 2805 1132 2839 Β
1199 2805 1262 2849 qui
1332 2808 1450 2848 nupta
1477 2803 1523 2848 Β,
1549 2808 1667 2849 nupta
1691 2805 1722 2839 si
1748 2803 1777 2839 Ο
