1963 3243
323 198 402 237 104
966 198 1085 233 Plauti
1537 200 1599 243 lv,
1622 203 1654 246 6,
1682 204 1769 237 1—'7

319 367 705 410 MIL'PHIDIPPA.
733 367 1228 412 ACROTELEUTIUM.
1262 370 1766 416 PYRGOPOLINICES.

858 437 1227 480 PALAESTRIO.

859 549 1220 607 Milphidippa

317 622 416 674 Era,
447 635 595 664 eccum
626 626 798 677 praesto
829 623 1020 665 militem.

816 735 1266 788 [Acroteleutium

1062 809 1147 851 Ubi
1179 809 1272 851 est?

859 921 1220 977 Milphidippa

1287 980 1352 1022 Ad
1381 981 1565 1023 laeuam.

826 1081 1267 1124 Acroteleutium

1497 1139 1647 1183 Uideo.
1681 1152 1768 1186 1210

315 1209 542 1264 Adspicito
573 1210 686 1252 limis
718 1211 866 1262 oculis,
896 1225 951 1253 ne
982 1211 1054 1253 ille
1085 1225 1164 1253 nos
1196 1225 1240 1254 se
1272 1212 1422 1254 uidere
1453 1212 1644 1267 sentiat]

818 1325 1254 1367 Acroteleutium
1813 1375 1816 1378 ⁴

314 1394 466 1437 Uideo.
528 1395 695 1450 Edepol
733 1411 846 1439 nunc
885 1411 963 1439 nos
993 1402 1165 1452 tempus
1197 1402 1264 1440 est
1294 1398 1432 1440 malas
1462 1399 1630 1452 peiores
1660 1397 1767 1440 fieri.

855 1511 1228 1567 Milphidippa

315 1581 380 1623 Tu
412 1583 528 1624 tuum
560 1597 668 1637 opus
698 1583 854 1638 incipe.

831 1685 1252 1728 Acroteleutium

857 1758 1061 1810 Obsecro,
1091 1764 1184 1801 tute
1214 1750 1361 1814 ipsum
1386 1760 1654 1802 conuenisti‘?

313 1827 378 1870 Ne
409 1843 538 1883 parce
570 1831 680 1878 uoci,
710 1835 759 1872 ut
789 1831 952 1873 audiat.

856 1944 1225 1999 Milphidippa

1013 2016 1119 2060 Cum
1150 2020 1246 2074 ipso
1279 2020 1349 2074 pol
1381 2034 1476 2062 sum
1506 2023 1654 2061 locuta

312 2086 498 2140 Placide,
516 2089 637 2142 ipsae
655 2090 755 2131 dum
772 2090 1002 2132 lubitumst
1017 2090 1133 2142 mihi,
1152 2093 1303 2144 otiose,
1322 2106 1416 2134 meo
1433 2091 1663 2135 arbitratu.
1677 2103 1766 2137 1215

818 2204 1265 2259 Pyrgopolinices

310 2273 454 2316 Audin
485 2289 595 2329 quae
626 2275 821 2330 loquitur
831 2277 851 2318 ἱ)

881 2391 1194 2435 Palaestrio

838 2465 989 2507 Audio.
1051 2464 1191 2514 Quam
1223 2465 1392 2516 laetast,
1426 2467 1530 2520 quia
1561 2466 1670 2507 adiit
1702 2465 1790 2508 te!-

404 2589 492 2622 1210
518 2592 556 2622 et
580 2601 662 2623 cum
687 2589 724 2624 B
819 2590 901 2623 1211
918 2589 1086 2633 Aspicite
1178 2591 1404 2624 sententiant
1429 2589 1465 2624 Β
1561 2590 1647 2625 1212
1661 2589 1763 2624 PYR.

399 2645 518 2679 malos
547 2645 576 2681 G
665 2647 803 2690 peioris
896 2645 984 2680 fiere
1009 2646 1045 2680 B
1142 2648 1226 2681 1213
1275 2647 1394 2680 Tuum
1422 2659 1510 2690 espa
1536 2648 1676 2691 iucipii'i
1701 2647 1763 2681 ob-

309 2712 412 2735 secro
438 2701 484 2745 B,
509 2706 612 2736 tuum
638 2709 695 2738 est
719 2704 871 2738 Initium
899 2704 1052 2738 obsecro
1073 2703 1101 2738 0
1193 2706 1280 2738 1214
1302 2704 1402 2738 uictu
1425 2703 1601 2738 audiatB
1695 2704 1764 2738 ΜΙ.

309 2768 374 2792 om.
470 2763 595 2793 secuta
690 2761 777 2794 1215
801 2760 880 2804 ipse
972 2771 1030 2794 me
1045 2761 1187 2795 arbitrii
1202 2759 1238 2794 B
1330 2761 1509 2795 Additur:
1531 2766 1571 2795 111,
1585 2761 1685 2795 uolui

311 2816 395 2849 1216
422 2815 507 2859 quia
532 2816 577 2850 ad
603 2820 638 2851 te
662 2816 710 2860 B,
735 2817 821 2861 quia
845 2821 882 2851 te
906 2817 983 2850 adit
1010 2816 1039 2851 O
