1963 3243
686 203 882 243 gloriosus.
1436 208 1515 244 2:23

62 334 217 373 tendum
250 333 404 382 putavit
436 333 604 381 Dunlop,
641 332 800 380 [listory
826 335 867 369 of
889 333 1034 369 Roman
1067 333 1274 369 literature
1308 333 1321 369 Ι
1353 347 1389 382 p.
1425 336 1516 385 200,

63 404 152 453 quia
191 406 314 438 exstet
357 403 393 437 in
434 401 665 438 collectione
704 400 921 437 fabularum
957 400 1224 438 Arabicarum.
1259 414 1343 449 quae
1380 401 1518 437 Latin«-

60 484 171 508 versa
202 470 432 507 inscribitur
474 469 658 520 „Septem
691 469 968 516 magistrorum
1003 468 1282 518 sapientium“.
1373 468 1445 505 Sed
1481 471 1517 506 in

63 537 349 588 antiquioribus
381 537 515 574 harum
550 537 768 574 fabularum
803 537 1047 587 corporibus,
1081 538 1276 574 Hebraico
1306 542 1345 573 et
1368 537 1517 576 Graeco.

63 612 101 645 et
126 607 206 644 haec
236 606 367 643 sabula
400 605 648 642 desideratur
670 610 708 642 et
725 605 964 643 Petroniana
989 606 1057 643 illa
1081 607 1128 642 de
1155 607 1316 642 muliere
1335 605 1518 654 Ephesia,

63 680 106 713 ut
142 676 332 724 suspicari
374 671 492 711 liceat
532 679 741 723 utramque
781 688 826 711 ex
867 674 1020 711 Latinis
1052 675 1195 711 litteris
1227 674 1403 711 additam
1436 688 1518 711 esse

63 741 115 790 (v.
148 742 302 792 Ussing,
343 742 425 779 Den
462 754 584 790 yngre
627 742 770 779 attiske
805 742 993 780 Komedie
1033 755 1083 790 og
1117 743 1211 779 dens
1244 743 1412 779 latinske
1444 743 1518 779 Be-

63 811 265 860 arbejdere
305 824 342 860 p.
376 812 440 847 43.
482 810 656 847 Zarncke
696 812 734 847 in
776 811 876 848 Mus.
912 811 1034 848 Rhen.
1069 810 1239 848 XXXIX
1271 824 1307 860 p.
1347 813 1362 847 1
1397 808 1517 860 sqq.).

64 879 230 917 Gravius
270 884 342 924 est,
383 879 488 929 quod
530 878 663 915 eadem
704 881 742 915 in
776 880 1070 917 narrationibus
1101 878 1281 916 Arabicis
1313 879 1351 915 M
1385 880 1400 915 I
1431 893 1520 916 noc-

63 949 158 986 tium
199 949 412 990 invenitur,
445 960 523 996 quo
563 961 610 983 ex
641 947 782 983 Latino
822 948 928 984 fonte
967 962 1050 985 eam
1082 949 1322 996 immigrasse
1354 961 1432 985 non
1464 952 1522 984 est

62 1018 144 1054 veri
175 1017 314 1054 simile.
364 1015 440 1053 Sed
472 1015 571 1052 nihil
606 1015 752 1062 obstat,
787 1029 863 1065 quo
893 1017 1022 1053 minus
1047 1020 1140 1066 post
1155 1016 1371 1053 Alexandri
1390 1019 1519 1064 magni

63 1089 217 1124 aetatem
235 1084 371 1122 Graeca
388 1083 494 1133 apud
513 1083 655 1121 Persas
673 1084 848 1134 aliasque
866 1088 1002 1134 gentes
1019 1085 1184 1132 vulgata
1201 1098 1285 1122 esse
1302 1084 1521 1131 credamus,

63 1158 106 1191 ut
122 1167 169 1191 ne
187 1153 277 1190 inde
296 1153 453 1203 quidem
470 1152 634 1201 probari
661 1154 800 1201 possit,
825 1153 966 1190 Indum
992 1157 1060 1191 aut
1077 1153 1233 1190 Persam
1253 1154 1384 1203 potius
1402 1167 1519 1202 quam

64 1221 238 1260 Graecum
263 1222 462 1259 hominem
488 1222 655 1271 primum
685 1221 800 1258 huius
825 1222 970 1259 fabulae
997 1225 1193 1259 auctorem
1220 1222 1351 1260 fuisse.
1373 1235 1406 1259 v.
1430 1221 1520 1258 Rib-

63 1291 170 1328 beck.
205 1287 353 1328 Alazon
385 1303 423 1340 p.
459 1291 521 1327 72.
554 1302 611 1339 sq.

174 1359 231 1396 Ne
255 1371 331 1409 quo
356 1362 536 1408 tempore
566 1358 725 1408 quidem
750 1358 885 1395 fabula
908 1360 1056 1408 scripta
1074 1360 1137 1405 sit,
1156 1372 1226 1408 pro
1244 1363 1350 1397 certo
1369 1359 1520 1397 definiri

63 1432 214 1480 potest3
245 1441 332 1465 nam
365 1440 436 1464 nec
468 1427 654 1464 Seleucus
685 1440 755 1464 rex
780 1439 855 1464 non
884 1427 1022 1465 addito
1047 1429 1279 1475 cognomine
1297 1431 1521 1465 nominatus

63 1510 133 1534 nec
170 1497 315 1544 legatio
359 1495 668 1532 Atheniensium
706 1495 954 1545 Naupactum
988 1496 1037 1533 ad
1067 1496 1225 1534 AEtolos
1264 1498 1380 1534 missa
1413 1497 1521 1534 aliud

64 1564 242 1615 probant,
282 1565 356 1601 nisi
395 1563 500 1613 quod
532 1568 671 1613 sponte
704 1569 880 1614 apparet,
915 1564 962 1600 ad
994 1578 1106 1602 novae
1137 1565 1333 1603 comoediae
1365 1569 1519 1603 aetatein

64 1633 233 1671 fabulam
267 1634 477 1682 pertinere.
538 1632 680 1669 Latine
712 1632 818 1669 dicta
849 1636 909 1669 est
938 1629 1048 1669 Miles
1080 1630 1300 1681 gloriosus3
1332 1648 1419 1671 nam
1453 1635 1519 1683 qui

64 1715 110 1739 ex
138 1703 468 1751 interpretatione
499 1701 682 1738 adiectivi
717 1700 843 1738 Graeci
874 1714 910 1738 v.
939 1702 988 1738 87
1020 1700 1293 1748 „Gloriosum“
1322 1716 1391 1740 nec
1416 1703 1521 1740 ultra

66 1770 302 1821 appellatam
321 1783 405 1808 esse
422 1769 707 1807 contenderunt
725 1767 972 1819 (Lessingius
998 1774 1037 1807 et
1054 1766 1278 1819 Fleckeis.)
1298 1772 1323 1806 ii
1343 1772 1404 1808 vel
1422 1771 1520 1819 loco,

65 1851 176 1888 quem
221 1840 260 1876 in
307 1839 528 1876 fabularum
575 1838 710 1876 ordine
750 1842 877 1885 tenet,
930 1839 992 1875 vel
1032 1843 1262 1888 argument-o
1301 1840 1520 1876 acrosticho

64 1907 284 1945 refutantur
329 1907 391 1952 (cf.
424 1907 524 1944 Mus.
559 1907 680 1944 Rhen.
713 1906 826 1944 XXII
867 1921 904 1957 p.
940 1908 1018 1945 303
1052 1904 1141 1956 sq.).
1217 1908 1325 1944 Inter
1371 1909 1521 1957 priores

65 1980 194 2013 autem
240 1975 372 2013 Plauti
418 1976 570 2013 fabulas
616 1975 782 2012 Militem
830 1976 1046 2025 gloriosum
1094 1989 1303 2014 numerare
1342 1977 1444 2022 licet,
1490 1978 1520 2013 si

64 2044 220 2094 quidem
246 2057 281 2082 v.
301 2045 380 2082 213
407 2043 566 2081 Naevius
598 2048 715 2094 poeta
749 2045 864 2081 etiam
899 2058 1001 2082 nunc
1033 2045 1144 2083 vivus
1176 2050 1520 2090 commemoratur,

63 2125 174 2162 quem
223 2127 254 2150 a.
297 2113 376 2150 204
416 2126 449 2150 a.
483 2111 573 2149 Chr.
606 2126 642 2149 n.
677 2116 874 2150 mortuum
923 2126 1006 2150 esse
1053 2115 1206 2162 antiqui
1252 2115 1521 2151 commentarii

62 2181 311 2219 testabantur
353 2178 447 2227 (Cic.
480 2181 592 2218 Brut.
629 2183 693 2228 15,
727 2178 809 2228 60).
871 2182 976 2218 Mira
1015 2183 1130 2218 etiam
1173 2183 1276 2219 inter
1318 2182 1521 2219 Plautinas

62 2248 210 2286 fabulas
233 2263 483 2287 numerorum
507 2250 758 2299 simplicitate
783 2251 949 2298 insignis
974 2254 1051 2297 est3
1085 2264 1172 2287 nam
1199 2251 1342 2288 absunt
1366 2252 1522 2288 omnino

64 2330 148 2368 quae
193 2320 352 2368 proprie
398 2319 550 2356 cantica
595 2319 796 2369 appellare
843 2320 1034 2364 solemus3
1082 2320 1212 2356 omnia
1253 2319 1314 2355 vel
1355 2320 1522 2357 senariis

62 2388 212 2436 scripta
250 2392 340 2424 sunt
379 2387 439 2423 vel
478 2388 728 2437 septenariis,
763 2391 802 2424 et
833 2388 892 2425 his
925 2387 1080 2437 quidem
1113 2387 1324 2424 trochaicis
1355 2392 1394 2424 et
1427 2390 1522 2425 iam-

64 2455 168 2501 bicis,
201 2456 320 2493 semel
351 2452 404 2503 (v.
441 2452 678 2504 1007—88)
711 2456 976 2505 anapaesticis.

172 2523 231 2561 Ex
261 2524 332 2561 hac
362 2524 497 2561 fabula
526 2528 571 2561 ut
603 2538 650 2561 ex
683 2524 883 2561 uberrimo
915 2524 1023 2561 fonte
1056 2529 1152 2573 quot
1175 2529 1311 2574 postea
1336 2523 1523 2562 fluxerint

62 2592 121 2630 vel
150 2593 290 2630 fabulae
320 2594 382 2629 vel
414 2592 632 2629 fabularum
658 2598 796 2642 partes
822 2598 860 2629 et
885 2605 1077 2641 personae,
1111 2606 1338 2630 enumerare
1363 2594 1520 2642 longum

64 2666 132 2698 est.
193 2661 295 2708 Quid
335 2662 435 2698 enim
477 2662 722 2710 frequentius
763 2666 821 2697 est
862 2662 899 2698 in
940 2662 1111 2710 antiquis
1144 2661 1347 2707 Italorum,
1381 2661 1522 2711 Hispa·

64 2741 210 2774 norum,
244 2730 457 2776 Gallorum,
487 2730 702 2777 Anglorum
731 2730 930 2767 comoediis
957 2743 1070 2778 quan]
1100 2730 1243 2766 milites
1269 2731 1333 2766 isti
1359 2729 1522 2777 gloriosi

63 2795 264 2846 (capitani)
305 2797 511 2835 horrendis
551 2798 773 2834 nominibus
806 2799 992 2845 insignes,
1037 2799 1226 2846 ignaviam
1261 2799 1382 2834 animi
1414 2801 1520 2835 inani
