1963 3243
261 235 312 273 72
941 228 1061 263 Plauti
1306 227 1375 267 ΠΙ,
1401 229 1433 270 2,
1463 226 1637 269 103-117,
1668 213 1750 270 1‚‘5-

261 355 354 397 Iam
384 355 454 395 hic
485 367 655 408 quoque
687 353 893 395 scelestus
925 358 991 395 est
1023 353 1150 406 coqui
1183 352 1441 405 sublingulo.

261 425 463 468 Profecto
495 425 596 478 quid
627 438 741 467 nunc
772 425 956 478 primum
989 437 1165 465 caueam
1195 424 1360 475 nesci03

261 497 329 538 Ita
359 498 401 538 in
433 496 613 539 aedibus
646 501 747 538 sunt
776 495 902 546 fures,
934 495 1094 549 praedo
1127 496 1170 536 in
1202 508 1410 549 proxumo
1442 499 1518 536 est.

261 568 371 610 Nam
401 568 506 609 mihi
535 568 606 609 hic
636 567 804 609 uicinus
838 567 954 620 apud
983 566 1119 608 forum
1152 566 1280 621 paulo
1311 566 1431 620 prius

261 640 391 681 Pater
422 637 611 681 Calidori
643 652 772 692 opere
805 639 943 680 suasit
973 651 1184 688 maxumo,
1680 649 1746 682 900

263 711 321 753 Ut,
353 710 458 752 mihi
489 723 686 752 cauerem
718 723 744 751 a
773 709 986 751 Pseudolo
1019 723 1144 751 seruo
1177 724 1265 760 suo,

262 782 326 824 Ne
358 782 396 823 ei
426 781 554 823 fidem
585 780 809 832 haberem3
856 795 955 822 nam
994 795 1090 823 eum
1122 782 1281 822 circum
1311 781 1373 821 ire
1403 780 1445 821 in
1477 780 1591 822 hunc
1623 780 1744 829 diem,

263 853 320 896 Ut
352 867 432 904 me,
467 853 502 894 si
535 856 694 906 posset,
727 852 907 894 muliere
938 852 1255 894 interuorteret.

264 925 373 967 Eum
405 924 651 979 promisisse
681 923 853 965 fortiter
885 923 993 965 dixit
1025 923 1117 974 sibi,

266 996 366 1039 Sese
398 996 687 1038 abducturum
721 1008 746 1036 a
777 1008 843 1036 me
876 994 986 1036 dolis
1016 995 1304 1036 Phoenicium.
1331 1004 1333 1006 ·
1555 1028 1558 1031 .
1681 1006 1746 1039 905

264 1068 386 1109 Nunc
417 1067 488 1110 ibo
520 1068 633 1109 intro
666 1070 798 1120 atque
830 1066 996 1108 edicam
1026 1066 1320 1117 familiaribus,

267 1138 468 1181 Profecto
501 1153 552 1181 00
584 1139 680 1193 quis
713 1139 947 1193 quidquam
980 1138 1130 1180 credat
1160 1138 1389 1179 Pseudulo.

395 1529 726 1573 PSEUDOLUS
760 1529 988 1579 SERUOS‚
1050 1529 1204 1571 SIMIA
1237 1526 1619 1570 SYCOPHANTA.
1718 1528 1754 1570 O·

859 1677 1162 1718 Pseudolus

271 1765 314 1807 Si
346 1778 551 1819 umquam
583 1777 844 1818 quemquam
883 1764 927 1805 di
966 1763 1216 1805 inmortales
1255 1762 1432 1804 uoluere
1464 1775 1558 1804 esse
1589 1761 1750 1804 auxilio

1080 1834 1288 1884 adiutum,

269 1908 374 1950 Tum
414 1922 480 1949 me
521 1911 564 1950 et
602 1906 849 1949 Calidorum
891 1910 1111 1947 seruatum
1149 1905 1301 1947 uolunt
1340 1919 1435 1948 esse
1475 1910 1517 1947 et
1553 1904 1750 1946 lenonem

1080 1978 1355 2027 exstinctum,

271 2051 407 2102 Quom
438 2055 480 2093 te
513 2050 756 2092 adiutorem
787 2053 1026 2102 genuerunt
1065 2049 1169 2090 mihi
1207 2053 1294 2090 tam
1334 2047 1506 2090 doctum
1539 2047 1752 2090 hominem

1080 2124 1211 2173 atque
1242 2124 1444 2161 astutum.
1687 2130 1759 2164 910

271 2195 354 2237 Sed
370 2194 444 2237 ubi
460 2194 550 2236 illic
568 2193 662 2235 est‘?
695 2206 843 2235 sumne
869 2206 947 2246 ego
971 2192 1097 2234 homo
1121 2192 1338 2245 insipiens,
1364 2192 1437 2244 qui
1461 2191 1566 2237 haec
1590 2203 1753 2232 mecum

1082 2268 1248 2316 egomet
1279 2263 1433 2317 loquar
1465 2263 1612 2305 solus?

269 2338 401 2380 Dedit
432 2336 570 2379 uerba
599 2336 705 2377 mihi
735 2335 890 2386 hercle,
922 2339 970 2376 ut
1001 2335 1170 2389 opinor;

270 2409 411 2451 Malus
443 2422 539 2449 cum
570 2407 683 2449 malo
717 2407 846 2449 stulte
879 2407 986 2448 caui.

362 2570 428 2604 896
455 2568 592 2613 quoqui
617 2569 650 2602 A
757 2567 938 2602 sublincio
964 2567 1032 2602 BG
1139 2569 1205 2602 899
1229 2567 1305 2601 Iam
1412 2569 1477 2601 900
1501 2566 1587 2601 fecit,
1689 2565 1754 2600 902

270 2625 351 2660 Νο11
377 2625 447 2660 fide
472 2637 529 2659 me
553 2624 598 2667 Β,
626 2635 697 2658 neu
721 2623 830 2658 fldem
857 2624 888 2658 ei
917 2624 946 2659 G
1053 2626 1118 2659 903
1144 2625 1262 2668 possit,
1286 2623 1321 2658 B
1425 2625 1490 2658 904
1514 2621 1667 2656 firmiter
1690 2619 1761 2655 ΒΟ

271 2684 337 2716 907
362 2682 542 2726 pseudole
570 2682 619 2730 C*
711 2679 991 2716 PSEUDOLUS
1018 2680 1158 2715 SIMIA
1183 2680 1227 2723 A,
1253 2691 1317 2715 om.
1345 2680 1373 2715 C
1395 2679 1438 2722 (C
1461 2689 1527 2723 pro
1547 2677 1684 2713 SIMIA
1705 2675 1754 2719 B)

272 2740 338 2773 90ss
364 2740 559 2783 quicquam
580 2738 612 2771 A
640 2738 689 2772 dii
715 2737 888 2772 mortales
909 2737 977 2772 BC
1048 2739 1113 2772 909
1141 2737 1361 2781 Calydorum
1384 2735 1464 2778 AB,
1491 2735 1708 2770 callidorum
1728 2731 1761 2767 G‘

366 2800 525 2830 serutum
552 2794 600 2837 Β,
628 2805 773 2829 seruum
802 2793 830 2828 C
922 2796 983 2828 911
1014 2794 1101 2837 quid
1196 2794 1262 2827 913
1286 2793 1400 2827 malos
1428 2793 1537 2827 stulte
1563 2790 1598 2826 B
