1963 3243
149 242 177 283 1,
207 243 234 283 1,
259 241 394 275 41—59
784 240 999 275 Pseudolus.

149 367 339 411 Salutem
370 366 548 420 inpertit
580 371 622 408 et
655 366 838 408 salutem
872 366 948 409 abs
980 371 1022 408 te
1055 368 1219 420 expetit

149 439 415 482 Lacrumaus
447 437 656 480 titubanti
689 439 831 481 animo
865 439 992 481 corde
1025 445 1068 481 et
1100 441 1313 492 pectoref·

748 533 1037 576 Calidorus

148 605 282 654 Perii3
316 604 501 646 salutem
533 618 746 658 nusquam
778 605 964 655 inuenio,
997 605 1224 656 Pseudole,

150 678 287 728 Quam
319 676 382 718 illi
415 677 644 718 remittam.

744 763 775 804 P
789 778 807 805 s
820 778 840 805 e
852 764 915 805 ud
929 779 951 806 ο
963 764 975 805 l
988 779 1014 806 u
1027 779 1046 806 s

709 835 847 886 Quam
881 836 1094 879 salutem?

750 944 1040 988 Calidorus

1153 1019 1426 1072 Argenteam.

743 1112 1047 1155 Pseudolus

150 1185 231 1227 Pro
263 1185 437 1237 lignean
471 1185 608 1226 salute
641 1185 706 1226 uis
739 1190 988 1238 argenteam

150 1257 386 1299 Remittere
418 1256 511 1298 illi?
541 1257 641 1298 uide
674 1257 730 1298 sis
763 1271 890 1311 quam
923 1262 971 1299 tu
1002 1271 1092 1298 rem
1123 1271 1261 1310 geras.

744 1361 1042 1404 Calidorus

153 1434 303 1476 Recita
335 1433 483 1485 mod0;
517 1449 567 1477 ex
599 1434 771 1476 tabellis
803 1436 890 1476 iam
922 1435 1021 1477 faxo
1055 1437 1177 1481 scies.

153 1505 289 1556 Quam
322 1505 465 1548 subito
499 1511 677 1560 argento
709 1507 814 1548 mihi
847 1522 952 1549 usus
985 1508 1160 1550 inuento
1194 1509 1285 1550 siet.

747 1612 1046 1654 Pseudolus

158 1683 300 1733 „Leno
333 1699 400 1725 me
433 1699 611 1738 peregre
644 1685 770 1727 militi
803 1685 1056 1727 Macedonio

153 1755 278 1796 Minis
311 1757 478 1808 uiginti.
512 1771 605 1799 mea
638 1757 856 1811 uoluptas.
888 1757 1098 1799 uendidit.

153 1826 209 1868 Et
242 1828 359 1881 prius
391 1843 517 1882 quam
552 1829 650 1870 hinc
683 1829 790 1870 abiit
822 1829 1065 1883 quindecim
1098 1829 1220 1870 miles
1252 1830 1393 1871 minas

155 1898 361 1950 Dederat3
393 1914 508 1942 nunc
538 1915 648 1942 unae
681 1901 871 1955 quinque
903 1907 1177 1943 remorantur
1208 1902 1361 1943 minae.

155 1970 219 2012 Ea
250 1985 381 2014 causa
415 1973 535 2013 miles
568 1972 635 2014 hic
667 1973 845 2027 reliquit
878 1973 1134 2028 symbolum,

155 2042 414 2097 Expressam
447 2045 489 2085 in
522 2058 621 2085 cera
653 2058 704 2085 ex
736 2044 864 2086 anulo
897 2059 1016 2086 suam
1050 2046 1294 2098 imaginem,

162 2114 215 2156 Ut
247 2117 319 2169 qui
352 2115 435 2158 huc
467 2115 660 2158 adferret
691 2117 782 2158 eius
816 2116 998 2158 similem
1031 2117 1272 2170 symbolum

156 2185 259 2228 Cum
294 2202 343 2230 eo
377 2188 504 2230 simul
537 2202 600 2229 me
632 2188 846 2240 mitteret;
879 2189 917 2230 ei
948 2189 1010 2230 rei
1043 2189 1134 2231 dies

158 2258 274 2302 Haec
306 2261 566 2314 praestituta
598 2266 662 2302 est
694 2274 906 2314 proxuma
937 2260 1182 2314 Dionysiaf‘

156 2330 261 2373 Cras
293 2345 342 2373 ea
375 2332 550 2386 quidem
583 2338 698 2374 sunt.

755 2425 1043 2468 Calidorus

754 2497 892 2552 Prope
924 2498 1051 2540 adest
1082 2499 1256 2540 exitium
1290 2498 1405 2548 mihi,

155 2567 247 2610 Nisi
279 2569 382 2623 quid
415 2570 517 2611 mihi
549 2570 591 2611 in
623 2575 666 2612 te
698 2574 765 2612 est
796 2569 940 2611 auxili.

244 2705 288 2739 43
315 2703 482 2739 Salutem
507 2705 621 2739 mittit
645 2704 714 2739 BC
792 2715 834 2738 ex
859 2709 896 2739 te
922 2705 954 2738 A
1026 2707 1069 2738 45
1096 2704 1177 2738 Peri
1203 2704 1237 2738 B
1317 2715 1507 2748 nunquam
1532 2703 1569 2738 B

1597 618 1640 651 45

1601 1521 1645 1553 50

1599 1985 1643 2018 55

1601 2509 1646 2542 60

154 2760 345 2805 ipseudole
370 2761 406 2796 B
499 2763 541 2795 47
568 2760 634 2795 PS.
661 2771 726 2796 om.
753 2760 789 2795 Β
881 2760 1005 2804 lignea
1028 2760 1056 2795 C
1154 2761 1232 2795 ueis
1258 2762 1290 2794 A
1391 2763 1431 2795 51
1460 2771 1593 2805 perege
1621 2760 1650 2795 C

245 2817 487 2853 macedonico
514 2817 583 2852 BC
672 2819 714 2852 53
741 2817 817 2851 abit
843 2815 912 2852 BC
1001 2818 1045 2851 58
1071 2816 1161 2860 Qum
1188 2816 1223 2851 Β
