<?xml version="1.0" encoding="UTF-8"?>
<!DOCTYPE html PUBLIC "-//W3C//DTD XHTML 1.0 Transitional//EN"
    "http://www.w3.org/TR/xhtml1/DTD/xhtml1-transitional.dtd">
<html xmlns="http://www.w3.org/1999/xhtml" xml:lang="en" lang="en">
 <head>
  <title>
</title>
<meta http-equiv="Content-Type" content="text/html;charset=utf-8" />
  <meta name='ocr-system' content='tesseract 3.04.00' />
  <meta name='ocr-capabilities' content='ocr_page ocr_carea ocr_par ocr_line ocrx_word'/>
</head>
<body>
  <div class='ocr_page' id='page_1' title='image "./comoediaerecensu04plauuoft_0055.png"; bbox 0 0 1963 3243; ppageno 0'>
   <div class='ocr_carea' id='block_1_1' title="bbox 114 201 1576 247">
    <p class='ocr_par' dir='ltr' id='par_1_1' title="bbox 114 201 1576 247">
     <span class='ocr_line' id='line_1_1' title="bbox 114 201 1576 247; baseline -0.004 -9"><span class='ocrx_word' id='word_1_1' title='bbox 114 203 163 247; x_wconf 81' lang='lat'>11,</span> <span class='ocrx_word' id='word_1_2' title='bbox 188 204 219 246; x_wconf 88' lang='grc'>6,</span> <span class='ocrx_word' id='word_1_3' title='bbox 244 203 379 237; x_wconf 80' lang='grc'>75-88</span> <span class='ocrx_word' id='word_1_4' title='bbox 677 201 781 237; x_wconf 72' lang='lat' dir='ltr'>Miles</span> <span class='ocrx_word' id='word_1_5' title='bbox 807 201 1002 244; x_wconf 68' lang='lat' dir='ltr'>gloriosus.</span> <span class='ocrx_word' id='word_1_6' title='bbox 1522 206 1576 244; x_wconf 81' lang='lat'>49</span> 
     </span>
    </p>
   </div>
   <div class='ocr_carea' id='block_1_2' title="bbox 115 327 1576 597">
    <p class='ocr_par' dir='ltr' id='par_1_2' title="bbox 115 327 1576 597">
     <span class='ocr_line' id='line_1_2' title="bbox 604 327 1085 381; baseline -0.002 -13"><span class='ocrx_word' id='word_1_7' title='bbox 604 327 1085 381; x_wconf 78' lang='lat' dir='ltr'>Periplecomenus</span> 
     </span>
     <span class='ocr_line' id='line_1_3' title="bbox 117 398 1532 452; baseline -0.001 -10"><span class='ocrx_word' id='word_1_8' title='bbox 117 402 308 443; x_wconf 80' lang='lat' dir='ltr'>Ratusne</span> <span class='ocrx_word' id='word_1_9' title='bbox 341 414 387 441; x_wconf 85' lang='lat' dir='ltr'>es</span> <span class='ocrx_word' id='word_1_10' title='bbox 420 405 466 440; x_wconf 85' lang='lat' dir='ltr'>tu</span> <span class='ocrx_word' id='word_1_11' title='bbox 500 413 564 440; x_wconf 89' lang='lat' dir='ltr'>me</span> <span class='ocrx_word' id='word_1_12' title='bbox 597 398 811 440; x_wconf 88' lang='lat' dir='ltr'>hominem</span> <span class='ocrx_word' id='word_1_13' title='bbox 846 412 941 440; x_wconf 87' lang='lat' dir='ltr'>esse</span> <span class='ocrx_word' id='word_1_14' title='bbox 974 399 1162 440; x_wconf 88' lang='lat' dir='ltr'>omnium</span> <span class='ocrx_word' id='word_1_15' title='bbox 1196 399 1373 440; x_wconf 88' lang='lat' dir='ltr'>minumi</span> <span class='ocrx_word' id='word_1_16' title='bbox 1407 400 1532 452; x_wconf 84' lang='lat' dir='ltr'>preti.</span> 
     </span>
     <span class='ocr_line' id='line_1_4' title="bbox 116 471 1576 526; baseline -0.001 -11"><span class='ocrx_word' id='word_1_17' title='bbox 116 471 161 515; x_wconf 90' lang='lat' dir='ltr'>Si</span> <span class='ocrx_word' id='word_1_18' title='bbox 191 485 270 526; x_wconf 87' lang='lat' dir='ltr'>ego</span> <span class='ocrx_word' id='word_1_19' title='bbox 303 485 368 513; x_wconf 88' lang='lat' dir='ltr'>me</span> <span class='ocrx_word' id='word_1_20' title='bbox 400 471 562 512; x_wconf 82' lang='lat' dir='ltr'><strong>sciente</strong></span> <span class='ocrx_word' id='word_1_21' title='bbox 594 475 770 525; x_wconf 85' lang='lat' dir='ltr'>paterer</span> <span class='ocrx_word' id='word_1_22' title='bbox 803 471 947 512; x_wconf 89' lang='lat' dir='ltr'>uicino</span> <span class='ocrx_word' id='word_1_23' title='bbox 979 484 1073 512; x_wconf 90' lang='lat' dir='ltr'>mco</span> <span class='ocrx_word' id='word_1_24' title='bbox 1510 482 1576 515; x_wconf 83' lang='lat'>560</span> 
     </span>
     <span class='ocr_line' id='line_1_5' title="bbox 115 542 1217 597; baseline -0.004 -10"><span class='ocrx_word' id='word_1_25' title='bbox 115 548 222 587; x_wconf 79' lang='lat' dir='ltr'>Eam</span> <span class='ocrx_word' id='word_1_26' title='bbox 253 543 345 585; x_wconf 89' lang='lat' dir='ltr'>fieri</span> <span class='ocrx_word' id='word_1_27' title='bbox 377 542 491 597; x_wconf 82' lang='lat' dir='ltr'>apud</span> <span class='ocrx_word' id='word_1_28' title='bbox 526 557 590 584; x_wconf 91' lang='lat' dir='ltr'>me</span> <span class='ocrx_word' id='word_1_29' title='bbox 623 547 712 584; x_wconf 84' lang='lat' dir='ltr'>tam</span> <span class='ocrx_word' id='word_1_30' title='bbox 744 542 951 596; x_wconf 83' lang='lat' dir='ltr'>insignite</span> <span class='ocrx_word' id='word_1_31' title='bbox 984 542 1217 584; x_wconf 78' lang='lat' dir='ltr'>iniuriam?</span> 
     </span>
    </p>
   </div>
   <div class='ocr_carea' id='block_1_3' title="bbox 114 667 1440 1237">
    <p class='ocr_par' dir='ltr' id='par_1_3' title="bbox 114 667 1440 1237">
     <span class='ocr_line' id='line_1_6' title="bbox 700 667 994 710; baseline 0 -1"><span class='ocrx_word' id='word_1_32' title='bbox 700 667 994 710; x_wconf 90' lang='lat' dir='ltr'>Sceledrus</span> 
     </span>
     <span class='ocr_line' id='line_1_7' title="bbox 114 740 1440 793; baseline 0 -10"><span class='ocrx_word' id='word_1_33' title='bbox 114 741 237 783; x_wconf 90' lang='lat' dir='ltr'>Nunc</span> <span class='ocrx_word' id='word_1_34' title='bbox 270 741 439 783; x_wconf 86' lang='lat' dir='ltr'>demum</span> <span class='ocrx_word' id='word_1_35' title='bbox 473 754 499 781; x_wconf 81' lang='lat' dir='ltr'><strong>a</strong></span> <span class='ocrx_word' id='word_1_36' title='bbox 530 754 596 781; x_wconf 94' lang='lat' dir='ltr'>me</span> <span class='ocrx_word' id='word_1_37' title='bbox 628 740 884 793; x_wconf 81' lang='lat' dir='ltr'>insipienter</span> <span class='ocrx_word' id='word_1_38' title='bbox 915 740 1078 781; x_wconf 81' lang='lat' dir='ltr'>factum</span> <span class='ocrx_word' id='word_1_39' title='bbox 1111 754 1205 782; x_wconf 84' lang='lat' dir='ltr'>esse</span> <span class='ocrx_word' id='word_1_40' title='bbox 1238 740 1440 785; x_wconf 85' lang='lat' dir='ltr'>arbitror.</span> 
     </span>
     <span class='ocr_line' id='line_1_8' title="bbox 115 811 1259 865; baseline -0.002 -10"><span class='ocrx_word' id='word_1_41' title='bbox 115 814 251 865; x_wconf 86' lang='lat' dir='ltr'>Quom</span> <span class='ocrx_word' id='word_1_42' title='bbox 284 827 373 855; x_wconf 90' lang='lat' dir='ltr'>rem</span> <span class='ocrx_word' id='word_1_43' title='bbox 405 826 636 865; x_wconf 86' lang='lat' dir='ltr'>cognosco;</span> <span class='ocrx_word' id='word_1_44' title='bbox 669 817 714 853; x_wconf 82' lang='lat' dir='ltr'>at</span> <span class='ocrx_word' id='word_1_45' title='bbox 746 825 831 853; x_wconf 90' lang='lat' dir='ltr'>non</span> <span class='ocrx_word' id='word_1_46' title='bbox 864 811 1082 854; x_wconf 82' lang='lat' dir='ltr'>malitiose</span> <span class='ocrx_word' id='word_1_47' title='bbox 1113 817 1259 854; x_wconf 83' lang='lat' dir='ltr'>tamen</span> 
     </span>
     <span class='ocr_line' id='line_1_9' title="bbox 115 885 227 928; baseline 0.009 -2"><span class='ocrx_word' id='word_1_48' title='bbox 115 885 227 928; x_wconf 87' lang='lat' dir='ltr'>Feci.</span> 
     </span>
     <span class='ocr_line' id='line_1_10' title="bbox 606 964 1084 1018; baseline 0.002 -13"><span class='ocrx_word' id='word_1_49' title='bbox 606 964 1084 1018; x_wconf 87' lang='lat' dir='ltr'>Periplecomenus</span> 
     </span>
     <span class='ocr_line' id='line_1_11' title="bbox 228 1036 1306 1091; baseline 0.001 -12"><span class='ocrx_word' id='word_1_50' title='bbox 228 1037 362 1079; x_wconf 93' lang='lat' dir='ltr'>Immo</span> <span class='ocrx_word' id='word_1_51' title='bbox 393 1037 587 1091; x_wconf 80' lang='lat' dir='ltr'>indigne3</span> <span class='ocrx_word' id='word_1_52' title='bbox 619 1050 719 1078; x_wconf 83' lang='lat' dir='ltr'>nam</span> <span class='ocrx_word' id='word_1_53' title='bbox 751 1036 968 1080; x_wconf 91' lang='lat' dir='ltr'>hominem</span> <span class='ocrx_word' id='word_1_54' title='bbox 1000 1051 1171 1080; x_wconf 86' lang='lat' dir='ltr'>seruom</span> <span class='ocrx_word' id='word_1_55' title='bbox 1204 1052 1306 1080; x_wconf 86' lang='lat' dir='ltr'>suos</span> 
     </span>
     <span class='ocr_line' id='line_1_12' title="bbox 114 1109 1153 1164; baseline -0.001 -12"><span class='ocrx_word' id='word_1_56' title='bbox 114 1110 311 1152; x_wconf 86' lang='lat' dir='ltr'>Domitos</span> <span class='ocrx_word' id='word_1_57' title='bbox 344 1109 505 1152; x_wconf 82' lang='lat' dir='ltr'>habore</span> <span class='ocrx_word' id='word_1_58' title='bbox 537 1114 712 1164; x_wconf 85' lang='lat' dir='ltr'>oportet</span> <span class='ocrx_word' id='word_1_59' title='bbox 744 1109 892 1150; x_wconf 85' lang='lat' dir='ltr'>oculos</span> <span class='ocrx_word' id='word_1_60' title='bbox 926 1114 968 1150; x_wconf 89' lang='lat' dir='ltr'>et</span> <span class='ocrx_word' id='word_1_61' title='bbox 1001 1123 1153 1151; x_wconf 82' lang='lat' dir='ltr'>manus</span> 
     </span>
     <span class='ocr_line' id='line_1_13' title="bbox 115 1182 464 1237; baseline -0.003 -13"><span class='ocrx_word' id='word_1_62' title='bbox 115 1182 464 1237; x_wconf 82' lang='lat' dir='ltr'>Orationemque.</span> 
     </span>
    </p>
   </div>
   <div class='ocr_carea' id='block_1_4' title="bbox 1510 1122 1575 1155">
    <p class='ocr_par' dir='ltr' id='par_1_4' title="bbox 1510 1122 1575 1155">
     <span class='ocr_line' id='line_1_14' title="bbox 1510 1122 1529 1154; textangle 90"><span class='ocrx_word' id='word_1_63' title='bbox 1510 1122 1529 1154; x_wconf 58' lang='lat'>0⁹¹</span> 
     </span>
     <span class='ocr_line' id='line_1_15' title="bbox 1532 1122 1575 1155; textangle 90"><span class='ocrx_word' id='word_1_64' title='bbox 1532 1122 1575 1155; x_wconf 50' lang='grc' dir='ltr'>ἓξ</span> 
     </span>
    </p>
   </div>
   <div class='ocr_carea' id='block_1_5' title="bbox 113 1260 1327 1606">
    <p class='ocr_par' dir='ltr' id='par_1_5' title="bbox 113 1260 1327 1606">
     <span class='ocr_line' id='line_1_16' title="bbox 701 1260 989 1304; baseline 0 -1"><span class='ocrx_word' id='word_1_65' title='bbox 701 1260 989 1304; x_wconf 88' lang='lat' dir='ltr'>Sceledrus</span> 
     </span>
     <span class='ocr_line' id='line_1_17' title="bbox 521 1334 1190 1388; baseline 0.001 -13"><span class='ocrx_word' id='word_1_66' title='bbox 521 1334 611 1388; x_wconf 86' lang='lat' dir='ltr'>Ego</span> <span class='ocrx_word' id='word_1_67' title='bbox 643 1347 696 1376; x_wconf 93' lang='lat' dir='ltr'>ne</span> <span class='ocrx_word' id='word_1_68' title='bbox 729 1335 766 1375; x_wconf 91' lang='lat' dir='ltr'>si</span> <span class='ocrx_word' id='word_1_69' title='bbox 798 1339 900 1388; x_wconf 84' lang='lat' dir='ltr'>post</span> <span class='ocrx_word' id='word_1_70' title='bbox 933 1334 1046 1376; x_wconf 86' lang='lat' dir='ltr'>hunc</span> <span class='ocrx_word' id='word_1_71' title='bbox 1078 1334 1190 1377; x_wconf 90' lang='lat' dir='ltr'>diem</span> 
     </span>
     <span class='ocr_line' id='line_1_18' title="bbox 113 1406 1211 1460; baseline 0 -12"><span class='ocrx_word' id='word_1_72' title='bbox 113 1406 366 1457; x_wconf 89' lang='lat' dir='ltr'>Muttiuero,</span> <span class='ocrx_word' id='word_1_73' title='bbox 397 1408 531 1449; x_wconf 86' lang='lat' dir='ltr'>etiam</span> <span class='ocrx_word' id='word_1_74' title='bbox 562 1407 678 1460; x_wconf 91' lang='lat' dir='ltr'>quod</span> <span class='ocrx_word' id='word_1_75' title='bbox 711 1412 881 1460; x_wconf 84' lang='lat' dir='ltr'>egomet</span> <span class='ocrx_word' id='word_1_76' title='bbox 913 1412 1031 1449; x_wconf 88' lang='lat' dir='ltr'>certo</span> <span class='ocrx_word' id='word_1_77' title='bbox 1064 1408 1211 1459; x_wconf 81' lang='lat' dir='ltr'>sciam,</span> 
     </span>
     <span class='ocr_line' id='line_1_19' title="bbox 114 1478 1327 1532; baseline -0.002 -10"><span class='ocrx_word' id='word_1_78' title='bbox 114 1480 226 1522; x_wconf 87' lang='lat' dir='ltr'>Dato</span> <span class='ocrx_word' id='word_1_79' title='bbox 258 1478 594 1522; x_wconf 86' lang='lat' dir='ltr'>excruciandum</span> <span class='ocrx_word' id='word_1_80' title='bbox 625 1493 713 1530; x_wconf 91' lang='lat' dir='ltr'>me;</span> <span class='ocrx_word' id='word_1_81' title='bbox 746 1484 916 1532; x_wconf 86' lang='lat' dir='ltr'>egomet</span> <span class='ocrx_word' id='word_1_82' title='bbox 946 1493 1013 1520; x_wconf 89' lang='lat' dir='ltr'>me</span> <span class='ocrx_word' id='word_1_83' title='bbox 1045 1479 1202 1521; x_wconf 83' lang='lat' dir='ltr'>dedam</span> <span class='ocrx_word' id='word_1_84' title='bbox 1233 1480 1327 1522; x_wconf 87' lang='lat' dir='ltr'>tibi.</span> 
     </span>
     <span class='ocr_line' id='line_1_20' title="bbox 113 1551 898 1606; baseline -0.001 -12"><span class='ocrx_word' id='word_1_85' title='bbox 113 1551 237 1594; x_wconf 91' lang='lat' dir='ltr'>Nunc</span> <span class='ocrx_word' id='word_1_86' title='bbox 267 1552 349 1595; x_wconf 92' lang='lat' dir='ltr'>hoc</span> <span class='ocrx_word' id='word_1_87' title='bbox 379 1551 484 1593; x_wconf 91' lang='lat' dir='ltr'>mihi</span> <span class='ocrx_word' id='word_1_88' title='bbox 513 1553 690 1606; x_wconf 86' lang='lat' dir='ltr'>ignosce</span> <span class='ocrx_word' id='word_1_89' title='bbox 722 1565 898 1605; x_wconf 84' lang='lat' dir='ltr'>quaeso.</span> 
     </span>
    </p>
   </div>
   <div class='ocr_carea' id='block_1_6' title="bbox 113 1677 1579 1951">
    <p class='ocr_par' dir='ltr' id='par_1_6' title="bbox 113 1677 1579 1951">
     <span class='ocr_line' id='line_1_21' title="bbox 601 1677 1085 1732; baseline 0.004 -14"><span class='ocrx_word' id='word_1_90' title='bbox 601 1677 1085 1732; x_wconf 88' lang='lat' dir='ltr'>Periplecomenus</span> 
     </span>
     <span class='ocr_line' id='line_1_22' title="bbox 928 1749 1521 1801; baseline 0.003 -10"><span class='ocrx_word' id='word_1_91' title='bbox 928 1749 1109 1793; x_wconf 85' lang='lat' dir='ltr'>Uincam</span> <span class='ocrx_word' id='word_1_92' title='bbox 1140 1752 1332 1793; x_wconf 84' lang='lat' dir='ltr'>animum</span> <span class='ocrx_word' id='word_1_93' title='bbox 1365 1765 1521 1801; x_wconf 90' lang='lat' dir='ltr'>meum,</span> 
     </span>
     <span class='ocr_line' id='line_1_23' title="bbox 113 1823 1579 1868; baseline 0.001 -2"><span class='ocrx_word' id='word_1_94' title='bbox 113 1823 176 1866; x_wconf 93' lang='lat' dir='ltr'>Ne</span> <span class='ocrx_word' id='word_1_95' title='bbox 209 1824 424 1866; x_wconf 81' lang='lat' dir='ltr'>malitiose</span> <span class='ocrx_word' id='word_1_96' title='bbox 455 1823 619 1865; x_wconf 85' lang='lat' dir='ltr'>factum</span> <span class='ocrx_word' id='word_1_97' title='bbox 650 1823 694 1864; x_wconf 92' lang='lat' dir='ltr'>id</span> <span class='ocrx_word' id='word_1_98' title='bbox 727 1837 821 1865; x_wconf 84' lang='lat' dir='ltr'>esse</span> <span class='ocrx_word' id='word_1_99' title='bbox 854 1823 932 1865; x_wconf 84' lang='lat' dir='ltr'>abs</span> <span class='ocrx_word' id='word_1_100' title='bbox 964 1827 1008 1864; x_wconf 92' lang='lat' dir='ltr'>te</span> <span class='ocrx_word' id='word_1_101' title='bbox 1041 1824 1242 1866; x_wconf 85' lang='lat' dir='ltr'>arbitrer.</span> <span class='ocrx_word' id='word_1_102' title='bbox 1511 1835 1579 1868; x_wconf 80' lang='lat'>570</span> 
     </span>
     <span class='ocr_line' id='line_1_24' title="bbox 113 1895 604 1951; baseline -0.004 -12"><span class='ocrx_word' id='word_1_103' title='bbox 113 1897 338 1951; x_wconf 83' lang='lat' dir='ltr'>Ignoscam</span> <span class='ocrx_word' id='word_1_104' title='bbox 370 1895 449 1938; x_wconf 86' lang='lat' dir='ltr'>tibi</span> <span class='ocrx_word' id='word_1_105' title='bbox 481 1896 604 1938; x_wconf 83' lang='lat' dir='ltr'>istuc.</span> 
     </span>
    </p>
   </div>
   <div class='ocr_carea' id='block_1_7' title="bbox 656 1998 1245 2113">
    <p class='ocr_par' dir='ltr' id='par_1_7' title="bbox 656 1998 1245 2113">
     <span class='ocr_line' id='line_1_25' title="bbox 701 1998 987 2041; baseline -0.003 0"><span class='ocrx_word' id='word_1_106' title='bbox 701 1998 987 2041; x_wconf 86' lang='lat' dir='ltr'>Sceledrus</span> 
     </span>
     <span class='ocr_line' id='line_1_26' title="bbox 656 2068 1245 2113; baseline -0.007 0"><span class='ocrx_word' id='word_1_107' title='bbox 656 2073 712 2113; x_wconf 88' lang='lat' dir='ltr'>At</span> <span class='ocrx_word' id='word_1_108' title='bbox 742 2070 823 2112; x_wconf 88' lang='lat' dir='ltr'>tibi</span> <span class='ocrx_word' id='word_1_109' title='bbox 855 2070 898 2112; x_wconf 91' lang='lat' dir='ltr'>di</span> <span class='ocrx_word' id='word_1_110' title='bbox 929 2069 1094 2112; x_wconf 85' lang='lat' dir='ltr'>faciant</span> <span class='ocrx_word' id='word_1_111' title='bbox 1126 2068 1245 2110; x_wconf 90' lang='lat' dir='ltr'>bene.</span> 
     </span>
    </p>
   </div>
   <div class='ocr_carea' id='block_1_8' title="bbox 113 2197 1369 2322">
    <p class='ocr_par' dir='ltr' id='par_1_8' title="bbox 113 2197 1369 2322">
     <span class='ocr_line' id='line_1_27' title="bbox 606 2197 1083 2251; baseline -0.004 -12"><span class='ocrx_word' id='word_1_112' title='bbox 606 2197 1083 2251; x_wconf 84' lang='lat' dir='ltr'>Periplecomenus</span> 
     </span>
     <span class='ocr_line' id='line_1_28' title="bbox 113 2267 1369 2322; baseline -0.005 -9"><span class='ocrx_word' id='word_1_113' title='bbox 113 2271 176 2313; x_wconf 90' lang='lat' dir='ltr'>Ne</span> <span class='ocrx_word' id='word_1_114' title='bbox 208 2277 255 2313; x_wconf 90' lang='lat' dir='ltr'>tu</span> <span class='ocrx_word' id='word_1_115' title='bbox 285 2270 442 2319; x_wconf 83' lang='lat' dir='ltr'>hercle,</span> <span class='ocrx_word' id='word_1_116' title='bbox 477 2271 513 2311; x_wconf 83' lang='lat' dir='ltr'>si</span> <span class='ocrx_word' id='word_1_117' title='bbox 545 2275 588 2312; x_wconf 93' lang='lat' dir='ltr'>te</span> <span class='ocrx_word' id='word_1_118' title='bbox 620 2270 663 2311; x_wconf 89' lang='lat' dir='ltr'>di</span> <span class='ocrx_word' id='word_1_119' title='bbox 696 2275 854 2317; x_wconf 86' lang='lat' dir='ltr'>ament,</span> <span class='ocrx_word' id='word_1_120' title='bbox 887 2269 1079 2322; x_wconf 87' lang='lat' dir='ltr'>linguam</span> <span class='ocrx_word' id='word_1_121' title='bbox 1112 2267 1369 2321; x_wconf 84' lang='lat' dir='ltr'>conprimes.</span> 
     </span>
    </p>
   </div>
   <div class='ocr_carea' id='block_1_9' title="bbox 206 2374 411 2380">
    <p class='ocr_par' dir='ltr' id='par_1_9' title="bbox 206 2374 411 2380">
     <span class='ocr_line' id='line_1_29' title="bbox 206 2374 411 2380; baseline 0 0"><span class='ocrx_word' id='word_1_122' title='bbox 206 2374 411 2380; x_wconf 95' lang='lat' dir='ltr'> </span> 
     </span>
    </p>
   </div>
   <div class='ocr_carea' id='block_1_10' title="bbox 113 2426 1580 2810">
    <p class='ocr_par' dir='ltr' id='par_1_10' title="bbox 113 2426 1580 2810">
     <span class='ocr_line' id='line_1_30' title="bbox 204 2426 1576 2472; baseline -0.003 -7"><span class='ocrx_word' id='word_1_123' title='bbox 204 2431 271 2465; x_wconf 84' lang='lat'>559</span> <span class='ocrx_word' id='word_1_124' title='bbox 295 2430 378 2465; x_wconf 75' lang='lat' dir='ltr'>istic</span> <span class='ocrx_word' id='word_1_125' title='bbox 409 2441 468 2465; x_wconf 87' lang='lat' dir='ltr'>me</span> <span class='ocrx_word' id='word_1_126' title='bbox 494 2430 538 2472; x_wconf 82' lang='lat' dir='ltr'>A,</span> <span class='ocrx_word' id='word_1_127' title='bbox 569 2440 626 2462; x_wconf 80' lang='lat' dir='ltr'>me</span> <span class='ocrx_word' id='word_1_128' title='bbox 651 2429 736 2463; x_wconf 78' lang='lat' dir='ltr'>istic</span> <span class='ocrx_word' id='word_1_129' title='bbox 761 2427 828 2463; x_wconf 86' lang='lat' dir='ltr'>BC</span> <span class='ocrx_word' id='word_1_130' title='bbox 942 2428 1135 2462; x_wconf 87' lang='lat' dir='ltr'>minimum</span> <span class='ocrx_word' id='word_1_131' title='bbox 1161 2426 1231 2461; x_wconf 83' lang='grc' dir='ltr'>ΒΟ</span> <span class='ocrx_word' id='word_1_132' title='bbox 1343 2426 1411 2460; x_wconf 88' lang='grc'>560</span> <span class='ocrx_word' id='word_1_133' title='bbox 1436 2426 1576 2461; x_wconf 73' lang='lat' dir='ltr'>sciente</span> 
     </span>
     <span class='ocr_line' id='line_1_31' title="bbox 113 2482 1580 2534; baseline -0.005 -10"><span class='ocrx_word' id='word_1_134' title='bbox 113 2491 238 2534; x_wconf 80' lang='lat' dir='ltr'>patere</span> <span class='ocrx_word' id='word_1_135' title='bbox 262 2487 331 2531; x_wconf 82' lang='lat' dir='ltr'>BC</span> <span class='ocrx_word' id='word_1_136' title='bbox 402 2488 465 2522; x_wconf 88' lang='grc'>561</span> <span class='ocrx_word' id='word_1_137' title='bbox 494 2486 562 2521; x_wconf 88' lang='lat' dir='ltr'>Em</span> <span class='ocrx_word' id='word_1_138' title='bbox 589 2485 656 2521; x_wconf 89' lang='lat' dir='ltr'>BC</span> <span class='ocrx_word' id='word_1_139' title='bbox 734 2486 824 2519; x_wconf 84' lang='lat' dir='ltr'>itam</span> <span class='ocrx_word' id='word_1_140' title='bbox 850 2484 918 2519; x_wconf 89' lang='lat' dir='ltr'>BC</span> <span class='ocrx_word' id='word_1_141' title='bbox 997 2485 1213 2528; x_wconf 75' lang='lat' dir='ltr'>insignitam</span> <span class='ocrx_word' id='word_1_142' title='bbox 1239 2484 1272 2517; x_wconf 99' lang='lat' dir='ltr'><strong><em>A</em></strong></span> <span class='ocrx_word' id='word_1_143' title='bbox 1355 2483 1490 2517; x_wconf 85' lang='lat' dir='ltr'>iniuria</span> <span class='ocrx_word' id='word_1_144' title='bbox 1514 2482 1580 2517; x_wconf 89' lang='lat' dir='ltr'>BC</span> 
     </span>
     <span class='ocr_line' id='line_1_32' title="bbox 204 2539 1493 2580; baseline -0.004 0"><span class='ocrx_word' id='word_1_145' title='bbox 204 2547 271 2580; x_wconf 86' lang='lat'>562</span> <span class='ocrx_word' id='word_1_146' title='bbox 295 2557 316 2580; x_wconf 79' lang='lat' dir='ltr'><strong>a</strong></span> <span class='ocrx_word' id='word_1_147' title='bbox 340 2555 406 2580; x_wconf 89' lang='lat' dir='ltr'>om.</span> <span class='ocrx_word' id='word_1_148' title='bbox 433 2543 502 2579; x_wconf 79' lang='grc' dir='ltr'>ΒΟ</span> <span class='ocrx_word' id='word_1_149' title='bbox 579 2554 637 2577; x_wconf 86' lang='lat' dir='ltr'>me</span> <span class='ocrx_word' id='word_1_150' title='bbox 663 2546 739 2577; x_wconf 80' lang='lat' dir='ltr'>tam</span> <span class='ocrx_word' id='word_1_151' title='bbox 765 2543 798 2576; x_wconf 87' lang='lat' dir='ltr'><strong><em>A</em></strong></span> <span class='ocrx_word' id='word_1_152' title='bbox 882 2543 1024 2577; x_wconf 84' lang='lat' dir='ltr'>arbitro</span> <span class='ocrx_word' id='word_1_153' title='bbox 1052 2542 1082 2578; x_wconf 84' lang='grc' dir='ltr'><em>Ο</em></span> <span class='ocrx_word' id='word_1_154' title='bbox 1171 2542 1237 2576; x_wconf 85' lang='grc'>564</span> <span class='ocrx_word' id='word_1_155' title='bbox 1261 2541 1412 2575; x_wconf 78' lang='lat' dir='ltr'>homine</span> <span class='ocrx_word' id='word_1_156' title='bbox 1425 2539 1493 2575; x_wconf 86' lang='lat' dir='ltr'>BC</span> 
     </span>
     <span class='ocr_line' id='line_1_33' title="bbox 116 2597 1576 2646; baseline -0.005 -8"><span class='ocrx_word' id='word_1_157' title='bbox 116 2615 243 2638; x_wconf 78' lang='lat' dir='ltr'>seruos</span> <span class='ocrx_word' id='word_1_158' title='bbox 271 2614 356 2638; x_wconf 76' lang='lat' dir='ltr'>suos</span> <span class='ocrx_word' id='word_1_159' title='bbox 383 2604 427 2646; x_wconf 89' lang='lat' dir='ltr'>A,</span> <span class='ocrx_word' id='word_1_160' title='bbox 453 2612 562 2636; x_wconf 83' lang='lat' dir='ltr'>seruo</span> <span class='ocrx_word' id='word_1_161' title='bbox 589 2612 655 2635; x_wconf 84' lang='lat' dir='ltr'>suo</span> <span class='ocrx_word' id='word_1_162' title='bbox 683 2600 719 2637; x_wconf 84' lang='lat'>0.</span> <span class='ocrx_word' id='word_1_163' title='bbox 746 2611 853 2635; x_wconf 73' lang='lat' dir='ltr'>seruo</span> <span class='ocrx_word' id='word_1_164' title='bbox 868 2624 974 2634; x_wconf 90' lang='grc'><em>.....</em></span> <span class='ocrx_word' id='word_1_165' title='bbox 989 2599 1025 2634; x_wconf 93' lang='grc' dir='ltr'><strong><em>Β</em></strong></span> <span class='ocrx_word' id='word_1_166' title='bbox 1143 2600 1208 2642; x_wconf 86' lang='grc'>566</span> <span class='ocrx_word' id='word_1_167' title='bbox 1232 2598 1305 2632; x_wconf 89' lang='lat' dir='ltr'>huc</span> <span class='ocrx_word' id='word_1_168' title='bbox 1330 2597 1398 2633; x_wconf 82' lang='lat' dir='ltr'>BG</span> <span class='ocrx_word' id='word_1_169' title='bbox 1510 2598 1576 2632; x_wconf 75' lang='lat'>567</span> 
     </span>
     <span class='ocr_line' id='line_1_34' title="bbox 115 2655 1578 2703; baseline -0.005 -8"><span class='ocrx_word' id='word_1_170' title='bbox 115 2661 284 2695; x_wconf 85' lang='lat' dir='ltr'>Metuero</span> <span class='ocrx_word' id='word_1_171' title='bbox 309 2660 345 2695; x_wconf 95' lang='grc' dir='ltr'><strong><em>Β</em></strong></span> <span class='ocrx_word' id='word_1_172' title='bbox 437 2663 529 2703; x_wconf 87' lang='lat' dir='ltr'>quot</span> <span class='ocrx_word' id='word_1_173' title='bbox 554 2669 622 2702; x_wconf 88' lang='lat' dir='ltr'>ego</span> <span class='ocrx_word' id='word_1_174' title='bbox 650 2669 707 2692; x_wconf 87' lang='lat' dir='ltr'>me</span> <span class='ocrx_word' id='word_1_175' title='bbox 733 2657 802 2692; x_wconf 81' lang='grc' dir='ltr'>ΒΟ</span> <span class='ocrx_word' id='word_1_176' title='bbox 891 2661 1014 2692; x_wconf 79' lang='lat' dir='ltr'>scerto</span> <span class='ocrx_word' id='word_1_177' title='bbox 1041 2656 1077 2690; x_wconf 92' lang='lat' dir='ltr'><strong><em>B</em></strong></span> <span class='ocrx_word' id='word_1_178' title='bbox 1186 2655 1262 2689; x_wconf 81' lang='lat' dir='ltr'>scio</span> <span class='ocrx_word' id='word_1_179' title='bbox 1288 2655 1322 2689; x_wconf 87' lang='lat' dir='ltr'><strong><em>A</em></strong></span> <span class='ocrx_word' id='word_1_180' title='bbox 1427 2656 1494 2689; x_wconf 82' lang='lat'>568</span> <span class='ocrx_word' id='word_1_181' title='bbox 1520 2666 1578 2688; x_wconf 86' lang='lat' dir='ltr'>ex-</span> 
     </span>
     <span class='ocr_line' id='line_1_35' title="bbox 116 2711 1578 2759; baseline -0.005 -6"><span class='ocrx_word' id='word_1_182' title='bbox 116 2719 319 2753; x_wconf 83' lang='lat' dir='ltr'>cruciatum</span> <span class='ocrx_word' id='word_1_183' title='bbox 346 2716 414 2752; x_wconf 89' lang='lat' dir='ltr'>BC</span> <span class='ocrx_word' id='word_1_184' title='bbox 527 2727 596 2759; x_wconf 87' lang='lat' dir='ltr'>ego</span> <span class='ocrx_word' id='word_1_185' title='bbox 623 2714 809 2750; x_wconf 81' lang='lat' dir='ltr'>medidam</span> <span class='ocrx_word' id='word_1_186' title='bbox 834 2714 902 2749; x_wconf 88' lang='lat' dir='ltr'>BC</span> <span class='ocrx_word' id='word_1_187' title='bbox 1016 2714 1081 2748; x_wconf 87' lang='lat'>569</span> <span class='ocrx_word' id='word_1_188' title='bbox 1114 2714 1305 2755; x_wconf 85' lang='lat' dir='ltr'>ignoscam</span> <span class='ocrx_word' id='word_1_189' title='bbox 1328 2711 1398 2747; x_wconf 91' lang='lat' dir='ltr'>BC</span> <span class='ocrx_word' id='word_1_190' title='bbox 1510 2713 1578 2746; x_wconf 85' lang='lat'>570</span> 
     </span>
     <span class='ocr_line' id='line_1_36' title="bbox 113 2768 1576 2810; baseline -0.005 0"><span class='ocrx_word' id='word_1_191' title='bbox 113 2775 339 2810; x_wconf 75' lang='lat' dir='ltr'>malitiosum</span> <span class='ocrx_word' id='word_1_192' title='bbox 355 2775 388 2808; x_wconf 86' lang='grc' dir='ltr'><strong><em>Α</em></strong></span> <span class='ocrx_word' id='word_1_193' title='bbox 481 2773 620 2808; x_wconf 81' lang='lat' dir='ltr'>arbitre</span> <span class='ocrx_word' id='word_1_194' title='bbox 637 2772 664 2806; x_wconf 90' lang='lat' dir='ltr'><strong><em>C</em></strong></span> <span class='ocrx_word' id='word_1_195' title='bbox 754 2773 817 2806; x_wconf 78' lang='lat'>571</span> <span class='ocrx_word' id='word_1_196' title='bbox 846 2772 884 2806; x_wconf 88' lang='lat' dir='ltr'>di</span> <span class='ocrx_word' id='word_1_197' title='bbox 898 2782 963 2807; x_wconf 89' lang='lat' dir='ltr'>om.</span> <span class='ocrx_word' id='word_1_198' title='bbox 990 2770 1056 2805; x_wconf 88' lang='lat' dir='ltr'>BC</span> <span class='ocrx_word' id='word_1_199' title='bbox 1148 2771 1212 2803; x_wconf 81' lang='lat'>572</span> <span class='ocrx_word' id='word_1_200' title='bbox 1237 2768 1284 2803; x_wconf 86' lang='lat' dir='ltr'>Ni</span> <span class='ocrx_word' id='word_1_201' title='bbox 1307 2769 1339 2803; x_wconf 93' lang='lat' dir='ltr'><strong><em>A</em></strong></span> <span class='ocrx_word' id='word_1_202' title='bbox 1434 2769 1576 2803; x_wconf 85' lang='lat' dir='ltr'>hercles</span> 
     </span>
    </p>
   </div>
   <div class='ocr_carea' id='block_1_11' title="bbox 114 2828 1327 2916">
    <p class='ocr_par' dir='ltr' id='par_1_11' title="bbox 114 2828 1327 2916">
     <span class='ocr_line' id='line_1_37' title="bbox 114 2828 886 2874; baseline -0.003 -8"><span class='ocrx_word' id='word_1_203' title='bbox 114 2833 166 2866; x_wconf 79' lang='lat' dir='ltr'>ita</span> <span class='ocrx_word' id='word_1_204' title='bbox 189 2832 226 2866; x_wconf 91' lang='lat' dir='ltr'><em>B</em></span> <span class='ocrx_word' id='word_1_205' title='bbox 318 2834 445 2866; x_wconf 78' lang='lat' dir='ltr'>amant</span> <span class='ocrx_word' id='word_1_206' title='bbox 471 2830 500 2865; x_wconf 84' lang='lat' dir='ltr'><strong><em>C</em></strong></span> <span class='ocrx_word' id='word_1_207' title='bbox 590 2829 794 2874; x_wconf 80' lang='lat' dir='ltr'>conprimis</span> <span class='ocrx_word' id='word_1_208' title='bbox 819 2828 886 2864; x_wconf 87' lang='lat' dir='ltr'>BC</span> 
     </span>
     <span class='ocr_line' id='line_1_38' title="bbox 1306 2885 1327 2916; baseline 0 0"><span class='ocrx_word' id='word_1_209' title='bbox 1306 2885 1327 2916; x_wconf 78' lang='lat'>4</span> 
     </span>
    </p>
   </div>
  </div>
 </body>
</html>
