1963 3243
127 244 177 288 11,
203 247 237 288 4,
265 246 395 281 30—41
769 243 979 278 Pseudolus.
1565 247 1611 285 431

729 368 1016 410 Calidorus

127 428 220 480 Quo
253 427 412 470 modo?

726 497 1022 540 Pseudolus

448 569 610 612 Horum
643 583 771 612 causa
804 570 910 611 haec
944 570 1086 623 agitur
1119 574 1412 623 spectatorum
1447 568 1617 619 fabula3

125 643 182 686 Hi
215 644 368 692 sciunt,
402 644 475 698 qui
508 642 575 684 hic
607 642 857 692 adfuerunt3
890 641 1014 683 uobis
1048 647 1145 694 post
1178 652 1426 682 narrauero.
1553 652 1617 685 725

730 736 1016 779 Calidorus

122 810 239 862 Quid
272 823 385 852 nunc
417 810 613 863 agimus?

727 895 1021 938 Pseudolus

542 968 741 1011 Liberam
775 968 900 1010 hodie
933 973 1053 1008 tuam
1085 967 1267 1008 amicam
1301 967 1615 1021 {uuplexabere

729 1061 1015 1104 Calidorus

126 1119 302 1174 Egone?

721 1191 1022 1234 Pseudolus

318 1264 383 1306 Tu
413 1265 511 1307 istic
543 1265 674 1318 ipsus.
707 1265 896 1318 inquam,
930 1264 965 1305 si
997 1263 1170 1317 quidem
1203 1263 1283 1306 hoc
1316 1265 1436 1306 uiuet
1466 1271 1616 1318 oaput3

125 1335 173 1378 Si
206 1336 333 1380 modo
366 1336 468 1378 mihi
500 1336 717 1378 homiuem
748 1336 978 1378 inuenietis
1010 1349 1192 1390 propere

743 1430 1006 1472 Charinus

1183 1487 1276 1538 Qua
1307 1487 1447 1530 facie?

724 1560 1021 1603 Pseudolus

1458 1617 1619 1659 Malum

123 1687 341 1732 Callidum
373 1690 562 1741 doctum⁷
594 1691 667 1744 qui
700 1690 874 1743 quando
907 1690 1167 1744 principium
1200 1689 1490 1744 prehenderit,

127 1760 260 1803 Porro
293 1776 372 1804 sua.
403 1763 566 1804 uirtute
598 1768 745 1804 teneat
777 1761 882 1816 quid
913 1776 956 1803 se
989 1761 1131 1804 facere
1165 1768 1379 1816 oporteat,
1554 1775 1620 1808 730

126 1832 270 1887 Atque
303 1834 377 1888 qui
408 1833 478 1876 hic
509 1848 595 1876 non
626 1835 829 1876 uisitatus
861 1848 989 1888 saepe
1022 1835 1089 1875 sit.

741 1927 1006 1971 Charinus

1150 2000 1193 2043 Si
1227 2015 1375 2043 seruos
1408 2006 1486 2044 est.

128 2055 242 2099 Num
274 2057 376 2111 quid
407 2057 570 2100 refert?

731 2138 1033 2180 Pseudolus

634 2210 769 2252 Immo
803 2210 936 2252 multo
970 2210 1141 2252 mauolo
1175 2223 1304 2264 quam
1337 2208 1532 2251 liberum.

741 2304 1005 2347 Charinus

129 2373 261 2418 Posse
287 2378 439 2431 opinor
465 2392 531 2419 me
558 2377 660 2419 dare
685 2377 902 2419 hominem
927 2377 1005 2418 tibi
1031 2376 1192 2419 malum
1214 2381 1263 2418 -et
1280 2375 1466 2427 doctum,
1493 2377 1619 2417 modo

131 2445 213 2497 Qui
244 2461 268 2489 a
300 2454 422 2502 patre
455 2449 632 2491 aduenit
665 2449 846 2503 Carysto
880 2463 957 2490 nec
990 2449 1090 2490 dum
1124 2449 1209 2489 exit
1242 2463 1291 2489 ex
1325 2447 1504 2489 aedibus

127 2518 359 2573 Quoquam
392 2535 532 2575 neque
565 2521 758 2564 Athenas
797 2521 975 2562 aduenit
1008 2535 1207 2573 umquam
1240 2526 1340 2561 ante
1372 2519 1620 2561 hesternum

1150 2592 1274 2632 diem.
1556 2602 1621 2635 735

220 2715 287 2749 724
313 2715 434 2750 fabule
460 2717 503 2756 B,
530 2717 661 2751 fabulae
690 2717 718 2751 (J
826 2718 892 2750 726
918 2716 1180 2760 amplexabero
1208 2715 1236 2749 C
1353 2715 1419 2749 727
1446 2720 1524 2749 tute
1553 2726 1620 2759 ogo

128 2768 230 2814 ipsus
244 2770 310 2806 BC
391 2773 472 2807 uiue
563 2775 637 2809 728.
655 2773 723 2808 CA.
740 2772 818 2816 Qua
900 2772 953 2806 PS
969 2783 1033 2807 om.
1123 2774 1185 2806 731
1203 2773 1323 2816 Atque
1346 2783 1436 2813 eum,
1463 2772 1523 2815 qui
1546 2784 1620 2806 non

129 2825 189 2862 hic
205 2829 362 2863 usitatus
434 2832 499 2865 732
521 2829 625 2865 Nunc
641 2829 729 2874 quid
743 2829 778 2863 Β
849 2830 914 2864 733
930 2829 998 2863 CA.
1071 2830 1137 2863 734
1158 2829 1246 2883 exlit
1262 2828 1327 2863 BC
1397 2827 1570 2862 aediebus
1586 2827 1620 2862 Β
