1963 3243
657 211 695 244 v.
726 213 957 246 1102—1149.
1467 219 1542 257 291

87 344 179 380 itive
218 341 381 390 ponitur
421 345 464 378 ut
507 338 665 387 „muto“
708 340 821 378 Varr.
863 340 906 378 R.
949 340 992 378 R.
1033 341 1081 380 11.
1123 343 1157 386 2,
1206 343 1273 378 12:
1320 345 1544 392 ..pastiones

86 411 158 449 hoc
186 408 382 448 mutant“.
431 408 515 446 Liv.
550 408 595 454 V,
632 409 694 454 13,
732 410 765 446 l.
798 407 982 454 XXXIX,
1019 411 1083 453 51,
1123 410 1184 446 10.
1211 410 1261 447 al.
1300 414 1415 458 atque
1439 424 1541 449 com-

84 479 305 530 parativum
351 477 442 514 olim
488 478 714 515 restitutum
762 483 840 520 est,
885 477 932 514 cf.
980 477 1121 527 Amph.
1170 479 1268 515 270:
1323 492 1473 528 „neque
1505 494 1545 516 se

85 548 176 585 luna
212 558 409 596 quoquam
449 550 575 583 mutat
613 551 732 595 atque
771 552 815 582 ut
854 550 1030 582 exon-trist
1067 545 1226 582 semel⁸⁴.
1270 548 1326 584 nti
1371 554 1545 585 extrema

86 628 159 653 vox
196 614 315 652 fuisse
352 615 524 657 videtur,
564 627 653 651 nam
693 614 797 662 quod
837 620 926 664 post
964 613 1147 651 Bothium
1182 614 1317 652 editur
1353 620 1422 660 „ut
1454 619 1541 666 qui-

85 681 197 721 dem“
246 683 339 720 ferri
387 696 464 720 non
503 687 650 733 potest.
721 682 879 719 Hiatum
920 689 1012 719 unte
1050 685 1166 730 atque
1205 683 1379 731 Buggius
1422 687 1544 721 inter-

84 751 296 803 pungendo
337 750 528 796 defendit,
569 749 726 788 Tidskr.
768 750 793 787 f.
834 750 934 788 Phil.
977 749 1050 787 VII
1090 763 1126 799 p.
1174 753 1242 798 14;
1289 764 1362 799 ego
1410 766 1545 791 versus

84 821 168 858 loco
206 820 415 858 defendere
456 819 624 865 mallem,
664 833 699 856 v.
742 819 893 868 Proleg.
933 833 969 868 p.
1015 819 1113 856 183.
1155 819 1220 856 sed
1265 833 1396 858 verum
1441 823 1545 859 inve-

84 890 186 926 nisse
233 887 523 925 Lachmannum
571 888 688 925 credo
736 888 849 926 Lucr.
888 901 926 938 p.
971 889 1068 926 250:
1113 887 1189 925 allo
1230 891 1345 936 atque
1383 892 1454 939 ulf,
1496 891 1543 928 cf.

85 957 182 994 infra
227 957 343 994 1285.
407 956 539 994 Ribb.:
586 955 840 1001 „demut-are?
882 969 1005 1005 aeque
1045 963 1163 1006 atque
1195 960 1297 994 uti'‘.
1331 978 1383 982 —
1422 960 1541 996 1126.

82 1025 184 1063 hunc
214 1025 408 1064 moechum
442 1027 487 1063 A.
524 1046 568 1050 —
611 1026 729 1063 1128.
761 1036 809 1063 ac
841 1024 886 1073 R,
919 1039 953 1062 v.
989 1025 1036 1062 ad
1062 1027 1172 1062 Asin.
1208 1027 1299 1063 564.
1334 1045 1386 1051 —-
1423 1028 1542 1065 1129.

83 1093 192 1132 Satin
238 1096 290 1138 ut,
339 1108 373 1130 v.
422 1095 470 1130 ad
517 1094 655 1132 Bacch.
704 1094 798 1131 488.
860 1093 978 1131 Stich.
1020 1094 1114 1131 271.
1183 1092 1454 1137 Commoditas,
1495 1096 1541 1132 cf.

84 1162 297 1200 Meu.139.
323 1163 415 1199 142.
447 1182 501 1187 -—-
537 1161 639 1199 1131
676 1175 814 1199 versus
845 1175 1016 1199 mancus.
1049 1161 1174 1205 „iam‘⁴
1207 1162 1296 1199 add.
1325 1162 1377 1208 R;
1416 1163 1538 1209 ,‚huc“

82 1230 258 1268 Mueller.
295 1249 342 1254 —
378 1243 396 1268 e
427 1234 559 1268 exstat
589 1232 626 1267 in
661 1233 706 1267 A.

198 1300 302 1336 1132
342 1313 426 1350 sqq.
465 1299 654 1337 trochaici
694 1300 922 1347 septenarii.
989 1299 1089 1345 „Per
1130 1301 1227 1337 hauc
1266 1301 1446 1337 scenam⁴'
1484 1303 1541 1337 ait

83 1367 126 1405 R.
163 1380 310 1418 „usque
343 1368 390 1405 ad
428 1369 532 1406 1187
566 1381 819 1418 personarum
853 1373 965 1405 notas
990 1374 1069 1405 tam
1096 1382 1205 1405 raras
1230 1368 1291 1406 BC
1317 1369 1474 1415 habent,
1500 1376 1544 1407 ut

80 1442 122 1473 ut
168 1448 243 1473 non
290 1449 388 1486 quas
434 1437 631 1481 omittant,
678 1435 746 1473 sed
793 1449 888 1485 quas
934 1438 1131 1474 servarint
1172 1436 1397 1474 adnotem“.
1460 1437 1541 1476 Nos

82 1506 241 1542 omissas
281 1506 445 1542 cursivis
483 1505 628 1542 litteris
674 1507 958 1554 expressimus,
1000 1507 1038 1541 in
1072 1519 1153 1543 var.
1195 1507 1402 1556 scripturae
1444 1507 1540 1544 nihil

82 1574 316 1610 notavimus.
358 1593 409 1598 —
455 1573 560 1612 1133
602 1577 706 1611 recte
745 1575 790 1610 A.
830 1573 935 1612 hunc
975 1578 1199 1623 correptum
1242 1589 1276 1611 v.
1320 1574 1462 1623 Proleg
1502 1590 1539 1625 p.

82 1642 174 1679 204.
206 1661 260 1666 —
298 1641 353 1679 Et
395 1654 460 1691 eqo
504 1653 589 1691 uos,
635 1655 684 1680 se.
724 1647 939 1680 conventos
975 1642 1079 1687 volo,
1119 1643 1165 1679 cf.
1208 1657 1296 1680 ann.
1338 1643 1387 1680 ad
1428 1643 1540 1681 Cure.

80 1711 173 1747 492.
213 1730 268 1735 —-
310 1712 430 1748 1134.
471 1711 685 1758 architecte,
724 1711 770 1748 cf.
804 1711 897 1748 899.
933 1730 981 1735 —
1021 1712 1139 1749 1135.
1181 1711 1281 1760 Quia
1313 1711 1457 1758 Dousa,
1492 1712 1537 1749 cf.

81 1779 174 1816 834.
208 1798 255 1804 -
288 1778 424 1826 palum
456 1780 515 1816 ed.
548 1793 608 1829 pr.
641 1799 695 1804 —
731 1780 849 1817 1136.
883 1779 1006 1824 facete
1037 1786 1074 1817 et
1105 1780 1276 1826 facunde
1307 1781 1367 1817 ed.
1400 1794 1460 1830 pr.
1487 1800 1540 1805 —

84 1847 200 1884 1137.
248 1847 534 1887 derunce'naue't.
582 1850 693 1897 quasi
740 1850 903 1886 runcina
950 1848 1113 1886 dolavit.
1146 1869 1200 1874 —
1237 1850 1356 1887 1138.
1403 1861 1440 1888 es
1480 1851 1539 1886 ed.

78 1927 136 1964 pr.
171 1935 219 1940 —
259 1917 377 1954 1139.
416 1919 463 1955 ut
499 1917 552 1954 id.
585 1936 640 1941 --
670 1916 915 1955 adiutabe'lem
948 1919 995 1964 A,
1035 1931 1070 1954 v.
1112 1918 1159 1954 ad
1202 1919 1294 1955 545.
1329 1938 1381 1943 —
1418 1919 1537 1955 1141.

79 1983 187 2021 abeat
216 1985 306 2021 olim
340 1990 572 2022 correctum.
608 2005 660 2010 —
697 1986 817 2023 1142.
851 1986 1004 2024 mulieri
1041 1988 1085 2022 A.
1120 2006 1174 2011 —
1210 1987 1328 2024 1143.
1361 1987 1471 2031 dono,
1516 1999 1540 2024 a

79 2061 117 2090 se
151 2056 197 2090 ut
232 2054 343 2091 abeat
371 2054 554 2092 Beroald.
588 2074 640 2079 —
676 2054 806 2099 „tum“
843 2055 969 2091 abfuit
1008 2055 1055 2091 ab
1088 2056 1133 2091 A.
1173 2075 1219 2079 —
1257 2056 1377 2092 1144.
1411 2057 1446 2092 et
1477 2055 1539 2093 ille

78 2123 215 2159 autem.
248 2124 271 2158 i.
304 2137 336 2159 e.
369 2129 408 2159 et
438 2123 504 2159 ille
537 2124 718 2166 vicissim,
753 2123 798 2160 cf.
832 2123 951 2160 Mero.
990 2124 1079 2160 118.
1114 2123 1253 2160 Pseud.
1289 2124 1382 2161 638.
1418 2123 1536 2160 Poen.

79 2189 170 2226 840.
219 2191 312 2228 926.
356 2191 460 2229 Men.
511 2193 630 2229 1070.
678 2191 836 2228 Trucul.
885 2192 978 2229 828.
1030 2193 1122 2229 892.
1175 2192 1287 2229 Lucr.
1332 2191 1361 2237 I,
1408 2192 1535 2229 1010:

83 2270 205 2306 „quae
242 2271 383 2309 corpus
425 2261 530 2296 inani
572 2263 612 2296 et
650 2259 754 2308 quod
795 2261 909 2297 inane
950 2265 1077 2297 autem
1119 2266 1187 2306 est,
1230 2259 1332 2297 finiri
1374 2272 1536 2308 corpore

78 2327 220 2374 cogiff.
262 2341 351 2365 ann.
395 2328 443 2364 ad
484 2329 573 2365 Aul.
617 2329 681 2365 30.
725 2347 772 2352 —
820 2329 937 2365 1145.
979 2329 1191 2367 escenderis
1230 2332 1274 2366 A.
1316 2347 1370 2352 —
1414 2329 1533 2365 1146.

75 2394 261 2440 periclum
299 2398 343 2433 A.
377 2416 432 2421 —
463 2397 548 2434 inde
577 2407 655 2434 esse
685 2398 730 2441 A,
771 2398 796 2434 i.
829 2411 859 2433 e.
897 2398 1044 2443 „tum“‚
1077 2402 1120 2434 ut
1157 2397 1277 2443 „ibi“,
1312 2397 1357 2432 de
1391 2409 1467 2445 quo
1499 2409 1534 2432 v.

78 2462 126 2499 aa
155 2464 296 2514 Amph.
340 2466 431 2502 246.
471 2467 579 2502 Asin.
615 2466 706 2502 502.
741 2484 794 2489 —
831 2465 949 2502 1147.
981 2465 1074 2503 haec
1104 2467 1150 2503 A.
1177 2451 1437 2512 praesenserit
1474 2465 1534 2502 ed.

78 2543 147 2580 pr..
183 2531 475 2581 „prosenserit“
506 2534 621 2570 etiam
641 2535 686 2570 A.
706 2552 758 2558 ---
780 2535 899 2571 1148.
931 2533 1059 2579 ecfierz'
1090 2533 1211 2582 Bugg.
1246 2533 1388 2570 Philol.
1421 2531 1534 2570 XXX

77 2610 114 2647 p.
161 2600 252 2643 651,
294 2603 317 2638 i.
365 2601 478 2647 effici,
526 2602 573 2639 cf.
613 2601 721 2638 Pers.
763 2601 857 2639 760.
890 2603 1034 2650 poterit
1072 2607 1111 2638 et
1151 2613 1328 2640 maxume
1365 2604 1411 2639 A.
1473 2601 1534 2638 Ad

77 2666 188 2706 huius
233 2668 356 2718 Bugg.
403 2670 556 2707 confert
602 2669 690 2707 Ter.
730 2669 829 2706 Eun.
873 2671 974 2708 980:
1041 2669 1268 2719 „Quidquid
1308 2669 1424 2707 huius
1455 2670 1532 2706 fac-

77 2735 239 2774 tumst“.
302 2737 442 2775 Heaut.
486 2739 585 2776 571:
629 2738 752 2787 „nihil
790 2751 851 2775 me
891 2739 1006 2775 istius
1043 2739 1283 2775 facturum“.
1324 2738 1387 2776 Br.
1421 2738 1534 2775 addit

78 2801 195 2842 Mero.
230 2806 322 2842 727.
362 2805 447 2844 Cas.
482 2807 574 2844 535.
607 2807 699 2843 724.
735 2807 784 2843 al.
821 2826 868 2831 —
908 2808 1026 2845 1149.
1066 2817 1142 2844 esse
1172 2807 1224 2844 ad
1253 2807 1297 2843 A.
1331 2825 1386 2831 —
1416 2806 1535 2844 siluae·

1268 2883 1326 2915 19*
