1963 3243
125 249 172 293 Π,
199 252 231 292 4,
256 252 362 286 9-21
769 250 983 285 Pseudolus.
1565 257 1615 295 59

724 375 1015 418 Calidorus

336 447 524 489 Nimium
557 454 623 490 est
655 448 847 490 mortalis
880 450 1128 502 graphicusss,
1161 448 1362 490 heuretes
1398 450 1498 490 mihi
1531 457 1616 500 cst3

127 519 169 562 Is
200 519 303 561 mihi
335 519 441 561 haec
474 534 565 562 sese
600 520 863 562 ecsecturum
897 520 1003 562 dixit
1036 534 1145 573 quae
1178 520 1264 561 dixi
1298 520 1389 561 tibi.

720 610 1018 653 Pseudolus

127 680 355 734 Magnifice
388 681 602 724 hominem
635 682 905 736 conpellabo.

724 760 755 803 C
767 762 877 803 alid
889 776 911 804 0
925 777 945 803 r
958 775 981 803 u
996 777 1014 804 s

970 833 1109 884 Quoia
1140 848 1222 883 uox
1254 843 1429 877 resonat
1442 840 1459 876 ζ’

719 914 1022 956 Pseudolus

1466 971 1523 1014 Io.
1551 984 1616 1016 705

123 1041 196 1091 Te,
229 1042 270 1083 io
302 1046 357 1092 te,
390 1047 584 1096 tyranne,
616 1047 658 1084 te
690 1056 794 1096 rogo
826 1043 898 1097 qui
931 1043 1139 1097 inperitas
1169 1043 1397 1086 Pseudolo.

124 1112 296 1163 Quaero
329 1115 430 1168 quoi
463 1120 530 1156 ter
561 1115 677 1156 trina
709 1115 901 1169 triplicia
931 1115 1074 1157 tribus
1107 1115 1245 1157 modis
1277 1117 1361 1156 tria
1391 1115 1562 1169 gaudia.

124 1185 299 1228 Artibus
330 1185 470 1228 tribus
503 1186 735 1229 demeritas
767 1187 863 1229 dem
894 1187 1100 1239 laetitias,
1134 1187 1185 1229 de
1216 1187 1356 1229 tribus

125 1257 295 1300 Fraude
328 1264 478 1313 partas
511 1273 589 1313 per
620 1259 844 1310 malitiam,
876 1273 954 1313 per
985 1259 1130 1301 dolum
1163 1263 1205 1301 et
1235 1259 1444 1302 fallacias.

125 1329 174 1371 In
204 1330 351 1373 libello
383 1330 464 1373 hoc
495 1331 726 1385 obsignato
758 1331 865 1372 haec
898 1331 1037 1373 adtuli
1069 1331 1320 1385 pauxillulo.
1551 1345 1617 1377 710

725 1421 1016 1464 Calidorus

125 1492 218 1534 Illic
250 1493 376 1535 homo
409 1500 492 1545 est3
525 1498 571 1535 ut
604 1494 945 1548 paratragoedat
977 1493 1205 1536 carnufex!

721 1585 1023 1628 Pseudolus

1204 1656 1360 1700 Confer
1390 1658 1570 1712 gradum

125 1726 290 1770 Contra
320 1729 505 1783 pariter3
538 1743 671 1783 porge
703 1729 914 1772 audacter
945 1730 1000 1772 ad
1031 1729 1215 1772 salutem
1245 1729 1482 1772 brachium.

727 1819 1014 1862 Calidorus

124 1891 203 1933 Dic
234 1896 379 1933 utrum
412 1891 595 1946 Spemne
628 1906 682 1934 an
714 1891 903 1934 Salutem
936 1898 978 1934 te
1011 1893 1210 1944 salutem,
1241 1892 1465 1935 Pseudole.

725 1983 1022 2025 Pseudolus

126 2052 261 2096 Immo
292 2059 537 2109 utrumque.

725 2125 1017 2170 Calidorus

274 2197 527 2253 Utrumque,
561 2198 692 2240 salue.
747 2197 832 2240 Sed
863 2199 966 2253 quid
998 2205 1142 2242 actum
1175 2199 1270 2241 est?
1319 2198 1431 2249 Quid
1461 2199 1616 2241 iubes?

125 2268 274 2311 Adtuli
306 2269 432 2312 hunc.

217 2433 283 2466 704
308 2431 373 2466 His
445 2444 524 2467 esse
550 2432 617 2467 BC
696 2434 763 2467 705
789 2437 895 2467 sonat
919 2432 986 2467 BC
1065 2433 1131 2467 706
1156 2432 1247 2467 Tete
1272 2432 1319 2476 A,
1348 2431 1430 2467 [ote
1455 2436 1529 2467 tete
1556 2432 1621 2468 BC

217 2492 374 2524 turanne
398 2500 490 2533 rogo
516 2489 549 2523 A
648 2489 827 2523 Pseudole
856 2489 900 2532 A,
926 2489 1097 2524 Pseudoli
1124 2489 1168 2532 B„
1196 2489 1401 2524 Pseudolus
1429 2488 1459 2524 C
1552 2491 1618 2524 707

126 2555 200 2588 quo
224 2545 295 2579 iter
319 2544 393 2588 BC,
420 2547 575 2590 quoiper
600 2546 633 2580 A
755 2546 874 2580 modis
900 2558 958 2580 me
984 2547 1055 2580 tria
1178 2547 1245 2580 708
1270 2547 1389 2580 tribus
1416 2551 1474 2582 ter
1499 2546 1620 2581 deme-

126 2601 216 2636 ritas
241 2601 312 2638 BC
413 2604 480 2638 709
504 2603 685 2637 malitiam
711 2608 748 2636 et
773 2614 838 2647 per
862 2602 931 2638 BC
1030 2602 1210 2637 fallaciam
1238 2601 1305 2637 ΒΟ
1401 2604 1468 2637 ’710
1493 2603 1616 2647 obsig-

127 2661 215 2692 nato
241 2657 289 2693 ad
314 2663 349 2693 te
375 2659 482 2694 attuli
506 2659 575 2694 BC
707 2661 770 2693 711
799 2658 871 2693 CH.
898 2660 981 2694 Illic
1008 2660 1119 2694 homo
1146 2664 1212 2694 est.
1240 2659 1278 2693 P.
1415 2658 1454 2693 C.
1483 2657 1619 2694 Confer

126 2715 194 2749 ⁰712
219 2713 289 2749 CA.
316 2714 455 2750 Contra
555 2716 697 2761 paliter.
724 2716 762 2750 P.
789 2727 857 2760 por
882 2716 1108 2750 claudaciter
1132 2715 1178 2759 B⁷
1203 2716 1337 2751 lacuna
1360 2720 1414 2751 est
1436 2717 1475 2750 in
1502 2716 1530 2751 C

127 2769 321 2806 bacchium
346 2772 380 2806 A
530 2775 597 2808 713
623 2784 724 2817 spem
750 2783 860 2807 neatis
886 2777 1040 2807 matrem
1065 2772 1131 2808 BC
1274 2774 1340 2807 714
1366 2774 1552 2808 actumst?
1580 2773 1618 2807 P.

129 2826 218 2871 quid
241 2828 375 2863 times?
468 2830 535 2864 '715
561 2829 630 2864 CA.
658 2829 779 2863 Attuli
804 2828 890 2864 hinc
916 2828 985 2864 BC
