1963 3243
104 173 147 217 v,
171 174 308 208 31—38
657 171 764 206 Miles
791 162 988 215 glorio'sus.
1488 175 1562 212 127

601 297 1060 352 Pyrgopolinices

838 369 956 411 Mitis
988 383 1081 410 sum
1113 368 1314 423 equidem
1348 368 1560 419 sustibus;

104 442 294 486 Obsecro
326 456 418 484 uos.

592 521 1070 576 Periplecomenus

490 593 654 636 Soluite
687 594 845 635 istunc.

599 707 1058 762 Pyrgopolinices

853 779 1048 821 Gratiam
1082 779 1224 822 habeo
1256 780 1350 821 tibi.

592 893 1072 947 Periplecomenus

104 968 146 1011 Si
178 967 360 1022 posthac
390 967 663 1022 prehendero
696 981 774 1019 ego
806 971 850 1008 te
881 965 962 1015 hic,
997 966 1167 1008 carebis
1198 967 1399 1009 testibus.
1477 978 1566 1012 1420

608 1080 1064 1135 Pyrgopolinices

104 1152 290 1196 Causam
321 1153 438 1196 haud
470 1153 582 1197 dico.

592 1267 1074 1322 Periplecomenus

647 1340 809 1383 Eamus
839 1341 968 1391 intro,
1001 1338 1142 1382 Cario.

610 1455 1066 1510 Pyrgopolinices

1196 1527 1356 1570 Seruos
1391 1541 1509 1570 meos

106 1600 242 1643 Eccos
273 1601 414 1643 uideo.
475 1600 839 1643 Philocomasium
871 1601 957 1641 iam
988 1599 1187 1654 profecta
1219 1601 1314 1641 est?
1346 1600 1416 1642 dic
1448 1600 1564 1642 mihi.

736 1715 933 1757 Seruos

108 1786 200 1829 Iam
230 1787 405 1829 dudum.

621 1889 1063 1944 Pyryopolinices

435 1963 489 2005 Ei
520 1963 637 2005 mihi.

740 2076 930 2119 Seruos

647 2149 785 2204 Magis
818 2151 951 2218 dices,
983 2150 1019 2192 si
1051 2150 1167 2192 scias
1199 2150 1312 2204 quod
1347 2164 1425 2204 ego
1460 2149 1569 2201 sci03

109 2220 219 2265 Nam
256 2222 330 2264 ille
368 2223 546 2276 quidem,
593 2224 665 2277 qui
704 2222 852 2265 lanam
893 2222 947 2265 ob
987 2223 1158 2264 oculum
1195 2222 1402 2273 habebat,
1433 2226 1571 2264 nauta

1202 2310 1288 2338 non
1320 2299 1427 2337 erat.

621 2408 1066 2462 Pyryopolz'nz'ces

113 2479 222 2530 Quis
256 2487 350 2523 erat
380 2482 542 2535 igitur?

203 2641 290 2675 1418
313 2641 517 2675 mitisseme
544 2641 654 2685 quide
678 2641 714 2675 B
833 2642 919 2675 1419
944 2642 1013 2676 PE.
1042 2643 1206 2677 Obsecro
1232 2653 1299 2675 uos
1325 2643 1458 2678 soluite

52 2695 53 2698 ’
113 2695 206 2732 intuo
230 2695 277 2740 B,
302 2698 411 2732 istum
439 2697 468 2732 C
583 2700 671 2732 1420
697 2709 766 2742 ego
791 2704 828 2733 te
855 2709 921 2734 om.
949 2699 978 2734 Ο
1089 2704 1200 2733 avebo
1227 2700 1390 2734 cestibus
1416 2699 1484 2735 BC

27 2685 61 2770 l}
114 2754 198 2788 1421
225 2758 290 2788 aut
382 2755 610 2790 introcat-ios
716 2757 801 2790 1423
828 2755 858 2789 F,
893 2756 969 2790 Iam
996 2756 1042 2799 B,
1068 2761 1192 2791 ceterae
1214 2767 1456 2800 personarum
1480 2762 1574 2793 ποία»

111 2809 327 2847 mmmm·
401 2816 438 2846 et
451 2811 480 2847 0
550 2814 638 2847 1424
652 2813 714 2848 ille
729 2813 790 2857 qui
803 2811 879 2854 ΒΟ,
893 2813 972 2848 illic
986 2815 1047 2858 qui
1063 2815 1095 2847 A
1175 2815 1222 2847 ob
1237 2814 1384 2848 oculum
1402 2814 1524 2848 lanam
1539 2818 1571 2849 Α
