1963 3243
134 209 195 254 IV,
225 211 252 252 1,
282 210 401 250 17-2,
426 209 447 241 2
765 208 962 243 Mercator.
1517 211 1592 248 187

746 336 867 376 Dori
884 350 981 389 ppa

814 407 926 457 Quid
962 407 1135 456 clamas,
1170 407 1304 458 Syra?

799 522 929 575 Syra

133 594 288 637 Nescio
320 599 479 648 quaest
510 594 665 635 mulier
696 594 813 635 intus
843 593 914 634 hic
947 594 987 634 in
1022 592 1216 634 aedibus.

743 709 981 762 Dorippa

134 779 259 832 Quid,
292 779 475 822 mulier‘.>

798 860 926 914 Syra

538 933 696 974 Mulier
727 934 945 975 meretrix.

744 1047 779 1088 D
791 1062 814 1089 o
826 1047 868 1088 ri
880 1062 906 1100 p
919 1061 980 1100 pa

1011 1119 1154 1161 Ueron
1187 1117 1330 1159 serio?

800 1200 926 1255 Syra

132 1272 320 1314 Nimium
353 1274 438 1315 scis
472 1287 638 1327 sapere,
672 1273 762 1314 ruri
795 1287 908 1327 quae
941 1287 1024 1314 non
1058 1272 1281 1314 manseris.

132 1342 338 1394 Quamuis
370 1345 581 1399 insipiens
614 1351 790 1399 poterat
821 1346 1140 1399 persentiscere

133 1415 255 1458 Illam
286 1431 380 1460 esse
413 1418 600 1459 amicam
633 1418 696 1459 tui
729 1418 812 1459 uiri
845 1417 1098 1460 bellissumi.
1526 1426 1594 1459 680

743 1532 980 1586 Dorippa

132 1601 270 1645 Credo
303 1609 529 1646 mecastor.

799 1683 928 1739 Syra

603 1757 623 1798 I
654 1756 735 1798 hac
767 1771 949 1802 mecum,
982 1762 1031 1797 ut
1061 1756 1215 1797 uideas
1249 1756 1375 1797 simul

130 1827 266 1869 Tuam
299 1828 580 1871 Alcumenam
613 1829 825 1883 pellicem,
857 1828 965 1870 Iuno
998 1842 1105 1870 mea.

741 1943 977 1997 Dorippa

131 2013 313 2057 Ecastor
343 2029 449 2057 uero
481 2016 596 2058 istuc
629 2029 678 2058 eo
711 2021 922 2069 quantum
955 2020 1112 2069 potest.

552 2393 914 2437 LYSIMACHUS
963 2394 1162 2437 SENEX.

131 2518 341 2562 Parumne
372 2519 446 2562 hoc
476 2526 542 2563 est
573 2521 714 2563 malae
746 2522 822 2572 rei,
857 2522 972 2576 quod
1007 2527 1125 2563 amat
1157 2521 1384 2576 Demipho,

130 2590 184 2633 Ni
216 2599 497 2647 sumptuosus
529 2595 706 2648 insuper
737 2594 868 2636 etiam
901 2595 1014 2636 siet?
1522 2606 1589 2639 685

218 2729 285 2764 675
309 2729 448 2764 clamas
474 2731 630 2764 obsecro
724 2732 791 2765 676
815 2732 950 2765 mulier
975 2742 1067 2775 quae
1094 2735 1148 2764 est
1165 2730 1194 2765 C
1281 2731 1348 2764 677
1362 2731 1456 2764 serie
1472 2730 1502 2765 G

130 2784 196 2819 679
209 2795 316 2829 quam
332 2785 360 2820 C
449 2788 517 2822 680
531 2787 735 2831 pellissumi
753 2787 782 2822 C
871 2789 935 2822 681
952 2788 994 2822 Ei
1010 2786 1044 2821 B
1139 2787 1253 2820 semul
1345 2787 1413 2821 682
1433 2787 1586 2831 pelicem

132 2841 197 2876 684
220 2841 291 2877 hoc
316 2853 381 2878 om.
