1963 3243
142 239 188 283 v,
212 241 244 283 5,
269 219 405 275 κε’-42
792 238 986 273 Poenulus.
1555 242 1636 281 207

687 364 1098 406 Antamoenides

646 435 778 487 Nolo;
809 436 917 478 nihil
949 436 1004 477 ad
1035 440 1079 478 te
1111 435 1291 478 adtinet.
1555 451 1639 485 1305

146 509 258 560 Quid
292 508 372 550 tibi
405 508 517 551 hanc
549 508 684 562 digito
716 509 852 549 tactio
885 508 980 549 est?

804 601 850 642 H
855 616 877 642 α
889 616 915 642 n
928 615 986 643 no

1025 672 1139 724 Quia
1170 675 1274 716 mihi
1306 675 1438 718 lubet.

691 768 1101 810 Antamoemfdes

151 841 321 883 Lubet?

804 911 853 952 H
859 925 917 952 (ιη
931 925 989 952 no

382 984 449 1026 lta
482 984 591 1026 dico.

689 1055 1101 1097 Antamoenides

658 1127 830 1181 Legula,
863 1129 875 1169 i
906 1129 949 1168 in
981 1127 1140 1169 malam
1174 1142 1356 1170 crucem.

149 1201 266 1242 Tune
298 1200 369 1241 hic
401 1203 571 1241 amator
602 1200 735 1241 audes
768 1214 873 1250 esse,
907 1199 1050 1241 hallex
1081 1200 1194 1241 uiri‘?

152 1273 238 1314 Aut
270 1276 558 1322 contractare,
591 1272 706 1326 quod
737 1285 878 1313 mares
909 1271 1107 1314 homines
1140 1273 1316 1314 amant‘.>

135 1344 369 1398 Deglupta
400 1357 564 1393 maena,
597 1344 787 1397 sarrapis
818 1344 1085 1394 sementium,
1560 1359 1646 1392 1310

153 1415 427 1458 Manstrueta
458 1415 689 1469 halagoras
721 1429 830 1457 ama.
864 1419 955 1456 tum
987 1420 1132 1456 autem
1163 1415 1332 1470 plenior

151 1487 236 1529 Alli
268 1488 489 1542 ulpicique
523 1501 653 1542 quam
687 1487 868 1529 Romani
900 1488 1096 1540 remiges.

712 1582 1090 1635 AyorastocZes

152 1654 264 1696 Num
296 1655 387 1704 tibi,
420 1655 686 1703 adulescens,
720 1655 857 1696 malae
891 1660 967 1696 aut
999 1655 1149 1695 dentes
1180 1655 1393 1708 pruriunt,

153 1726 234 1777 Qui
265 1726 365 1768 huic
397 1740 443 1768 es
477 1726 699 1771 molestus.
733 1740 787 1767 an
821 1727 977 1767 malam
1010 1740 1100 1767 rem
1135 1727 1385 1780 quaeritas?

688 1821 1102 1862 Antamoem'des

153 1892 240 1934 Cur
271 1907 355 1934 non
387 1893 568 1935 adhibes
600 1899 660 1941 tu,
693 1893 794 1934 dum
826 1894 965 1934 istaec
996 1892 1185 1946 loquere,
1217 1893 1501 1947 tympanum?
1561 1907 1646 1940 1315

150 1964 262 2006 Nam
293 1970 334 2006 te
367 1965 595 2007 cinaedum
629 1979 723 2006 esse
755 1965 944 2006 arbitror
977 1965 1112 2017 magis
1146 1978 1276 2019 quam
1308 1965 1464 2008 uirum.

707 2059 1090 2111 Ayorastocles

156 2131 254 2174 Scin
288 2146 417 2186 quam
451 2131 658 2173 cinaedus
692 2132 814 2172 sum?
878 2131 938 2172 lte
971 2132 1110 2173 istinc.
1142 2132 1269 2179 serui,
1300 2131 1434 2182 foras,

154 2203 326 2245 cherte
357 2204 498 2246 fustis.

696 2289 1108 2331 Antamoem'des
1252 2341 1255 2344 Ι

572 2361 688 2403 Heus
720 2368 782 2403 tu.
814 2362 848 2402 si
880 2360 983 2414 quid
1017 2376 1093 2415 per
1124 2362 1264 2403 iocum

156 2434 265 2484 Dixi,
297 2433 434 2476 nolito
466 2434 510 2475 in
543 2434 702 2476 serium
735 2439 1007 2474 conuertere.

249 2593 335 2626 1307
358 2591 474 2634 ligula
499 2592 508 2625 i
535 2592 579 2633 A,
606 2591 746 2635 Legula
770 2590 814 2624 In
839 2589 885 2630 Β,
915 2590 1027 2635 ligula
1052 2591 1089 2624 in
1117 2590 1146 2625 Ο
1234 2591 1318 2625 1308
1344 2595 1432 2626 tuuc
1457 2595 1602 2627 amator
1623 2592 1652 2628 Ο

246 2647 359 2682 tallax
384 2648 417 2682 A
554 2649 638 2683 1309
664 2648 774 2681 maris
800 2646 836 2681 B
961 2648 1048 2681 1310
1072 2658 1166 2682 uena
1190 2647 1224 2681 A
1350 2649 1436 2682 1312
1462 2648 1534 2683 Alii

155 2704 343 2749 uldicique
368 2705 413 2749 A,
438 2705 589 2750 ulpique
615 2704 683 2739 BC
793 2704 945 2747 remigis
971 2703 1007 2738 B
1124 2704 1211 2739 1313
1237 2703 1393 2739 dentens
1418 2703 1455 2739 B
1561 2707 1647 2741 1315

156 2760 231 2805 Qui·
254 2760 327 2795 AB
414 2762 618 2797 adhibuisti
699 2761 912 2805 loqueretur
939 2760 967 2795 Ο
1049 2761 1134 2795 1316
1160 2761 1315 2795 cinaedu
1339 2761 1383 2803 A,
1411 2761 1594 2805 cynedum
1622 2762 1651 2797 C

158 2818 245 2852 1318
269 2817 391 2852 fuistis
415 2817 451 2852 A
