1963 3243
698 237 739 272 V.
767 238 959 272 577-600.
1489 242 1570 280 259

104 369 288 414 l'cstiuam
320 379 472 416 opernm
506 368 738 404 (iulielmus.
771 386 826 392 -
851 366 1133 414 praehibuitA.
1168 386 1220 391 —
1255 368 1346 404 593.
1380 370 1570 414 senatum,

106 449 143 473 v.
176 436 224 473 ad
260 436 346 474 Aul.
382 436 474 473 541.
510 455 555 461 -—
594 436 673 473 594
705 448 762 484 sq.
798 434 940 472 Verum
967 434 1143 472 ordinem
1170 434 1432 472 aCamer-ario
1460 436 1574 471 resti-

106 509 237 542 tutum
277 503 484 542 confirmat
522 504 566 541 A.
605 522 653 528 —
686 514 746 540 me
783 505 840 540 est
868 503 913 540 A.
948 522 1001 528 —
1033 505 1199 541 autemst
1235 503 1333 548 foris
1374 504 1423 540 id.
1486 503 1571 540 Sce-

107 573 239 610 ledrus
272 576 422 609 exierat
453 586 486 608 v.
523 570 623 618 54l;
655 571 722 607 sed
753 572 847 620 quid
882 573 1026 608 attinet
1058 571 1189 608 dicere
1215 584 1300 607 eum
1329 573 1367 608 in
1398 571 1573 620 Periple-

107 643 258 678 comeni
298 640 448 677 aedibus
490 652 564 677 uon
607 652 703 683 esse,
736 640 803 676 ubi
837 639 968 677 nullus
1003 641 1164 677 omnino
1195 640 1229 675 ei
1264 639 1374 676 locus
1407 638 1487 676 sit?
1519 659 1573 665 —

109 709 202 747 596.
244 708 287 746 In
328 709 436 745 exitu
468 721 604 745 versus
636 706 773 745 Lamb.
807 708 985 756 scripsit:
1025 707 1127 752 „illis
1159 709 1316 745 sortitio
1349 706 1473 753 fuat“‚
1507 707 1571 745 R:

111 777 213 824 „illis
237 777 405 815 sortitus
429 774 552 816 fuat“.
581 775 714 814 Ribb.:
753 776 938 822 „ultimus
964 777 1063 813 sorti
1088 773 1232 813 fuam“.
1282 776 1405 826 Bugg.
1432 777 1573 827 opusc.

108 845 156 884 ad
188 845 320 883 Madv.
353 857 389 894 p.
429 845 526 882 166:
595 843 686 890 „Ibo
718 845 837 889 intro,
871 857 918 880 ne
950 843 1044 880 mihi
1077 844 1199 881 multa
1231 846 1414 882 insortito
1446 844 1574 883 fuat“.

107 914 330 962 significari
370 917 610 962 putaverunt
642 913 890 949 sortitionem
924 913 1229 959 magistratuum
1261 913 1309 949 de
1341 914 1573 962 provinciis;

107 995 195 1033 quae
227 987 357 1019 autem
390 981 462 1018 boc
494 981 581 1018 loco
613 981 771 1018 sortitio
803 983 976 1030 part-ium
1010 983 1178 1029 cogitari
1210 986 1353 1030 potest,
1386 982 1453 1019 ubi
1488 995 1575 1019 con-

106 1051 198 1090 silia
242 1050 414 1088 ineunda
459 1053 564 1095 sunt,
612 1062 688 1098 quo
735 1049 849 1086 modo
896 1049 1006 1086 miles
1046 1051 1133 1100 capi
1171 1053 1308 1100 possit,
1349 1050 1417 1088 sed
1465 1064 1577 1088 nemo

109 1120 206 1158 alias
245 1125 379 1170 partes
419 1130 536 1166 agere
574 1116 692 1154 debet
733 1131 850 1167 quam
889 1116 1010 1155 suas?
1085 1118 1208 1155 Immo
1250 1119 1373 1156 multa
1412 1133 1576 1157 comme-

109 1192 297 1225 moratur.
331 1199 418 1237 quae
449 1187 620 1223 senatori
653 1186 869 1231 dicebatur,
903 1187 983 1235 qui,
1017 1199 1135 1235 quum
1168 1188 1208 1223 in
1240 1190 1417 1224 senatum
1443 1189 1577 1225 venire

111 1256 285 1296 deberet.
326 1269 403 1294 non
444 1255 609 1292 adesset.
672 1254 809 1304 Itaque
847 1255 986 1304 scripsi
1026 1255 1146 1303 paulo
1185 1255 1341 1302 longius
1382 1270 1402 1292 a
1442 1256 1576 1294 codd.:

107 1336 156 1363 ne
193 1325 283 1362 dum
323 1325 472 1372 absum,
510 1323 678 1361 multam
716 1324 977 1360 commiserim.
1040 1322 1084 1359 In
1123 1323 1287 1360 eandem
1327 1326 1577 1371 sententiam,

111 1393 178 1431 sed
212 1395 340 1430 minus
374 1393 512 1430 Latine
546 1392 709 1441 Hasper.
743 1390 958 1428 comment.
1022 1391 1216 1429 Fleckeis.
1248 1406 1286 1442 p.
1326 1394 1426 1431 178:
1482 1393 1576 1439 „Ibo

111 1463 230 1504 intro,
265 1475 312 1498 ne
343 1462 398 1498 mi
426 1461 550 1497 multa
582 1460 698 1496 fortis
730 1472 776 1496 eo
808 1458 933 1497 fuat“.

226 1668 320 1705 597.
370 1666 470 1704 Dum
524 1666 688 1703 consilia
740 1666 876 1702 militis
930 1667 1188 1715 impugnandi
1236 1669 1342 1704 intus
1389 1668 1580 1705 ineuntur

111 1731 242 1781 (614),
274 1734 360 1771 fieri
394 1738 526 1784 potest
563 1739 608 1771 ut
638 1735 785 1771 tibicen
819 1735 954 1782 aliqua
984 1735 1182 1777 cecinerit.
1230 1740 1275 1771 ut
1307 1735 1447 1772 Pseud.
1484 1737 1578 1782 575,

110 1816 146 1840 v.
193 1802 349 1851 Proleg.
397 1815 434 1852 p.
484 1804 575 1841 169.
640 1802 752 1839 Locis
794 1802 845 1839 ibi
888 1803 1029 1849 allatis,
1072 1805 1180 1841 Asin.
1225 1804 1317 1842 802.
1353 1803 1446 1842 Cist.
1479 1805 1580 1851 465,

111 1871 202 1909 addi
279 1871 394 1908 debet
469 1873 586 1908 etiam
662 1870 770 1908 Trin.
849 1871 944 1908 604.
1043 1873 1270 1910 Trochaicis
1345 1874 1580 1923 septenariis

111 1953 226 1978 scena
279 1941 427 1988 script-a
482 1943 552 1977 est.
646 1941 799 1979 Primus
854 1942 1062 1980 Palaestrio
1118 1941 1333 1990 egreditur,
1394 1946 1437 1978 ut
1491 1954 1580 1990 spe-

111 2009 275 2054 culetur,
321 2021 413 2045 num
458 2021 607 2047 vacuus
652 2010 763 2048 locus
804 2018 841 2047 et
881 2014 990 2048 tutus
1028 2012 1092 2051 sit,
1132 2023 1202 2047 nec
1234 2015 1324 2046 ante
1357 2023 1470 2059 quam
1503 2005 1582 2048 hoc

113 2078 350 2127 compererit
387 2080 540 2114 ceteros
580 2078 774 2116 evocabit.
834 2090 917 2127 uos,
964 2078 1196 2121 Pleusicles,
1234 2078 1280 2116 cf.
1322 2078 1440 2115 Poen.
1483 2078 1577 2116 603.

112 2144 199 2183 Ter.
233 2144 390 2182 Phorm.
427 2146 519 2182 545.
566 2145 644 2183 Cic.
678 2147 726 2184 ad
746 2146 852 2184 Fam.
871 2146 977 2190 XIV,
1012 2150 1032 2185 5
1067 2152 1188 2185 extr:
1227 2146 1340 2193 „Vos‚
1375 2160 1461 2184 mea
1493 2160 1581 2184 sua-

112 2214 272 2251 vissima
310 2213 513 2259 Terentia,
555 2218 690 2252 curate
729 2219 774 2252 ut
813 2214 1022 2253 valeatis“.
1085 2216 1201 2265 Verg.
1241 2216 1332 2253 AEn.
1373 2214 1442 2262 IX,
1477 2216 1577 2254 525:

117 2281 231 2329 „V0s‚
272 2295 295 2319 o
334 2281 524 2331 Calliope,
564 2282 746 2332 precor“.
789 2297 877 2321 ann.
911 2284 960 2320 ad
994 2284 1108 2334 Epid.
1146 2285 1240 2322 399.
1271 2304 1326 2310 —-
1361 2285 1452 2322 598.
1484 2284 1583 2322 sient

113 2350 160 2388 A.
208 2369 261 2375 —
308 2351 401 2388 599.
455 2349 670 2389 Concilium
710 2352 812 2399 quod
847 2365 920 2402 pro
964 2353 1154 2399 „concilio
1192 2350 1340 2402 qu0d“,
1380 2353 1579 2398 attractio,

114 2418 193 2456 vid.
236 2418 285 2455 ad
325 2418 467 2469 Amph.
513 2420 632 2457 1002.
673 2439 727 2445 —
767 2421 862 2459 600.
911 2421 1019 2460 Unde
1050 2451 1058 2459 .
1079 2451 1115 2459 ..
1147 2433 1196 2460 ne
1225 2422 1324 2469 quis,
1358 2421 1406 2458 cf.
1438 2420 1580 2458 Horat.

116 2484 195 2524 Sat.
227 2485 277 2532 II,
309 2487 342 2532 l,
368 2487 440 2524 37:
479 2500 583 2536 „quo
608 2501 655 2524 ne
681 2501 753 2538 per
779 2501 942 2526 vacuum
968 2488 1144 2527 Romano
1168 2491 1389 2527 incurreret
1413 2485 1579 2527 hostis“.

117 2552 232 2592 Plura
265 2554 371 2604 apud
402 2553 530 2592 Hand.
564 2555 618 2592 IV
650 2569 687 2605 p.
723 2557 788 2594 36.
821 2575 876 2582 —
913 2557 1078 2596 Versum
1112 2563 1248 2608 aperte
1279 2558 1474 2607 spurium,
1514 2557 1582 2607 qui

114 2621 156 2659 in
186 2621 283 2660 Pau.
324 2621 437 2660 codd.
477 2625 671 2673 sequitur,
711 2638 787 2662 non
820 2625 941 2663 babet
971 2627 1017 2663 A.
1079 2626 1155 2664 Sed
1186 2639 1264 2663 non
1296 2626 1425 2663 minus
1457 2625 1582 2675 spurii

64 2684 70 2688 ’
115 2688 301 2728 videntur
338 2690 416 2728 duo
454 2693 638 2741 proximi.
701 2692 746 2730 R.
787 2694 828 2730 in
860 2693 921 2731 ed.
954 2707 1019 2731 eos
1050 2699 1142 2744 post
1175 2696 1254 2732 605
1287 2695 1420 2744 posuit
1450 2695 1510 2731 ita
1538 2697 1584 2730 ut

67 2791 77 2811 ς
115 2768 188 2807 pro
218 2757 324 2797 Nam
357 2756 459 2805 „Et“
495 2760 688 2798 scriberet
719 2765 759 2798 et
789 2773 863 2811 pro
893 2762 988 2799 mihi
1029 2760 1150 2809 „tibi“
1185 2775 1271 2800 cum
1303 2762 1505 2809 Acidalio;
1543 2763 1584 2799 in

60 2828 82 2877 ζ’
115 2826 227 2876 poeoef.
260 2826 384 2865 Stichi
414 2840 453 2877 p.
485 2827 618 2866 XVIII
650 2829 710 2866 his
743 2831 907 2867 retentis
939 2843 1002 2868 vv.
1038 2832 1201 2869 604—5
1236 2831 1450 2868 damnavit.
1498 2829 1582 2867 Hoc

63 2901 89 2914 '⁴
1316 2906 1378 2939 17⁶
