1963 3243
686 204 725 238 V.
753 206 945 239 766—801.
1474 211 1547 249 271

95 353 149 361 -
177 334 289 381 aequi
328 333 485 377 Lama,
519 338 562 370 ut
594 333 711 383 vulgo
745 334 893 371 dicitur
928 335 1069 383 „aequi
1103 334 1276 383 bonique
1309 333 1477 371 facere“.
1515 354 1561 360 —

98 403 192 440 785.
232 404 478 449 qemestrwsa,
521 402 567 438 cf.
609 401 686 437 Cic.
730 401 870 439 Parad.
916 401 980 447 VI,
1025 403 1060 441 Ρ»,
1102 402 1175 439 49:
1226 402 1375 445 „Venio
1409 404 1484 439 iam
1517 404 1564 440 ad

97 476 367 520 sumptuosos3
416 469 597 519 relinquo
647 477 763 507 nstum
812 474 1122 519 quaestnosm1'*.
1183 490 1238 496 -
1301 471 1393 508 786.
1439 473 1569 518 sapiat

90 540 239 589 pectus,
271 537 318 575 cf.
352 537 492 574 Bacch.
528 539 619 576 657.
655 538 764 575 Trin.
798 539 863 576 91.
897 558 951 564 —
981 550 1074 575 nam
1106 539 1165 576 ed.
1199 552 1258 588 pr.
1291 558 1343 563 —
1379 539 1565 575 Mulieres

98 620 164 646 eor
203 620 278 644 uon
323 605 489 646 habere.
529 606 699 643 affirmat
738 608 857 643 etiam
899 606 996 644 Cist.
1037 607 1112 644 64:
1161 613 1293 656 „quod
1333 620 1459 656 neque
1492 619 1565 654 ego

97 675 221 714 habeo
268 688 392 723 neque
438 675 644 723 quisquam
693 675 769 711 alia
818 674 970 721 mulier,
1016 678 1060 711 ut
1097 676 1310 724 perhibent
1342 674 1469 721 uiri“;
1517 676 1565 712 cf.

99 743 215 782 Most.
264 744 328 780 83.
379 762 430 767 —
479 744 571 779 787.
618 742 806 788 Lautam,
862 744 886 780 i.
936 757 966 778 e.
1016 743 1195 784 divitem,
1252 745 1324 789 vis,
1372 757 1420 780 an
1467 756 1565 790 eam,

100 825 185 862 quoe
251 811 422 849 nondum
493 824 534 847 se
603 816 756 860 quaestu
828 811 1051 849 meretricio
1113 810 1448 862 locupletaverit?
1517 811 1565 849 cf.

99 880 184 919 Ter.
216 880 357 917 Heaut.
392 880 486 916 798.
524 879 691 926 „Omnes
730 883 770 917 te
810 881 849 916 in
888 879 1000 917 lauta
1039 893 1125 918 esse
1167 884 1205 917 et
1247 881 1347 917 bene
1379 883 1494 917 aucta
1525 893 1566 916 re

98 946 280 1001 putant“.
342 947 420 986 Cic.
464 947 573 985 Verr.
614 948 644 995 Ι,
686 950 721 993 6,
760 949 830 985 17:
869 948 1070 989 ..homines
1102 949 1202 986 lauti
1234 954 1273 986 et
1303 945 1485 986 urbani“.
1519 948 1568 985 ad

99 1017 205 1056 Fam.
246 1016 329 1061 VII,
377 1017 436 1062 14,
486 1017 524 1053 l:
574 1016 712 1062 ..valde
752 1017 828 1053 iam
861 1016 994 1053 lautus
1028 1030 1081 1065 es,
1114 1020 1182 1066 qui
1214 1030 1380 1066 gravere
1412 1017 1568 1054 litteras

101 1087 150 1124 ad
182 1099 239 1122 me
271 1085 407 1122 dare“.
441 1103 494 1109 —·
527 1083 734 1122 Palaestrio
767 1098 844 1122 non
882 1084 957 1122 hoc
995 1089 1120 1130 curat,
1163 1085 1229 1122 sed
1261 1092 1305 1122 ut
1336 1085 1568 1122 adulescens

101 1156 165 1199 sit,
195 1155 297 1192 sicco
329 1159 363 1190 et
396 1158 526 1190 tamen
545 1153 680 1191 sucido
706 1165 886 1202 corpore⁷
909 1166 987 1203 quo
1007 1153 1162 1191 facilius
1191 1159 1404 1191 amatorem
1422 1154 1567 1203 capiat.

103 1222 167 1260 R.:
210 1223 389 1267 ..siccam,
431 1227 473 1258 at
512 1219 739 1269 sucidam“;
782 1221 912 1258 Latini
949 1220 1067 1267 „sed“
1104 1222 1298 1268 dicerent3
1331 1236 1399 1259 nec
1432 1223 1568 1270 utique

103 1293 302 1329 contraria
328 1290 408 1326 haec
435 1295 540 1327 sunt.
589 1289 648 1326 Ad
674 1303 828 1327 sensum
856 1291 902 1327 cf.
922 1290 1013 1327 Ter.
1034 1290 1131 1327 Eun.
1153 1291 1252 1327 318:
1277 1290 1420 1337 „Color
1438 1303 1568 1335 uerus,
1592 1328 1594 1332 ,

104 1372 246 1409 corpus
277 1358 446 1395 solidum
479 1365 518 1395 et.
549 1361 629 1395 suci
663 1356 864 1408 plenum“.
913 1358 1183 1396 Ribb.Goetz.
1203 1372 1287 1396 cum
1312 1358 1446 1396 codd.:
1481 1357 1570 1406 „Sic

104 1426 392 1466 oonsucidan1‘⁴.
415 1446 461 1452 —
485 1427 578 1464 788.
611 1438 801 1474 quamque
832 1428 888 1463 ed.
910 1440 969 1477 pr.
988 1446 1042 1452 —-
1062 1428 1153 1465 789.
1187 1429 1422 1466 meretricem
1452 1428 1497 1464 A.
1519 1445 1567 1451 —-

106 1498 198 1535 790.
232 1496 324 1533 Post
359 1499 392 1533 te
422 1496 556 1533 hiatur
588 1497 624 1532 in
659 1496 830 1533 diaeresi.
863 1515 916 1520 —
957 1495 1052 1533 791.
1084 1507 1129 1534 ex
1159 1499 1429 1534 matronarum
1459 1495 1570 1532 modo

103 1567 149 1603 A.
184 1585 228 1590 —·
269 1566 363 1603 792.
398 1566 523 1602 crines
554 1571 591 1601 et
622 1566 742 1602 uittae
773 1569 1042 1602 matronarum
1082 1566 1264 1614 insignia,
1300 1578 1335 1602 V.
1369 1564 1417 1601 ad
1451 1564 1568 1601 Most.

105 1635 198 1672 221.
231 1653 284 1659 —-
318 1635 410 1671 793.
447 1634 570 1670 Tuam
603 1635 634 1670 A
682 1653 735 1658 —
766 1645 863 1676 erro,
897 1634 921 1670 i.
954 1647 987 1671 e.
1020 1636 1164 1677 nescio,
1195 1635 1348 1681 dubito,
1376 1633 1422 1670 cf.
1449 1632 1569 1669 Merc.

107 1704 184 1741 343
236 1700 413 1749 „error“.
457 1721 512 1727 —
553 1703 645 1740 794.
685 1702 751 1740 sed
786 1702 878 1740 haee
914 1703 947 1739 A
987 1707 1089 1740 test-e
1129 1702 1264 1750 Stud.;
1306 1702 1434 1739 Locw.
1482 1714 1572 1750 „po-

106 1769 257 1809 steaec“
302 1772 468 1821 legebat.
531 1770 629 1808 Post
665 1770 724 1808 illc·
759 1770 904 1808 hiatur.
965 1770 1125 1808 Goetza
1178 1767 1470 1815 ,.ancillulast“.
1517 1789 1572 1794 --

105 1841 225 1888 prime
262 1839 489 1886 Salmasius,
529 1840 577 1877 cf.
617 1839 767 1877 Charis.
808 1839 846 1876 II
886 1852 924 1888 p.
962 1841 1052 1885 188,
1086 1842 1154 1889 qui
1188 1853 1234 1876 ex
1266 1839 1401 1877 Naevio
1434 1837 1571 1875 affert:

111 1909 465 1954 „Acontizomenos
498 1909 630 1945 fabula
663 1912 723 1945 est
754 1909 880 1957 prime
912 1906 1077 1957 proba“.
1141 1908 1203 1944 ΒΓ.
1242 1907 1468 1957 ‚,adprime‘⁴
1506 1919 1572 1943 vo-

106 1977 193 2014 luit.
229 1997 274 2002 —
312 1978 406 2014 795.
432 1978 649 2025 praece'piw
680 1976 911 2014 Saracenus.
947 1996 993 2001 -
1031 1978 1126 2014 797.
1151 1975 1355 2024 Quasique,
1375 1975 1573 2011 sententia

107 2045 252 2095 pendet
296 2059 317 2082 a
359 2046 567 2092 „simulet⁴·
612 2049 764 2082 mutata
802 2049 1015 2090 structura.
1048 2065 1104 2069 —
1138 2045 1300 2091 „faueae
1331 2041 1448 2081 suae“
1485 2042 1573 2080 Sca-

107 2113 208 2163 liger
238 2127 332 2160 em.;
362 2113 539 2158 faueolae
571 2113 692 2162 Bugg.
727 2113 826 2150 Phil.
859 2112 973 2150 XXX
1005 2127 1042 2163 p.
1079 2114 1172 2151 643.
1221 2113 1395 2151 Glossar.
1428 2112 1572 2160 antiq.:

111 2182 249 2230 „sanes
287 2182 471 2228 παιδίσκη,
503 2183 638 2219 fauens
678 2180 804 2224 παῖς“.
867 2182 979 2228 Quod
1020 2181 1183 2219 additur
1226 2178 1426 2228 „ancillae“
1469 2179 1572 2228 glos-

107 2263 214 2288 sema
258 2256 330 2288 est.
377 2270 431 2275 —
480 2251 574 2288 798.
614 2251 649 2287 ez·
687 2251 776 2288 add.
821 2250 865 2288 R.
909 2271 962 2275 —
1007 2251 1086 2288 799
1128 2264 1186 2300 sq.
1228 2249 1292 2287 R.:
1332 2248 1412 2294 „Ne
1445 2250 1497 2285 mi
1531 2252 1575 2284 ut

107 2320 227 2357 surdo
265 2319 432 2357 uerbera
473 2320 592 2356 auris.
626 2318 704 2356 PA.
738 2317 904 2368 Egomet
935 2323 1045 2355 recta
1077 2321 1220 2355 semita
1253 2317 1313 2355 Ad
1347 2329 1434 2353 eum
1465 2312 1573 2353 ibo“.

109 2386 288 2436 Seyffert.
321 2387 461 2425 Philol.
494 2387 628 2424 XXIX
658 2401 696 2437 p.
731 2387 830 2424 398:
898 2387 978 2433 „Ne
1012 2400 1072 2424 me
1110 2387 1272 2424 surdum
1312 2397 1418 2432 rere3
1451 2384 1576 2422 habeo

111 2457 229 2502 auris,
269 2455 468 2505 audioque
510 2468 582 2504 ego
622 2460 726 2492 recte
767 2453 847 2493 eis“
884 2456 972 2493 coll.
1007 2457 1100 2502 360,
1133 2451 1237 2492 unde'
1269 2466 1341 2502 ego
1372 2455 1411 2490 in
1443 2454 1576 2502 priore

110 2523 192 2561 ed.:
255 2523 338 2571 „Ne
377 2537 436 2561 me
476 2523 638 2561 surdum
678 2537 777 2569 rere,
822 2525 1010 2562 auriculis
1043 2525 1162 2562 audio
1195 2537 1268 2573 ego
1302 2526 1406 2559 recte
1437 2518 1575 2558 meis“.

110 2591 185 2630 Sed
229 2597 438 2642 postquam
487 2594 527 2629 in
573 2594 605 2629 A
646 2593 803 2630 initium
849 2605 985 2629 versus
1023 2593 1166 2630 lectum
1206 2596 1277 2632 est.
1319 2592 1386 2639 qui
1424 2603 1446 2626 a
1484 2594 1575 2627 cett.

111 2660 222 2698 oodd.
270 2661 392 2708 abest,
431 2660 547 2710 Seyff.
588 2674 633 2697 ea
671 2661 854 2709 coniecit,
897 2674 983 2710 quae
1024 2661 1100 2698 iam
1139 2673 1224 2696 cum
1265 2658 1430 2696 Goetzio
1471 2670 1575 2695 rece-

111 2729 252 2778 pimus.
313 2749 368 2755 —
429 2730 524 2767 801.
584 2729 639 2766 Ec·
703 2728 904 2779 supplevit
964 2728 1094 2777 Seyff„
1170 2739 1195 2765 α
1254 2727 1374 2771 Cam..
1454 2722 1573 2775 „aps“

112 2795 287 2835 Studem.
334 2817 389 2822 —
436 2799 529 2836 801.
585 2797 635 2836 Ut
677 2807 755 2835 sese
801 2797 854 2834 ad
896 2798 958 2844 A„
1004 2799 1029 2834 i.
1077 2810 1109 2832 e.
1157 2798 1204 2841 ei,
1253 2795 1300 2832 cf.
1344 2808 1382 2832 v.
1428 2795 1491 2832 12.
1525 2812 1573 2819 —
