1963 3243
98 150 160 193 lv,
185 151 216 192 2,
242 150 377 184 62—72
687 147 792 182 Miles
817 147 1010 192 gloriosus.
1503 148 1557 185 89

99 276 207 319 Nam
241 277 324 317 nisi
357 281 403 317 tu
436 275 497 316 illi
532 275 615 316 fers
647 275 884 328 suppetias,
928 274 1012 315 iam
1046 272 1119 314 illa
1150 273 1340 313 animum
1375 273 1557 325 despon-

1186 344 1316 385 debit.

100 422 200 474 Age.
234 421 289 461 mi
324 419 528 464 Achilles,
561 418 638 460 fiat
669 418 782 472 quod
818 424 859 459 te
892 431 988 468 oro3
1031 429 1158 459 serua
1189 415 1323 465 illam,
1366 416 1558 469 pulcram

1183 488 1344 542 pulcer.
1474 499 1560 532 1050

670 593 983 635 Palaestrio

101 667 311 722 Exprome
330 668 560 720 benignum
581 682 631 709 ex
650 672 690 708 te
710 667 943 719 ingenium,
971 665 1189 718 urbicape,
1208 665 1378 706 occisor
1394 677 1556 716 regum.

603 780 1052 834 Pyrgopolinices

100 853 163 896 Eu
194 853 336 896 hercle
369 853 543 895 odiosas
576 853 666 894 res!
715 852 924 902 Quotiens
963 852 1045 894 hoc
1082 852 1182 901 tibi,
1228 851 1432 899 uerbem,
1480 863 1557 903 ego

1183 923 1400 971 interdixi,

99 997 236 1039 Meam
271 1012 322 1039 ne
354 998 416 1038 sic
447 997 576 1051 uolgo
611 998 904 1052 pollicitarere
937 1011 1126 1051 operam.

670 1113 799 1155 Pala
811 1113 978 1155 estrio

1109 1169 1249 1211 Audin
1282 1173 1341 1219 tu,
1373 1167 1557 1210 mulier?

99 1241 195 1283 Dixi
228 1241 309 1283 hoc
340 1242 420 1284 tibi
454 1242 614 1284 dudum
642 1249 683 1285 et
709 1257 822 1285 nunc
848 1243 964 1284 dico:
997 1243 1079 1284 nisi
1103 1241 1200 1283 huic
1225 1242 1336 1283 uerri
1362 1240 1557 1282 adfertur

1186 1327 1359 1362 merces,

98 1385 193 1427 Non
247 1386 315 1429 hic
367 1401 445 1429 suo
510 1389 690 1430 seminio
753 1401 1015 1443 quemquam
1076 1386 1328 1441 porculeam
1379 1385 1558 1440 inperti-

1183 1465 1340 1501 turust.
1474 1470 1560 1503 1055

642 1541 1016 1595 Milphidippa

100 1609 285 1653 Dabitur
315 1617 526 1666 quantum
558 1614 680 1667 ipsus
712 1614 826 1667 preti
852 1618 1013 1667 poscet.

675 1728 984 1770 Palaestrio

574 1800 802 1843 Talentum
832 1800 1049 1855 Philippei
1079 1799 1180 1841 huic
1211 1813 1320 1852 opus
1353 1799 1446 1840 auri
1479 1802 1558 1839 est.

101 1868 242 1912 Minus
273 1871 328 1913 ab
360 1873 528 1914 nemine
561 1874 760 1927 accipiet.

644 1988 1037 2042 Milphidippa'

755 2060 817 2102 Eu
848 2066 1021 2103 ecastor
1051 2060 1180 2102 nimis
1211 2059 1341 2100 uilest
1371 2057 1559 2099 tandem.

604 2175 1054 2229 Pyrgopolinices

102 2243 196 2286 Non
221 2244 323 2286 mihi
342 2248 530 2289 auaritia
547 2261 750 2301 umquam
767 2250 982 2299 innatast;
1010 2248 1116 2289 satis
1135 2246 1274 2288 habeo
1293 2246 1557 2287 diuitiarum.

102 2316 203 2359 Plus
235 2318 339 2360 mihi
371 2321 465 2361 auri
498 2320 614 2362 mille
647 2327 713 2362 est
746 2321 985 2362 modiorum
1019 2319 1243 2374 Philippei.

194 2492 282 2525 1049
296 2490 492 2534 despondit
513 2491 549 2524 B
611 2493 698 2526 1050
712 2491 855 2525 achillis
869 2490 905 2525 B
976 2501 1081 2525 soror
1095 2490 1131 2525 B
1202 2488 1391 2533 pulchram
1407 2487 1561 2532 pulchre

106 2548 191 2582 1051
217 2548 279 2582 nbi
294 2558 385 2592 cape
398 2547 445 2589 B,
472 2549 718 2592 iniuirbicape
747 2547 776 2583 G
845 2549 932 2583 1052
956 2549 1035 2583 Heu
1061 2548 1106 2589 B,
1135 2549 1186 2581 lssu
1214 2541 1252 2580 0'
1311 2547 1398 2580 1053
1423 2557 1470 2579 ne
1495 2555 1550 2579 om

102 2602 139 2638 Β
207 2605 414 2649 pollicitare
439 2605 485 2642 B.
512 2606 738 2650 polliciteres
764 2605 792 2640 0
863 2607 950 2640 1054
974 2609 1150 2640 ueri-eant
1174 2605 1234 2638 uel
1259 2607 1299 2638 tu
1323 2602 1370 2643 B,
1398 2604 1562 2638 uerriant

102 2659 220 2696 fertur
245 2661 273 2696 Ο
347 2663 481 2697 mercis
509 2660 542 2695 B
617 2663 702 2697 1055
726 2663 916 2708 proculem
989 2663 1206 2708 inpertitust
1231 2660 1267 2695 B
1340 2662 1426 2696 1056
1448 2662 1562 2705 ipsius

104 2719 251 2763 pretiist
274 2718 311 2754 B
403 2719 623 2764 philippium
710 2722 794 2754 1057
819 2721 958 2756 nemini
985 2719 1020 2754 B
1090 2731 1183 2754 neue
1209 2723 1333 2752 castor
1357 2717 1393 2752 B
1478 2719 1563 2752 1058

105 2780 214 2812 natae
237 2776 273 2810 B
369 2778 455 2811 1059
480 2777 579 2811 mille
604 2787 669 2811 om.
696 2777 730 2811 B
821 2777 983 2811 mosidiu
1006 2776 1042 2812 B
1135 2776 1289 2821 philippi
