1963 3243
312 165 390 205 168
970 163 1094 198 Plauti
1525 164 1571 209 ΙΙ,
1596 169 1628 207 4,
1651 136 1785 202 8-154
1838 190 1842 194 -
1882 173 1894 203 ἶ

899 288 1174 342 Eutychus

1641 363 1761 407 Scio:
1804 379 1818 389 ·

1858 421 1883 438 ’ὀ

307 430 462 473 Omnia
493 446 571 485 ego
602 432 742 474 istaec
773 431 1020 474 auscultaui
1050 431 1105 474 ab
1137 434 1270 485 osti03
1305 447 1473 476 omnem
1504 449 1596 476 rem
1628 436 1730 478 scio.

903 544 1176 588 Charinus

310 615 422 666 Quid
453 616 498 659 id
529 621 608 668 est,
639 617 754 671 quod
787 617 900 659 scis?

901 696 1176 751 Eutychus

784 768 902 811 Tuus
934 774 1060 823 pater
1091 770 1186 812 uolt
1216 770 1402 812 uendere

909 881 1175 924 Charinus

1205 956 1382 998 Omnem
1414 972 1505 1009 rem
1535 963 1670 1003 tenes.
1700 971 1768 1005 470

900 1034 1177 1089 Eutychus

309 1107 445 1150 Tuam
477 1107 662 1149 amicam

911 1186 1177 1230 Charinus

716 1259 907 1301 Nimium
938 1260 1123 1302 multum
1155 1261 1255 1302 scis.

900 1373 936 1415 E
945 1388 973 1416 u
983 1379 1002 1415 t
1009 1388 1035 1428 y
1044 1387 1067 1415 c
1079 1374 1108 1416 h
1119 1389 1147 1416 u
1157 1389 1177 1416 s
1443 1421 1445 1423 ,

1264 1448 1369 1491 Tuis
1399 1450 1613 1503 ingratiis.

910 1525 942 1568 G
953 1526 982 1568 h
993 1540 1020 1568 a
1028 1527 1110 1568 rin
1120 1541 1149 1568 u
1160 1542 1179 1569 s
1445 1516 1448 1520 ⁴

309 1599 563 1640 Plurumum
587 1603 636 1640 tu
661 1600 757 1641 scis.
807 1598 890 1641 Sed
916 1599 989 1652 qui
1015 1599 1099 1641 scis
1125 1613 1220 1641 esse
1247 1601 1430 1643 amicam
1453 1601 1575 1644 illam
1600 1616 1738 1645 meam
1749 1603 1770 1645 ⁶?

902 1714 937 1756 E
947 1727 975 1754 u
985 1719 1004 1755 t
1012 1728 1038 1767 y
1049 1727 1072 1755 c
1081 1713 1110 1754 h
1118 1729 1146 1756 ιι
1161 1728 1180 1756 s

309 1785 423 1844 Tute
450 1785 544 1828 heri
574 1787 693 1840 ipsus
723 1786 830 1828 mihi
861 1787 1065 1829 narrasti.

911 1899 1179 1943 Charinus

1126 1973 1252 2017 Satin
1282 1980 1330 2016 ut
1361 1975 1523 2018 oblitus
1554 1975 1628 2027 fui,

310 2045 408 2087 Tibi
439 2059 506 2087 me
537 2047 820 2089 narrauisse‘?

905 2142 939 2183 E
950 2157 978 2184 u
987 2146 1005 2184 t
1013 2157 1040 2197 y
1050 2155 1073 2184 c
1082 2142 1111 2184 h
1124 2158 1150 2184 u
1161 2157 1180 2184 s

820 2215 950 2256 Haud
982 2215 1138 2257 mirum
1168 2215 1389 2258 factumst.

913 2327 1180 2372 Charinus

1341 2402 1399 2445 Te
1431 2416 1546 2445 nunc
1578 2402 1769 2445 consulo.

314 2473 555 2525 Responde,
589 2487 674 2527 quo
699 2474 785 2516 leto
810 2487 960 2516 censes
985 2489 1051 2516 me
1078 2481 1126 2516 ut
1151 2489 1327 2528 peream
1353 2475 1673 2530 potissumum?
1703 2485 1771 2520 4¹75

401 2623 468 2657 469
494 2621 602 2657 Omni
627 2621 664 2657 B
755 2622 827 2657 iste
851 2621 882 2657 0
968 2624 1035 2657 471
1061 2624 1158 2658 tueis
1184 2623 1376 2667 ingratieis
1391 2622 1423 2656 A
1516 2623 1583 2657 472
1598 2622 1692 2657 sceis
1705 2621 1772 2657 sed

314 2679 399 2723 quei
427 2680 522 2714 sceis
548 2691 669 2715 meam
697 2691 776 2715 esse
802 2680 957 2714 amicam
984 2681 1085 2714 illam
1111 2682 1144 2714 A
1259 2681 1326 2714 473
1352 2680 1550 2714 narrauisti
1578 2681 1624 2723 A,
1652 2690 1719 2715 om.
1746 2678 1776 2715 Ο

406 2736 534 2770 statim
561 2735 586 2770 C
681 2739 749 2772 474
773 2737 892 2772 hauA
986 2739 1052 2772 475
1078 2748 1150 2782 quo
1175 2737 1280 2771 uolet
1305 2747 1481 2771 occenses
1501 2735 1545 2775 B.
1572 2747 1645 2782 quo
1669 2736 1770 2771 loeto

314 2803 443 2827 censes
469 2792 506 2828 G„
