1963 3243
835 270 875 303 v.
901 273 1021 304 9—12».
1588 278 1667 317 297

181 397 280 435 colle
318 398 454 435 acclivi
491 400 623 448 posita
663 398 865 436 subitariis
904 401 1091 447 gradibus
1133 401 1404 443 muniebatur,
1451 416 1497 439 eo
1539 412 1666 440 tannen

178 470 336 503 servato
369 466 526 513 ordine,
570 469 614 503 ut
644 467 820 516 proxima
851 480 1015 517 quaeque
1047 469 1274 518 spectacula
1305 469 1596 508 honestioribus
1629 476 1669 509 et

177 533 499 584 locupletioribus
536 538 809 581 servarentur,
857 550 891 573 v.
932 536 981 574 ad
1019 536 1131 586 Capt.
1174 537 1236 574 15.
1297 536 1392 574 Inde
1430 538 1478 575 ab
1519 553 1553 576 a.
1591 541 1666 578 194

175 606 354 640 senatum
391 603 569 640 novimus
607 618 628 640 a
666 603 812 653 populo
853 604 1004 654 reliquo
1043 608 1235 642 secretum
1273 610 1491 655 spectasse3
1539 611 1669 645 cetera

175 684 254 720 quo
285 674 461 721 tempore
493 684 656 720 quaeque
688 671 870 709 ordinata
901 673 997 719 sint,
1037 675 1281 721 ignoramus,
1320 687 1390 711 nec
1429 674 1543 712 huius
1575 690 1665 726 pro-

173 738 251 788 logi
285 742 463 789 tempore
494 753 659 789 prorsus
691 744 800 778 certa
833 742 933 778 ratio
965 744 1032 778 aut
1064 741 1245 779 instituta
1277 746 1346 780 aut
1375 746 1531 780 servata
1562 744 1666 782 vide-

172 810 250 844 tur.
312 806 372 844 Ita
402 807 486 845 fieri
517 810 667 858 potu-it,
706 813 750 846 ut
780 808 963 846 scortum
995 805 1197 847 eoeoletum
1227 811 1330 847 inter
1361 812 1510 860 primos
1540 812 1666 849 locum

171 879 395 925 occuparet,
430 876 521 913 dum
554 889 641 914 eum
675 873 795 915 lictor
826 878 909 914 eius
940 879 1208 925 magistratus,
1244 880 1311 928 qui
1342 878 1455 917 ludos
1486 879 1664 926 faciebat,

171 944 347 981 convicio
378 947 418 981 et
448 945 646 994 virgarum
678 950 782 982 metu
815 945 1041 996 expelleret.
1111 956 1162 983 ne
1192 944 1304 995 quod
1333 948 1470 997 scripsi
1502 961 1587 985 cum
1619 948 1664 986 R.

171 1011 329 1061 Parerg.
360 1024 398 1061 p.
432 1013 532 1060 2103
578 1013 778 1051 Acidalius
820 1012 955 1063 „quis“
998 1015 1055 1051 ita
1093 1014 1346 1063 defendebat,
1385 1020 1434 1060 ut.
1470 1020 1665 1063 „scortum

0 1070 20 1095 ³
170 1078 388 1119 exoletum“
430 1094 504 1131 pro
542 1083 723 1130 genetivo
767 1082 934 1132 pluralis
981 1081 1163 1130 haberet,
1210 1083 1278 1121 sed
1323 1083 1397 1122 hoc
1442 1097 1516 1134 pro
1557 1089 1663 1123 certo

0 1127 26 1190 Ξ
166 1161 311 1199 genere
342 1150 435 1199 poni
467 1163 546 1187 non
577 1153 721 1200 potest.
779 1151 902 1201 Gepp.
920 1151 1042 1188 male:
1079 1150 1258 1201 ‚,quasi“.
1290 1172 1345 1177 —-
1379 1148 1662 1201 Proscenium‚

0 1196 19 1253 '5'
167 1217 193 1255 i.
227 1230 260 1255 e.
293 1218 402 1255 locus
447 1222 537 1256 ante
583 1232 755 1266 scenam,
804 1219 922 1267 vulgo
968 1219 1112 1256 dicitur
1157 1227 1382 1269 suggestum
1429 1221 1663 1260 histrionum

0 1263 21 1334 ζ
166 1286 270 1324 actui
309 1285 570 1332 destinatum,
611 1287 831 1337 pulpitum,
871 1289 1028 1337 λογεῖον,
1068 1292 1111 1324 ut
1142 1290 1282 1339 Amph.
1317 1290 1388 1335 91,
1436 1290 1504 1326 sed
1543 1304 1661 1340 quum

0 1339 17 1403 ᾖ
164 1354 227 1392 hic
257 1354 366 1392 locus
397 1357 516 1393 etiam
549 1365 670 1393 scena
701 1354 868 1401 dicatur,
902 1359 946 1392 ut
978 1355 1077 1393 infra
1108 1370 1143 1394 v.
1169 1358 1234 1404 20,
1267 1356 1311 1393 fit
1341 1361 1385 1394 ut
1416 1361 1662 1408 proscenium

0 1410 12 1492 ’ξ’
166 1423 321 1461 dicatur
351 1436 437 1473 quae
468 1427 558 1461 ante
590 1424 690 1461 hunc
720 1437 872 1461 scenam
905 1427 1014 1471 sunt,
1054 1425 1078 1460 i.
1111 1439 1142 1461 e.
1176 1426 1399 1474 spectacula
1431 1431 1499 1464 aut
1530 1429 1662 1465 omnia

0 1528 6 1547 ι
165 1496 234 1530 aut
270 1493 421 1542 prima,
467 1505 553 1541 quae
600 1491 847 1530 senatoribus
893 1497 931 1529 et
970 1493 1128 1529 omnino
1174 1493 1433 1531 nobilioribus
1480 1509 1661 1533 concessa

0 1552 20 1614 Ι(
164 1564 294 1608 erant;
326 1560 381 1597 ibi
412 1565 541 1598 scorta
575 1561 730 1598 exoleta
760 1559 895 1597 sedere
927 1560 1115 1610 prologus
1146 1574 1223 1598 non
1255 1563 1418 1611 patitur.
1488 1563 1546 1600 De
1576 1567 1660 1601 tota

163 1641 279 1666 cavea
323 1629 458 1678 posuit
495 1628 705 1666 Suetonius
744 1628 834 1665 Ner.
884 1630 932 1666 12
976 1632 1015 1666 et
1055 1629 1126 1676 26,
1179 1629 1246 1666 ubi
1287 1629 1482 1668 Neronem
1525 1636 1661 1670 narrat

0 1667 19 1736 ε
160 1696 359 1734 interdum
401 1710 421 1734 e
461 1698 656 1746 proscenii
698 1696 855 1744 fastigio
893 1700 961 1734 aut
1002 1710 1049 1734 ex
1086 1700 1200 1746 parte
1231 1700 1424 1748 proscenii
1456 1702 1658 1750 superiore

0 1737 12 1802 i
161 1765 275 1803 ludos
319 1768 536 1816 spectasse3
583 1766 701 1802 etiam
741 1764 980 1803 Claudianus
1018 1765 1124 1802 laud.
1157 1765 1241 1803 Stil.
1274 1766 1330 1814 II,
1364 1768 1465 1805 403:
1515 1768 1656 1816 „Pom-

0 1802 18 1839 ἶ
160 1834 301 1884 peiana
332 1833 485 1871 dabunt
515 1836 685 1883 quantos
715 1834 919 1883 proscenia
951 1831 1153 1884 plausus“.
1215 1834 1272 1872 De
1300 1835 1386 1873 Liv.
1414 1835 1497 1877 XL.
1533 1838 1598 1883 51,
1635 1840 1656 1875 3

0 1855 18 1951 ξ
160 1905 200 1939 et
230 1901 350 1940 Orell.
381 1901 502 1939 Iuscr.
537 1899 623 1938 Lat.
660 1901 785 1939 3303:
838 1901 1062 1948 „theatrum
1103 1908 1142 1939 et
1180 1901 1453 1952 proscenium“
1488 1904 1655 1942 forsitan

0 1958 19 2024 ξ
159 1970 333 2008 dubitari
362 1970 497 2019 possit,
529 1969 596 2007 sed
627 1982 777 2007 omnem
810 1969 1100 2008 dubitationem
1131 1971 1238 2008 tollit
1262 1971 1405 2009 titulus
1431 1971 1657 2011 patarensis

0 2028 20 2070 if
160 2038 201 2076 C.
227 2038 256 2076 Ι.
282 2038 327 2076 G.
353 2039 483 2084 4283,
522 2037 589 2075 ubi
621 2037 841 2075 celebratur
873 2038 1012 2075 mulier
1043 2051 1128 2088 quae
1160 2039 1314 2085 ἀνέθηκε
1344 2039 1404 2076 καὶ
1434 2043 1658 2090 καθιέρωσεν

0 2074 22 2154 ξ
159 2107 199 2143 τό
228 2121 264 2142 τε
295 2107 512 2156 προσκήνιον
640 2106 699 2142 καὶ
728 2107 788 2151 τὴν
819 2108 880 2143 τοῦ
918 2108 1061 2157 λογείου
1100 2109 1326 2153 κατασκευήν.
1396 2108 1656 2147 Benndorfius

0 2157 17 2253 ἱ
158 2174 274 2212 huius
304 2175 380 2212 loci
415 2175 704 2212 enarrationem
739 2188 785 2212 ex
817 2175 1069 2225 Alciphronis
1101 2190 1160 2226 ep.
1192 2176 1243 2226 ΙΙ,
1275 2178 1313 2224 4,
1349 2180 1370 2215 5
1403 2177 1556 2226 petivit,
1588 2178 1657 2216 ubi

0 2279 9 2299 b
158 2242 325 2292 Glycera
348 2243 395 2280 de
413 2242 651 2280 Menandro:
688 2243 756 2287 ἥτις
781 2238 874 2291 αὐτῷ
896 2244 952 2279 καῖ
979 2244 1022 2279 τὰ
1047 2248 1260 2293 προσωπεῖα
1285 2246 1504 2288 διασκευάζω
1521 2246 1579 2282 καὶ
1595 2247 1656 2288 τὰς

0 2306 14 2352 ἱ
157 2312 316 2356 ἐσθῆτας
355 2311 483 2354 sardam,
522 2311 586 2347 κάν
618 2314 689 2352 τοῖς
727 2313 957 2360 προσκηνιόις
988 2312 1116 2358 ἕστηκα
1154 2314 1235 2355 τοὺς
1275 2314 1467 2355 δακτύλους
1506 2315 1655 2362 ἐμαυτῆς

0 2365 17 2415 l*
158 2380 328 2423 πιέζουσα
360 2379 419 2415 καὶ
448 2380 646 2428 τρέμουσα,
688 2379 751 2421 ἕως
790 2381 832 2415 ἂν
873 2382 1064 2429 moral-lag]
1104 2383 1143 2417 τὸ
1177 2383 1351 2431 θέατρον,
1396 2382 1459 2419 hio
1497 2396 1655 2433 quoque

0 2435 14 2475 ἱ·
154 2447 340 2486 mulieres
379 2447 602 2495 intelligens
641 2447 875 2485 histrionum
919 2449 1062 2486 amicas
1102 2453 1193 2499 post
1232 2462 1385 2487 scenam
1432 2456 1652 2498 versantes3

0 2502 17 2560 5³
156 2515 226 2553 sed
249 2515 354 2565 apud
378 2515 555 2565 Alciphr.
600 2515 822 2553 Meinekius
847 2520 952 2554 recte
975 2520 1234 2566 παρασκηνίοις
1256 2519 1459 2567 scripsisse
1482 2518 1652 2557 videtur.

158 2603 210 2608 —
248 2584 310 2620 18.
342 2578 515 2621 uerbum
544 2580 752 2630 muniant,
786 2583 955 2621 cf.Men.
975 2585 1076 2622 698:
1114 2585 1304 2632 „Muttire
1334 2586 1498 2624 uerbum
1530 2600 1651 2625 unum

0 2638 16 2691 i
157 2650 278 2688 audes
317 2654 385 2688 aut
423 2664 573 2688 mecum
613 2649 776 2700 loqui?“
838 2651 1030 2702 Prologus
1070 2654 1175 2702 quod
1214 2653 1286 2691 hoc
1317 2658 1448 2702 vetat,
1494 2668 1572 2693 non
1603 2655 1650 2693 li—

157 2719 295 2756 centiae
326 2719 442 2766 favet,
473 2719 543 2757 sed
575 2720 810 2757 coercitione
841 2732 939 2769 opus
972 2733 1054 2758 esse
1085 2734 1162 2759 non
1194 2721 1289 2761 vult.
1363 2718 1512 2772 uiryae
1549 2727 1651 2762 mut—

155 2787 231 2823 tire
269 2787 459 2825 translate
497 2787 693 2825 dicuntur.
737 2807 791 2811 —-
841 2789 903 2825 19.
943 2785 1223 2837 (Ιὶδεςὶφιαΐω5
1270 2791 1336 2840 qui
1367 2803 1479 2828 suum
1511 2792 1651 2842 cuique

155 2853 284 2892 locum
321 2854 577 2902 ostendebat;
623 2856 664 2892 in
702 2854 822 2892 titulo
861 2854 1034 2893 Romano
1073 2857 1114 2894 C.
1148 2857 1176 2894 Ι.
1212 2857 1254 2895 L.
1289 2857 1358 2904 vl,
1410 2859 1426 2895 l
1469 2871 1506 2896 n.
1543 2861 1647 2897 1074
