1963 3243
722 216 761 249 V.
789 218 968 252 349—399
1505 220 1584 259 329

127 349 282 399 passive
312 348 437 386 Amm.
470 348 592 386 Marc.
625 346 746 394 XXV,
781 349 816 394 8,
856 349 915 385 12.
950 346 1133 395 XXVIII,
1158 349 1195 395 4,
1222 347 1286 384 24.
1306 367 1357 371 —
1378 346 1582 384 382—84.

127 417 368 466 Ambagibue
406 418 534 455 utitur
572 430 702 463 senex,
742 430 789 453 ue
828 416 952 459 filius,
992 416 1087 464 quid
1127 416 1241 457 velit.
1280 416 1513 465 perspiciat,
1547 420 1585 451 ‹et

126 485 235 535 prius
275 484 352 522 alia
389 485 438 522 ad
478 499 559 523 rem
596 498 673 522 non
712 485 950 534 pertinentia
989 484 1151 535 profert,
1193 496 1308 533 quam
1347 484 1470 532 ipsam
1504 496 1583 519 rem

126 553 368 601 aggreditur.
403 554 447 592 R.
473 553 546 591 hoc
562 566 640 591 non
658 553 856 591 intellecto
874 553 945 590 hos
969 565 1105 590 versus
1130 556 1220 601 post
1246 553 1324 590 367
1344 552 1490 602 posuit,
1515 551 1582 588 sed

126 621 239 659 simul
270 623 424 672 spurios
456 635 540 660 esse
571 623 797 671 putavit-et
827 634 910 659 voe.
944 622 1017 660 Sed
1041 636 1076 659 v.
1106 621 1184 659 385
1217 625 1358 671 postea
1389 620 1584 657 adiectum

125 691 344 740 suspicatus
376 694 446 728 est.
468 710 514 715 —
542 691 689 738 Usquin
723 689 781 737 R„
806 691 852 728 cf.
887 690 1002 728 Most.
1037 691 1131 727 440.
1150 709 1203 714 —
1227 692 1284 731 ut.
1313 704 1345 726 v.
1375 689 1423 725 ad
1442 688 1581 738 Amph.

128 758 219 796 325.
252 757 410 796 Trucul.
453 758 544 796 570.
579 778 634 783 —
667 760 759 797 385.
793 758 866 796 Sed
903 759 997 806 quid
1035 760 1110 803 ais,
1151 772 1187 795 v.
1228 758 1277 795 ad
1309 756 1448 806 Amph.
1489 757 1583 793 414.

125 826 226 864 infra
259 828 350 864 508.
386 829 477 866 555.
508 846 564 852 —
596 828 688 864 386.
723 831 765 865 ul
793 828 959 875 w'detur,
999 827 1045 864 cf.
1080 827 1128 864 ad
1161 827 1254 865 348.
1288 845 1335 851 —
1373 826 1465 863 388.
1499 826 1584 861 item

125 895 213 933 add.
247 895 369 945 Bugg.
404 895 560 933 Tidskr.
594 895 618 933 f.
652 896 795 934 Philol.
830 895 881 933 VI
912 909 951 946 p.
985 897 1006 933 6
1040 901 1079 933 et
1109 895 1224 944 Seyff.
1259 895 1402 932 Philol.
1434 893 1582 932 XXVII

124 976 161 1014 p.
193 964 288 1002 454.
349 963 414 1002 R.:
451 965 573 1011 „Mihi
605 977 762 1014 quoque
794 966 848 1001 ita
880 962 988 1015 pol“.
1022 984 1078 990 —
1108 964 1194 1002 Eleo
1226 976 1288 1010 an,
1321 976 1356 999 v.
1390 962 1438 1000 ad
1466 963 1581 999 Most.

128 1032 218 1070 173.
250 1051 304 1057 —
338 1033 430 1070 390.
470 1034 562 1081 quia
601 1034 699 1070 enim
740 1044 818 1070 non
857 1029 945 1081 (aut
989 1035 1107 1083 „quia
1137 1028 1313 1081 noenu“)
1345 1031 1405 1078 R.,
1453 1031 1498 1068 cf.
1533 1030 1582 1067 ad

123 1099 263 1150 Amph.
298 1101 390 1139 659.
425 1121 478 1126 -
507 1113 585 1139 mm
615 1102 781 1149 (liquam,
814 1115 892 1139 non
923 1103 1227 1139 convenientem.
1261 1121 1311 1126 --
1346 1101 1438 1138 392.
1471 1099 1584 1136 Hunc

123 1182 277 1207 versum
309 1169 481 1207 Lucilius
512 1170 617 1220 apud
648 1169 814 1207 Nonium
847 1183 885 1220 p.
921 1171 997 1208 271
1034 1175 1072 1207 et
1098 1184 1135 1220 p.
1162 1171 1242 1208 420
1269 1169 1449 1207 laudasse
1476 1167 1582 1204 vide-

123 1242 200 1286 tur,
224 1252 260 1276 v.
281 1238 373 1276 Luc.
393 1239 527 1277 Muell.
547 1252 584 1288 p.
607 1238 699 1276 255.
747 1238 823 1276 Sed
859 1238 1070 1288 „pensum“
1107 1253 1177 1277 nec
1208 1239 1244 1276 h.
1279 1238 1303 1276 l.
1336 1251 1472 1275 verum
1498 1250 1582 1274 esse

123 1311 254 1358 potest
285 1321 354 1344 nec
386 1309 479 1354 410,
513 1309 696 1357 quoniam
730 1321 884 1358 semper
916 1308 964 1345 de
996 1307 1166 1345 lanificio
1203 1296 1368 1348 dicitur,
1410 1307 1435 1344 i.
1469 1320 1501 1344 e.
1535 1306 1582 1343 de

124 1389 243 1427 opera
274 1377 337 1413 vel
366 1376 621 1414 nobilissimis
653 1376 808 1414 feminis
839 1380 931 1426 apta
963 1389 1033 1413 nec
1064 1376 1111 1413 ab
1143 1375 1214 1413 hac
1245 1375 1410 1412 muliere
1441 1376 1582 1426 aliena,

122 1459 158 1483 v.
193 1445 284 1491 512,
317 1445 379 1482 hic
411 1449 541 1482 autem
573 1458 671 1494 opus
702 1445 921 1494 requiritur
952 1444 1051 1481 alius
1083 1445 1252 1491 generis,
1278 1443 1514 1481 laboriosum
1543 1446 1582 1480 et

120 1526 244 1564 prope
288 1513 506 1552 sordidum.
581 1513 704 1551 Immo
750 1518 794 1550 ut
839 1513 894 1550 ibi
941 1517 1046 1550 recte
1092 1512 1297 1550 Scutarius
1347 1510 1577 1562 „pinsetur“

122 1580 343 1620 emendavit
357 1595 430 1633 pro
451 1580 702 1632 „pensetur“‚
721 1584 777 1619 ita
794 1581 854 1619 hic
871 1595 1028 1631 quoque
1053 1586 1159 1618 recte
1177 1581 1391 1630 Vissering.
1434 1581 1579 1628 Quaest.

121 1649 250 1688 Plaut.
283 1664 320 1701 p.
358 1652 434 1690 105
460 1652 621 1698 pinsum
654 1645 829 1697 coniecit,
869 1651 1047 1699 quamvis
1078 1650 1160 1687 haec
1190 1651 1317 1687 forma
1347 1650 1451 1700 apud
1485 1650 1581 1687 alios

121 1719 332 1769 scriptores
376 1732 455 1757 non
500 1723 710 1769 appareat,
757 1732 847 1756 nam
892 1719 995 1769 apud
1044 1718 1195 1757 Vitruv.
1236 1718 1320 1765 VII,
1364 1720 1397 1756 1.
1441 1721 1461 1757 3
1504 1721 1581 1756 iam

125 1785 319 1838 „pistum“
354 1788 498 1825 editur.
545 1787 642 1824 Cum
674 1787 995 1838 molendi-opere
1026 1787 1207 1837 pinsendi
1238 1800 1337 1836 opus
1364 1792 1456 1838 apte
1481 1800 1581 1824 com-

121 1858 292 1908 ponitur,
325 1870 359 1894 ν.
380 1856 569 1907 Pompon.
603 1871 638 1894 v.
676 1857 773 1893 188:
811 1855 960 1903 „Quom
986 1857 1144 1893 interim
1170 1869 1295 1905 neque
1322 1857 1434 1894 malis
1460 1857 1580 1893 molui

121 1939 246 1976 neque
276 1926 421 1976 palatis
451 1923 622 1975 pinsui“.
653 1943 711 1949 —-
743 1925 834 1962 393.
875 1923 978 1972 Quae
1007 1925 1151 1962 habeat.
1186 1925 1291 1973 Pyl.:
1329 1923 1580 1974 „Quaeque“,

121 1994 187 2033 R:
222 1992 523 2042 „Praehibeat“,
562 1998 702 2030 neutro
735 2006 847 2043 opus.
883 2013 930 2017 —
968 1994 1060 2031 394.
1093 1993 1254 2031 nihilum
1288 1994 1510 2041 quidquam,
1545 2008 1578 2030 v.

121 2063 169 2101 ad
198 2064 304 2102 Asin.
340 2064 430 2101 145.
464 2083 517 2088 —
548 2063 768 2107 admodum.
805 2074 979 2111 prorsus,
1021 2075 1054 2099 v.
1089 2062 1138 2099 ad
1168 2062 1309 2099 Bacch.
1343 2062 1437 2100 833.
1500 2061 1575 2099 Cic.

121 2130 230 2170 Orat.
261 2132 310 2178 II,
345 2134 381 2179 2,
415 2133 451 2170 8.
512 2131 623 2168 Brut.
657 2131 694 2178 9,
728 2132 791 2168 35.
826 2130 890 2178 58,
926 2130 1018 2167 210.
1054 2149 1102 2154 ——
1139 2131 1232 2168 395.
1268 2130 1329 2168 Ea
1359 2142 1480 2169 eausa

116 2211 247 2247 quam,
281 2201 325 2238 cf.
357 2200 519 2250 Madvig
549 2200 599 2237 ad
630 2198 708 2237 Cic.
742 2198 825 2236 Fin.
858 2198 927 2245 ΙΙΙ,
965 2199 1026 2246 16,
1060 2200 1124 2237 53.
1187 2198 1271 2236 Non
1304 2212 1390 2248 quae
1422 2200 1578 2237 familiae

121 2281 218 2319 opus
256 2269 420 2316 faceret,
468 2268 537 2307 sed
576 2280 662 2318 quae
702 2268 821 2304 matri
859 2267 932 2304 soli
971 2269 1160 2314 serviret,
1208 2281 1248 2304 se
1290 2269 1428 2305 emisse
1467 2267 1576 2305 dicit.

119 2336 210 2375 Eaec
253 2342 366 2388 pater
411 2338 469 2374 ita
499 2338 664 2386 accipit,
712 2336 824 2385 quasi
863 2336 1076 2373 concedere
1118 2337 1300 2387 incipiat,
1347 2349 1386 2372 se
1425 2349 1575 2374 servam

119 2417 256 2455 parum
301 2411 435 2457 aptam
481 2405 702 2451 advexisse,
750 2405 885 2454 itaque
931 2408 1141 2454 postquam
1189 2403 1360 2453 vetando
1406 2406 1577 2442 orationi

121 2474 367 2512 antecedenti
398 2472 516 2512 finein
546 2473 650 2520 fecit,
684 2485 815 2510 secum
847 2473 1006 2510 laetatur
1037 2486 1200 2523 sperans
1231 2473 1353 2510 filium
1385 2474 1459 2509 iam
1493 2486 1574 2510 ces-

121 2555 254 2581 surum
305 2556 402 2581 esse.
493 2541 622 2579 Verba
666 2541 721 2579 Dc'
764 2553 820 2579 me
864 2542 1075 2589 ademtam&
1130 2541 1341 2586 Labefacto
1379 2542 1574 2589 paulatim

120 2612 221 2648 senis
259 2624 341 2649 esse
379 2611 578 2648 intellexit
617 2609 800 2660 Spengel.
835 2609 962 2647 Plaut.
996 2623 1035 2660 p.
1071 2610 1141 2657 263
1174 2609 1286 2648 codd.
1320 2611 1421 2646 inter
1451 2608 1574 2647 filium

120 2683 160 2716 et
189 2684 339 2729 patrem
373 2679 569 2716 dividunt.
631 2677 691 2715 Ex
728 2677 905 2715 evanidis
935 2679 1140 2728 scripturae
1171 2680 1203 2714 A
1235 2678 1411 2726 vestigiis
1443 2677 1571 2715 Loew.

122 2745 254 2785 Goetz.
291 2750 487 2798 putarunt
522 2747 578 2784 ibi
618 2759 802 2784 versuum
841 2746 919 2784 395
961 2750 1001 2783 et
1043 2747 1120 2784 396
1162 2745 1339 2783 ordinem
1378 2746 1573 2782 inversum

121 2826 216 2854 esse.
248 2835 302 2842 —-
342 2815 435 2853 396.
475 2815 589 2861 duae,
630 2827 663 2852 v.
703 2813 753 2850 ad
792 2813 881 2851 Aul.
923 2814 1024 2860 2313
1063 2813 1182 2862 vulgo
1227 2811 1381 2860 „duis“.
1414 2833 1467 2838 —
1498 2824 1574 2851 neu
