1963 3243
0 0 163 141 Ρ

181 277 212 323 1,
241 280 270 322 1,
299 279 432 313 17-80
830 278 1026 314 Poenulus.
1590 282 1668 321 117

731 403 1115 458 Ayorastocles

183 476 227 519 Si
257 475 338 518 tibi
368 475 518 517 lubido
550 479 616 517 est
646 480 722 516 aut
752 475 982 530 uoluptati,
1013 476 1118 517 sino.
1607 486 1670 520 145

185 546 408 602 Suspende
438 548 556 589 uinci
586 546 784 597 uerbera,
816 550 969 588 auctor
1000 561 1104 596 sum,
1137 547 1242 588 sino.

811 625 1044 677 Milphio

184 697 227 741 Si
259 698 566 740 auctoritatem
600 702 752 751 postea
783 696 1014 749 defugeris.

184 769 268 813 Ubi
299 769 535 812 dissolutus
567 774 615 811 tu
647 770 744 818 sies,
778 783 854 822 ego
888 769 1108 823 pendeam.

733 848 1122 902 Ayorastocles

185 921 330 975 Egone
362 922 477 963 istuc
509 922 648 963 ausim
678 920 819 963 facere
850 921 1106 975 praesertim
1137 919 1246 961 tibi?

186 993 296 1044 Quin
328 994 363 1034 si
394 993 512 1035 feriri
544 993 672 1035 uideo
703 998 759 1043 te,
793 992 1006 1046 extemplo
1040 990 1169 1033 dolet.
1610 1003 1674 1036 150

814 1072 1046 1124 Milphio

185 1144 290 1188 Mihi
323 1144 497 1199 quidem
526 1144 683 1186 hercle.

742 1223 1118 1277 Ayorastocles

785 1295 920 1338 Immo
953 1295 1069 1336 mihi.

814 1387 874 1428 M
879 1388 892 1428 i
905 1387 1016 1438 lplm'
1026 1400 1048 1427 o

1142 1457 1258 1499 Istuc
1289 1457 1504 1499 mauelim.

189 1530 272 1573 Sed
304 1530 407 1585 quid
438 1544 552 1572 nunc
581 1530 662 1572 tibi
693 1531 789 1572 uis?

739 1609 1119 1663 Ayorastocles

856 1681 941 1723 Cur
973 1695 1050 1735 ego
1083 1681 1197 1736 apud
1228 1685 1270 1723 te
1302 1679 1516 1722 mentiar?

189 1740 295 1781 Amo
326 1738 579 1781 inmodeste.
783 1740 785 1743 ⁴

817 1810 1050 1862 Milphio

664 1881 784 1924 Meae
816 1884 930 1924 istuc
960 1882 1163 1936 scapulae
1196 1881 1402 1924 sentiunt.

744 1961 1120 2015 Ayorastocles

189 2031 244 2072 At
274 2044 352 2084 ego
384 2031 495 2074 hanc
527 2034 712 2074 uicinam
745 2033 840 2076 dico
873 2033 1184 2087 Adelphasium
1214 2046 1366 2083 meam,

187 2101 373 2144 Lenonis
405 2103 534 2145 huius
566 2106 835 2147 meretricem
869 2105 1160 2147 majusculam.
1611 2113 1676 2147 155

825 2184 1051 2236 Milphio

188 2252 278 2295 Iam
313 2254 481 2308 pridem
514 2256 710 2309 equidem
742 2257 856 2298 istuc
888 2270 938 2298 ex
969 2261 1011 2297 te
1044 2256 1204 2297 audiui.

738 2336 1122 2389 Ayorastocles

1328 2389 1513 2432 Differor

189 2459 398 2516 Cupidine
433 2464 537 2505 eius.
599 2463 682 2506 Sed
712 2465 864 2506 lenone
896 2466 1007 2506 istoc
1038 2464 1165 2518 Lyco,

187 2532 308 2576 Illius
341 2534 528 2584 domino,
561 2550 646 2578 non
677 2536 816 2578 lutum
848 2541 914 2577 est
945 2535 1218 2578 lutulentius.

280 2682 343 2715 146
367 2681 527 2716 herbera
550 2680 587 2716 B
682 2684 745 2716 147
770 2687 921 2727 postera
1017 2683 1080 2717 149
1105 2681 1199 2716 istac
1224 2678 1260 2715 Β
1352 2679 1464 2724 ῇεετῦ
1489 2677 1519 2714 G
1613 2679 1675 2714 151

187 2736 300 2771 immo
326 2738 423 2772 istuc
449 2736 528 2781 (om.
555 2737 663 2780 mihi)
691 2738 719 2773 C
832 2739 896 2772 152
922 2749 1010 2782 ergo
1035 2737 1071 2772 Β
1190 2737 1254 2770 154
1277 2735 1336 2770 Ad
1360 2734 1397 2770 B
1514 2737 1577 2771 155
1601 2747 1678 2771 ma-

187 2793 367 2828 lusculum
391 2793 436 2836 Β,
461 2794 666 2829 masculum
694 2794 721 2830 C
814 2796 878 2829 156
904 2806 961 2828 me
987 2794 1134 2838 quidem
1160 2793 1196 2828 Β
1299 2794 1363 2827 157
1387 2793 1458 2827 lico
1485 2791 1514 2828 G
1611 2793 1676 2827 158

189 2849 288 2885 domi
315 2850 347 2887 0
