1963 3243
766 209 807 243 V.
837 211 955 245 1—58.
1526 217 1606 255 225

117 340 141 378 i.
173 352 205 377 e.
238 339 366 378 solito.
399 358 454 364 —
487 338 550 376 25.
585 333 762 388 Sibylla,
803 351 890 375 nam
929 338 1168 376 divinatione
1207 352 1304 389 opus
1336 341 1422 378 erit.
1456 360 1508 366 —
1543 343 1606 379 26.

117 406 255 444 Hiatus
286 408 325 444 in
357 419 514 444 caesura.
576 405 653 443 Pro
685 402 814 443 alium·
847 405 908 443 ΒΓ.
943 407 1042 444 Ann.
1078 407 1170 455 phil.
1197 406 1298 444 CXV
1330 420 1367 456 p.
1401 409 1477 445 327
1515 423 1606 454 „na-

114 471 221 512 tum“
264 475 400 512 voluit.
446 493 498 499 —
538 474 603 511 27.
636 469 920 521 inclementer,
967 475 1012 512 cf.
1047 474 1095 511 ad
1134 474 1277 524 Amph.
1315 476 1405 512 735.
1449 495 1497 500 —
1544 478 1606 514 29.

115 551 219 591 quas
248 543 293 588 A,
327 543 374 579 cf.
408 541 456 578 ad
480 541 621 590 Amph.
650 543 741 579 559.
777 542 914 579 Bacch.
943 544 1034 580 271.
1079 542 1197 580 Most.
1225 544 1318 581 643.
1361 543 1461 581 infra
1491 545 1607 581 1132.

115 609 200 647 Non
231 609 397 647 hominis
427 609 606 646 manibus
637 608 703 646 sed
737 609 890 656 gullinae
922 611 1076 659 ungulis
1109 611 1262 648 litteras
1294 613 1461 660 scriptas
1486 612 1609 649 videri

115 677 220 715 dicit.
263 697 310 703 —
354 679 418 715 31.
462 673 594 715 Irmno
632 673 759 724 enim,
809 677 854 714 cf.
889 677 975 715 Ter.
1010 678 1130 715 Andr.
1175 679 1267 715 823.
1317 679 1471 716 phorm.
1517 681 1608 716 338.

115 746 255 795 saepius
291 747 432 792 „immo
463 742 705 790 enimuero“‚
738 748 781 782 ut
812 744 923 794 Capt.
945 747 1037 787 603.
1069 759 1104 784 v.
1133 745 1222 783 Lor.
1250 746 1297 783 ad
1333 748 1425 784 852.
1458 766 1513 772 —-
1546 748 1608 784 32.

114 814 308 860 Animum,
341 826 455 863 quem
488 814 620 850 abesse
654 812 819 860 dixerat,
852 827 987 851 servus
1019 827 1106 851 eum
1140 811 1279 862 citare,
1313 816 1337 851 i.
1357 828 1389 851 e.
1417 814 1610 852 advocare

116 881 234 918 iubet.
296 880 524 931 Respondet
562 881 600 918 in
631 880 786 918 tabellis
819 882 951 919 amicae
983 895 1087 928 esse3
1134 882 1224 919 inde
1257 884 1367 920 citari
1399 895 1524 933 posse.
1558 903 1611 907 —

117 950 181 988 33.
215 945 338 987 istinc
369 950 413 995 A,
446 963 482 987 v.
516 948 639 998 Gepp.
674 948 784 986 Stud.
817 949 852 986 11
884 962 920 998 p.
957 952 1019 987 55.
1058 969 1103 974 —
1151 951 1214 988 36.
1248 947 1289 988 z'n
1324 946 1487 989 tabellis
1510 961 1610 999 por-

115 1017 278 1064 rectam,
312 1029 451 1054 nomen
481 1017 670 1066 scriptum
703 1017 902 1064 intelligit,
936 1032 971 1055 v.
991 1019 1055 1054 41.
1088 1038 1140 1042 —
1165 1013 1342 1056 calcabat
1371 1019 1415 1066 A,
1451 1032 1485 1055 v.
1507 1018 1608 1056 Lo'w.

114 1105 169 1110 —
203 1087 266 1124 37.
307 1085 343 1124 te
375 1082 420 1123 di
451 1082 629 1134 deaeque
661 1086 918 1134 quantumst,
966 1100 1016 1123 sc.
1051 1086 1235 1135 perdant..
1281 1088 1327 1124 cf.
1362 1086 1480 1124 Most.
1516 1088 1609 1124 454.

118 1154 220 1191 infra
252 1154 344 1191 841.
379 1166 469 1190 ann.
503 1153 550 1189 ad
583 1153 670 1191 Aul.
707 1155 799 1191 778.
869 1154 944 1191 Sed
976 1166 1114 1191 servus
1146 1154 1354 1192 maledicto
1386 1156 1610 1204 interrupto

114 1223 354 1259 contrarium
386 1221 612 1259 substituit:
647 1217 915 1265 Seruasse'm‘.
948 1222 995 1259 cf.
1029 1221 1112 1259 Cas.
1149 1223 1241 1260 301.
1277 1242 1330 1247 —
1373 1223 1436 1260 38.
1484 1219 1613 1272 Quasi

114 1302 150 1327 v.
176 1289 228 1327 ad
260 1289 344 1327 Mil.
371 1290 462 1327 392.
496 1289 612 1326 Poen.
649 1290 740 1328 240.
780 1290 899 1327 1296.
957 1290 1081 1327 Breve
1113 1294 1267 1339 tempus
1299 1304 1338 1328 se
1370 1292 1513 1329 vixisse
1542 1292 1609 1337 ait,

114 1369 192 1394 non
229 1357 344 1394 aliter
385 1370 498 1406 quam
541 1357 700 1395 herbam
732 1358 930 1395 solstitiali
962 1362 1140 1407 tempore
1172 1365 1323 1404 natam,
1364 1372 1477 1408 quam
1519 1359 1612 1396 solis

115 1425 234 1462 ardor
264 1425 372 1462 brevi
404 1424 591 1463 conficere
623 1426 758 1462 soleat.
794 1445 841 1451 —
884 1427 951 1463 40.
983 1422 1100 1475 Eryo
1134 1423 1255 1475 quin,
1299 1427 1417 1473 „alibi
1460 1440 1612 1477 semper

115 1492 217 1539 Quin
248 1490 393 1543 ergo‘?“
430 1492 532 1540 Lor.‚
568 1494 613 1531 cf.
649 1493 804 1530 Kienitz
837 1493 883 1530 de
920 1495 1116 1543 particula
1148 1497 1242 1543 quin
1274 1507 1311 1543 p.
1346 1495 1369 1531 4
1402 1507 1458 1543 sq.

230 1562 295 1599 42.
313 1557 414 1606 ‘Per
444 1571 580 1599 ceram
612 1561 649 1598 et
679 1557 823 1607 limem,
858 1563 881 1598 i.
910 1574 941 1598 e.
968 1574 1038 1610 per
1061 1562 1227 1599 tabellas
1253 1562 1488 1611 obsignatas,
1522 1575 1609 1599 nam

116 1629 196 1666 lino
228 1629 506 1677 obligabantur
537 1633 628 1666 ante
661 1641 775 1678 quam
809 1629 1077 1679 signabantur,
1116 1643 1152 1667 v.
1186 1629 1233 1667 ad
1267 1630 1402 1667 Bacch.
1440 1631 1529 1676 712,
1564 1631 1610 1668 of.

117 1698 262 1735 Auson.
295 1697 422 1748 Epist.
459 1698 522 1744 22,
564 1698 630 1747 qui
664 1697 764 1734 huuc
796 1710 950 1734 versum
983 1697 1107 1734 affert.
1192 1697 1373 1735 Muretus
1410 1697 1607 1747 ‚‚lignum··'

105 1766 254 1812 ·voluit‚
301 1770 346 1803 ut
391 1770 511 1803 esset:
565 1779 659 1815 „per
704 1770 854 1802 ceratas
899 1763 1106 1811 tabellas“‚
1160 1765 1276 1814 idque
1324 1767 1612 1804 commendavit

119 1833 328 1881 Kiessling.
376 1833 476 1871 Mus.
516 1833 590 1870 Rh.
639 1832 772 1870 XXIII
817 1846 855 1882 p.
900 1834 1000 1874 412.
1054 1835 1268 1883 praesertim
1316 1847 1436 1882 quum
1481 1849 1515 1871 v.
1558 1835 1610 1870 47

122 1902 276 1951 „lignea
315 1900 443 1940 salus“
486 1901 719 1938 tabellarum
762 1902 933 1947 dicatur,
967 1906 1003 1938 et
1037 1903 1182 1950 recepit
1211 1901 1374 1938 Lorenz.
1400 1921 1455 1926 -
1487 1899 1611 1938 inter-

109 1969 263 2018 pretes,
305 1983 356 2007 sc.
389 1971 592 2007 sententiae
632 1971 727 2006 eius.
770 1989 825 1994 —
864 1971 928 2007 43.
971 1966 1143 2017 ‘inpertit
1173 1970 1216 2016 A,
1252 1984 1285 2007 v.
1319 1968 1493 2006 Studem.
1528 1969 1610 2006 Ind.

118 2035 336 2087 Gryphisw.
373 2038 589 2075 1870—71
617 2051 655 2087 p.
688 2039 748 2074 15.
811 2032 940 2075 Salus·
973 2038 1182 2086 dupliciter
1214 2036 1370 2082 dicitur,
1404 2036 1451 2074 de
1482 2036 1611 2074 verbis

119 2110 158 2142 et
187 2105 235 2142 de
266 2119 320 2143 re.
361 2125 415 2130 —
452 2106 518 2143 44.
558 2101 757 2143 titubanti
796 2106 910 2141 etiam
953 2106 985 2141 A
1032 2110 1131 2142 teste
1170 2104 1364 2150 Studem.;
1411 2104 1542 2142 hiatur
1574 2106 1611 2142 in

118 2185 283 2220 caesura3
330 2172 574 2223 significatur
612 2177 740 2210 autem
774 2175 944 2210 incertus
977 2177 1013 2209 et
1041 2173 1190 2210 consilii
1215 2174 1330 2222 inops
1363 2174 1524 2211 animus.
1559 2192 1612 2197 —

120 2241 156 2279 et
185 2242 287 2278 inter
318 2242 394 2279 duo
432 2242 655 2291 posteriora
685 2242 859 2278 trinomii
899 2241 1092 2288 membra,
1141 2254 1175 2277 v.
1209 2240 1257 2277 ad
1289 2242 1397 2278 Asin.
1434 2241 1525 2278 564.
1557 2260 1612 2265 —

121 2310 185 2347 51.
209 2318 396 2359 Ρενθῃνθ,
430 2313 473 2346 ut
498 2311 536 2346 in
561 2310 760 2358 regionem
787 2310 1038 2358 peregrinam
1055 2308 1246 2346 abducar..
1292 2304 1540 2345 Macedonio
1558 2309 1610 2354 A3

120 2375 275 2415 Lo'wius
330 2377 482 2414 confert
537 2377 627 2414 347.
678 2377 770 2414 620.
824 2378 940 2414 1095.
994 2378 1110 2414 1155.
1171 2377 1288 2414 1165.
1340 2395 1387 2400 —
1443 2377 1507 2414 53.
1555 2372 1613 2414 Et

122 2441 337 2483 ..ualuit
367 2445 412 2482 A.
441 2464 496 2469 —
529 2446 591 2482 54.
624 2454 740 2489 unae,
775 2445 879 2489 solae,
912 2457 946 2481 v.
967 2445 1014 2480 ad
1041 2443 1178 2481 Bacch.
1199 2444 1290 2481 827.
1336 2443 1610 2489 remorantur,

122 2525 267 2550 moram
299 2513 449 2550 faciunt
480 2526 527 2549 ne
559 2511 741 2549 abducar.
774 2531 818 2536 —
856 2514 919 2549 55.
953 2506 1195 2560 symbolwn.
1230 2525 1263 2547 v.
1284 2511 1332 2548 ad
1357 2511 1497 2549 Bacch.
1519 2512 1610 2549 260.

119 2599 176 2605 —
194 2581 258 2618 56.
283 2576 517 2630 imayinem,
544 2581 590 2616 cf.
611 2581 703 2617 991.
730 2581 845 2616 1003.
866 2599 920 2604 —
939 2580 1002 2616 58.
1035 2575 1226 2624 mitteret,
1254 2592 1304 2616 sc.
1332 2579 1440 2625 leno3
1473 2577 1510 2616 ei
1539 2591 1612 2629 pro

122 2647 272 2685 duabus
303 2648 464 2697 syllabis
495 2647 828 2697 pronuntiandum
863 2644 914 2694 (v.
935 2646 1086 2694 Proleg.
1121 2659 1157 2696 p.
1188 2646 1297 2692 216),
1329 2643 1389 2683 rei
1419 2658 1490 2695 pro
1522 2659 1609 2693 una,

121 2717 153 2753 si
183 2717 382 2766 scriptura
412 2729 528 2761 sana;
577 2715 723 2764 Saupp.
756 2727 792 2763 p.
826 2716 871 2751 4:
915 2714 1033 2761 „Cum
1066 2727 1110 2752 eo
1142 2715 1273 2751 simitu
1306 2712 1525 2751 mitterer“.
1559 2734 1612 2738 —

123 2784 187 2822 59.
226 2783 319 2821 Dies
355 2784 532 2834 pecuniae
563 2782 758 2820 solvendae
791 2787 828 2819 et
859 2782 998 2831 puellae
1033 2781 1267 2819 abducendae
1299 2782 1524 2832 praestituta
1555 2786 1613 2819 est

1301 2857 1341 2890 15
