1963 3243
0 0 187 120 W

0 2098 23 2238 κλμ.
3 1923 21 2060 ,Αυλμ

111 252 141 297 Ι,
167 255 198 293 2,
224 253 358 287 64-75
752 248 962 286 Pseudolus.
1552 255 1600 293 19

111 377 204 420 Nisi
235 378 434 419 carnaria
465 377 550 418 tria
580 376 764 429 grauida
795 375 1018 429 tegoribus
1052 390 1179 418 onere
1211 376 1334 417 uberi
1365 375 1493 418 hodie

112 449 217 492 Mihi
249 455 387 499 erunt,
420 462 516 490 cras
547 453 602 499 te,
636 448 759 502 quasi
790 447 965 489 Dircam
999 447 1113 497 olim,
1144 453 1192 490 ut
1223 454 1483 492 memorant.
1517 448 1599 489 duo

1129 521 1248 572 gnati
1283 520 1398 561 Iouis

112 593 353 635 Deuinxere
378 592 432 633 ad
457 598 643 643 taurum,
674 593 777 633 item
803 605 880 644 ego
906 597 947 633 te
973 591 1226 644 distringam
1255 591 1308 633 ad
1334 592 1599 635 carnarium:

113 664 160 707 Id
191 664 269 706 tibi
303 664 499 719 profecto
532 670 682 705 taurus
713 662 801 705 fiet.

712 753 1000 796 Calidorus

635 825 773 867 Nimis
806 840 1004 868 sermone
1037 825 1166 868 huius
1197 827 1260 866 ira
1292 825 1509 867 incendor.
1536 837 1597 870 201

703 909 1009 951 Pseudolus

112 982 305 1024 Huncine
336 981 404 1023 hic
434 981 652 1022 hominem
684 982 776 1035 pati

112 1054 259 1097 Colere
291 1055 559 1095 iuuentutem
593 1053 813 1095 Atticam?

111 1127 194 1170 Ubi
227 1132 338 1175 sunt,
370 1125 444 1167 ubi
475 1125 616 1166 latent
648 1125 806 1180 quibus
839 1131 958 1167 aetas
990 1126 1159 1178 integra
1184 1132 1261 1172 est,
1296 1127 1368 1180 qui
1400 1130 1546 1167 amant
1577 1140 1602 1167 a

1128 1197 1322 1255 lenone?-

111 1272 222 1323 Quin
255 1269 545 1312 conueniunt?
578 1270 681 1323 quin
714 1284 801 1310 una
832 1284 976 1311 omnes
1001 1275 1122 1324 peste
1148 1270 1229 1311 hac
1254 1269 1460 1324 populum
1487 1269 1601 1311 hunc

1127 1342 1347 1384 liberant?
1536 1353 1601 1386 205

112 1413 195 1457 Sed
226 1415 352 1456 nimis
385 1428 475 1456 sum
510 1413 684 1464 stultus,
716 1414 844 1455 nimis
875 1413 936 1455 fui
1010 1404 1015 1408 ⁴

109 1486 334 1537 Indoctus3
366 1485 482 1527 illine
516 1486 710 1527 audeant
740 1486 783 1527 id
816 1485 971 1536 facere,
1005 1487 1161 1541 quibus
1192 1491 1240 1528 ut
1273 1487 1467 1528 seruiant

113 1558 225 1600 Suus
265 1572 388 1600 amor
418 1557 443 1605 ἦ·
467 1559 602 1611 cogit3
635 1558 761 1599 simul
795 1558 1042 1612 prohibebit
1072 1558 1237 1600 faciant
1263 1558 1496 1599 aduorsum
1528 1571 1600 1599 eos

1113 1631 1243 1684 ‘quod
1276 1630 1427 1671 solent.

717 1701 1000 1744 Calidorus

109 1759 232 1802 Tace.

701 1830 1004 1873 Pseudolus

222 1903 331 1954 Quid
365 1903 460 1946 est?

709 1959 998 2001 Calidorus

430 2032 542 2074 Male
574 2032 681 2074 facis
714 2031 830 2080 mihi,
865 2045 989 2084 quom
1024 2032 1210 2073 sermoni
1241 2031 1368 2072 huius
1401 2030 1596 2072 obsonas.

701 2111 1006 2153 Pseudolus

108 2167 261 2211 Taceo.

708 2239 997 2282 Calidorus

307 2314 363 2355 At
392 2318 540 2355 taceas
571 2312 685 2355 malo
717 2311 852 2353 multo
885 2325 1014 2366 quam
1045 2317 1188 2352 tacere
1220 2315 1263 2352 te
1295 2316 1506 2354 autumes.
1532 2322 1599 2356 210

203 2439 265 2480 198
291 2439 480 2483 togeribus
506 2437 539 2470 A
647 2403 762 2471 onerel
785 2436 898 2470 ubere
923 2436 970 2477 A,
996 2446 1086 2469 oner
1110 2409 1227 2469 iuberi
1253 2433 1321 2469 BC
1418 2436 1484 2469 200
1509 2436 1597 2469 item

109 2494 216 2529 hodie
243 2496 420 2540 stringam
445 2493 516 2529 BG
604 2495 667 2527 201
696 2492 881 2537 profectos
908 2492 941 2525 A
1032 2493 1166 2526 202-3
1194 2502 1264 2525 uno
1289 2502 1393 2526 versu
1417 2491 1452 2525 B
1532 2494 1598 2526 203

109 2553 278 2586 iuuenem
305 2551 334 2586 C
440 2552 507 2585 205
532 2550 599 2594 Qui
625 2549 661 2584 B
767 2549 886 2583 omnis
912 2547 948 2583 B
1053 2549 1138 2583 hinc
1166 2548 1197 2581 A
1292 2548 1386 2582 Ante
1411 2549 1475 2582 206
1500 2551 1539 2582 in
1565 2549 1598 2582 A

108 2608 180 2643 duo
204 2619 328 2644 versus
350 2609 512 2650 suerunt,
531 2609 640 2652 prior
664 2618 688 2642 a
713 2606 797 2648 Sed,
823 2606 916 2640 alter
941 2616 964 2639 a
987 2604 1068 2640 Uah
1095 2606 1282 2648 incipiens.
1433 2606 1499 2639 206
1525 2605 1596 2639 Sed

30 2670 34 2678 ¹
108 2675 174 2700 om.
198 2666 234 2699 A
326 2665 460 2699 nimius
486 2665 617 2699 stultus
643 2665 677 2698 A
770 2663 921 2697 nimium
949 2661 1018 2696 ΒΟ
1123 2662 1188 2694 207
1213 2661 1352 2695 duobus
1378 2661 1540 2696 versibus
1564 2663 1597 2696 A

200 2721 377 2757 Inductus
402 2721 436 2755 A
507 2734 553 2756 ne
579 2721 631 2755 illi
658 2720 726 2755 BC
793 2720 859 2753 208
884 2718 1053 2762 prohibet
1084 2717 1152 2752 BC
1229 2718 1361 2751 nolunt
1384 2717 1455 2753 Bo
1532 2720 1597 2753 209

108 2777 188 2813 Uah
213 2782 296 2813 tace
321 2777 387 2813 BC
499 2778 595 2812 male
619 2777 824 2822 morigerus
849 2775 944 2810 male
970 2774 1039 2809 BG
1159 2785 1231 2818 quo
1256 2775 1290 2808 A
1423 2775 1508 2810 huic
1534 2775 1600 2810 Bc:

108 2836 176 2869 210
200 2841 326 2870 tacere
352 2840 388 2870 te
415 2835 527 2870 dicas.
554 2835 592 2869 B.
618 2838 658 2869 tu
684 2840 808 2869 autem

1216 2882 1323 2939 ,ῳ
