1963 3243
136 254 204 298 ΠΙ,
230 255 260 298 2,
287 255 443 289 82-102
777 253 989 288 Pseudolus.
1569 259 1614 297 71

774 377 984 433 Coquos

137 451 180 494 Si
212 452 362 494 credis.
396 464 589 502 numn103
621 451 655 492 si
688 464 783 493 non.
817 465 870 492 ne
902 451 1017 492 mina
1049 450 1232 504 quidem.
1556 464 1622 497 880

137 523 220 566 Sed
253 529 394 566 utrum
427 528 474 565 tu
507 523 652 565 amicis
685 522 812 564 hodie
845 536 897 564 an
931 523 1117 564 inimicis
1150 523 1234 563 tuis

135 595 340 638 Daturu's
372 595 550 638 cenam?

785 672 888 714 Bal
898 673 912 713 I
924 673 939 714 τ’
950 686 972 714 0

611 744 684 786 Pol
718 758 795 798 ego
827 746 978 786 amieis
1011 745 1189 787 scilicet.

778 839 980 893 Coquos

135 912 248 962 Quin
280 917 377 954 tuos
408 913 609 954 inimicos
641 912 785 966 potius
817 926 945 966 quam
977 912 1136 954 amicos
1166 912 1328 954 uocas?

135 984 245 1026 Nam
278 998 357 1038 ego
390 985 452 1026 ita
484 984 678 1026 conuiuis
711 997 858 1026 cenam
891 983 1108 1026 conditam
1143 983 1255 1026 dabo

135 1056 273 1098 Hodie
305 1063 434 1109 atque
465 1056 529 1097 ita
559 1057 683 1098 suaui
716 1057 935 1098 suauitate
967 1055 1182 1097 condiam:
1557 1068 1622 1101 885

136 1127 193 1170 Ut
224 1128 409 1183 quisque
442 1127 632 1182 quidque
665 1128 886 1170 conditum
919 1128 1174 1181 gustauerit,

133 1200 261 1254 Ipsus
294 1200 374 1242 sibi
406 1199 563 1241 faciam
595 1204 643 1241 ut
676 1199 833 1254 digitos
866 1199 1098 1253 praerodat
1130 1213 1243 1242 suos.

791 1294 970 1336 Ballio

135 1364 303 1415 Quaeso
335 1366 492 1418 hercle,
524 1367 643 1420 prius
675 1380 804 1420 quam
838 1367 1068 1419 quoiquam
1101 1368 1311 1409 conuiuae
1344 1367 1480 1419 dabis,

135 1438 317 1480 Gustato
349 1444 441 1480 tute
474 1439 593 1493 prius
626 1443 669 1480 et
702 1438 923 1493 discipulis
956 1437 1071 1488 dato,

138 1509 193 1552 Ut-
225 1511 496 1564 praerodatis
529 1516 704 1552 nostras
737 1509 946 1552 furtifica-s
978 1524 1141 1552 manus.
1558 1523 1624 1557 890

775 1603 986 1659 Coquos

136 1677 340 1719 Fortasse
372 1677 479 1719 haec
511 1683 557 1719 tu
589 1691 701 1719 nunc
733 1677 837 1718 mihi
868 1691 953 1719 non
985 1677 1135 1720 credas
1169 1692 1279 1732 quae
1312 1679 1476 1732 loquor.

792 1771 972 1814 Ballio

136 1844 344 1887 Molestus
376 1859 428 1886 ne
461 1845 541 1895 Sis3
572 1844 747 1886 nimium
779 1845 865 1886 iam
896 1846 1048 1897 tinnis;
1080 1851 1190 1888 tace.

136 1916 229 1958 Illic
260 1930 337 1970 ego
369 1915 538 1969 habito;
570 1917 684 1958 intro
716 1916 788 1958 abi
820 1922 864 1958 et
896 1930 1043 1959 cenam
1075 1931 1210 1972 coque

139 1987 338 2042 Propere.

814 2060 947 2102 Puer

409 2132 520 2182 Quin
551 2136 598 2174 tu
629 2132 665 2174 is
698 2131 980 2174 adcubitum?
1011 2133 1036 2183 i,
1071 2132 1277 2175 conuiuas
1310 2132 1436 2183 cedo3

138 2201 445 2258 Conrumpitur
475 2205 562 2245 iam
594 2217 712 2246 cena.

788 2299 969 2341 Ballio

765 2370 855 2422 Em,
888 2371 1081 2413 subolem
1111 2371 1169 2413 sis
1200 2370 1321 2421 uide3
1560 2381 1627 2416 895

228 2499 295 2533 880
320 2499 351 2532 si
376 2509 450 2533 non
476 2499 593 2533 credis
620 2509 664 2533 ne
690 2498 723 2532 A
817 2500 879 2533 881
908 2502 946 2533 tu
972 2509 1036 2534 om.
1062 2497 1130 2533 BC
1214 2498 1280 2532 882
1306 2497 1380 2532 BA.
1405 2508 1470 2532 om.
1560 2498 1626 2532 883

140 2553 209 2589 CO.
235 2565 300 2590 om.
378 2559 418 2589 tu
444 2555 524 2590 illos
606 2556 672 2590 885
698 2555 803 2590 auaui
828 2566 894 2590 om.
921 2555 990 2590 BC
1061 2555 1208 2591 condim
1235 2554 1304 2590 BC
1381 2555 1449 2589 887
1474 2554 1555 2599 Ipse
1583 2554 1627 2596 Α,

141 2611 246 2656 Ipsos
272 2611 339 2647 BC
440 2613 558 2647 dictos
583 2611 619 2647 Β
718 2613 784 2647 888
810 2611 882 2646 BA.
911 2622 976 2647 om.
1002 2611 1038 2646 Β
1132 2612 1329 2656 quoiquam
1357 2622 1424 2646 om.
1450 2609 1496 2653 Β,
1523 2611 1624 2655 quic-

139 2679 246 2712 quam
274 2669 304 2704 0
408 2669 555 2704 conuiui
582 2668 652 2704 BC
751 2670 817 2703 889
843 2668 957 2703 Gusta
982 2669 1050 2703 BC
1150 2669 1218 2703 890
1244 2668 1276 2702 It
1300 2667 1334 2702 B
1439 2671 1567 2703 uestra
1592 2666 1627 2702 B

140 2725 207 2759 892
231 2724 304 2759 BA.
331 2736 396 2761 om.
425 2725 464 2768 C,
498 2725 534 2759 C.
560 2725 596 2760 B
757 2725 872 2760 tinnis
897 2736 973 2760 non
998 2729 1100 2759 taces
1126 2724 1178 2768 B,
1215 2725 1329 2759 tinnis
1354 2735 1427 2759 non
1453 2724 1574 2769 places
1604 2724 1632 2759 C

141 2781 207 2816 893
231 2781 300 2816 Em
324 2782 399 2818 illic
425 2781 492 2817 BC
631 2782 756 2816 habiet
782 2793 906 2816 cenam
934 2792 1078 2826 quoque
1105 2781 1170 2816 BC
1311 2782 1377 2816 894
1404 2781 1556 2824 quittuis
1584 2781 1625 2822 A,

142 2835 180 2871 C.
207 2838 292 2882 quin
321 2840 375 2874 uis
400 2838 466 2874 BC
563 2843 601 2873 et
