1963 3243
329 226 408 265 222
968 218 1184 253 Pseudolus.

326 351 388 389 Ita
417 350 474 398 fit,
505 354 549 388 ut
579 350 683 388 idem
713 349 847 386 bestiae
877 359 1017 384 nomen
1046 347 1106 393 sit,
1140 359 1218 395 qua
1247 346 1504 383 similitudine
1535 346 1716 384 Plautum
1749 361 1814 397 ga-

327 420 452 456 visum
485 431 568 454 esse
601 417 729 454 eredo.
801 415 1028 452 Delectatur
1059 414 1162 450 enim
1191 413 1343 451 lusibus
1374 426 1420 450 ex
1450 416 1651 452 nominum
1674 415 1814 452 simili-

326 487 464 524 tudine
491 485 629 531 ductis,
661 488 705 521 ut
723 485 824 521 23οε
861 482 1137 529 „Phoenicium
1169 483 1357 531 poeniceo
1389 479 1532 529 cori0“,
1568 483 1668 520 587:
1704 483 1816 529 „Bal-

326 555 467 591 lionem
499 548 800 597 exballistabo“‚
836 551 935 588 657:
967 562 1044 594 ⁴„ne
1076 548 1170 598 quid
1201 549 1351 598 harpax
1380 547 1560 586 feceris“.

441 620 534 658 Cod.
560 619 590 656 B
616 621 654 657 in
685 618 824 655 mediis
856 616 1101 655 sermonibus
1130 629 1318 666 personas
1349 617 1511 666 singulis
1537 621 1650 655 notat
1671 617 1816 657 litteris
1880 649 1883 652 Α
1906 597 1918 659 ¹.

329 689 493 734 Latinis,
534 692 580 724 ut
611 687 640 724 P
672 687 723 723 sit
751 699 824 734 pro
855 684 1062 730 Pseudolo,
1096 684 1126 720 B
1157 696 1229 733 pro
1258 684 1448 722 Ballione.
1518 684 1658 723 Colore
1688 689 1817 724 autem

327 758 453 794 utitur
490 757 530 792 in
567 755 786 805 posteriore
824 753 965 790 fabulae
1002 755 1117 800 parte
1157 751 1295 799 rubr0,
1340 754 1378 789 in
1408 755 1563 802 priore,
1610 758 1654 790 ut
1684 755 1723 791 in
1753 767 1816 791 ex-

327 825 461 861 tremis
492 823 728 860 Mercatoris
758 821 937 858 versibus
978 815 1074 868 (vid.
1107 818 1320 858 Comment.
1352 833 1390 868 p.
1425 818 1523 868 314)
1559 824 1597 857 et
1627 821 1747 859 rubro
1779 825 1818 860 et

328 892 511 933 caeruleo,
560 894 596 927 et
633 891 689 927 ita
728 879 885 938 quidem
925 893 968 924 ut
1001 888 1162 924 alternis
1192 891 1391 936 ponantur
1423 889 1572 926 colores
1603 889 1711 926 nulla
1741 889 1818 927 alia

327 961 403 996 nisi
433 958 719 996 vicissitudinis
751 958 838 1004 lege
871 956 1094 1003 observata3
1134 957 1172 991 in
1212 956 1406 1004 principio
1439 960 1568 993 autem
1599 956 1740 994 fabuiae
1771 971 1818 995 ne

327 1040 518 1078 personas
550 1026 707 1075 quidem
739 1028 880 1062 notant
910 1024 1054 1060 litterae
1081 1023 1264 1060 coloratae
1289 1023 1356 1060 sed
1380 1025 1492 1061 initia
1519 1037 1713 1062 versuum.
1774 1025 1818 1063 In

328 1095 412 1134 cod.
431 1095 459 1132 C
484 1109 505 1131 a
527 1108 562 1131 v.
582 1095 660 1131 415
681 1093 729 1130 ad
763 1094 853 1138 506,
887 1093 954 1129 ubi
985 1104 1120 1129 manus
1151 1092 1278 1127 minus
1311 1091 1465 1141 elegans
1496 1091 1692 1129 scribendi
1722 1105 1818 1142 opus
1875 1082 1878 1084 Ὗ

328 1164 511 1213 suscepit,
542 1165 643 1199 notae
674 1174 931 1211 personarum
977 1159 1138 1205 desunt,
1184 1159 1294 1208 prius
1326 1160 1463 1209 spatiis
1503 1160 1669 1206 relictis,
1717 1174 1738 1197 a
1781 1174 1816 1198 v.

330 1233 409 1269 479
443 1244 490 1267 ne
522 1230 595 1267 hoc
627 1229 785 1278 quidem
816 1229 933 1265 facto.

441 1297 710 1345 Ambrosiani,
752 1298 807 1333 ait
837 1296 903 1342 R.,
944 1309 988 1332 ex
1021 1294 1284 1344 quadraginta
1314 1308 1408 1342 una,
1450 1308 1535 1344 quae
1574 1295 1666 1333 olim
1697 1297 1817 1343 fuere,

328 1367 511 1405 Pseudoli
534 1365 770 1402 membranis
795 1364 911 1401 hodie
939 1363 1153 1412 deperditae
1181 1366 1273 1400 sunt
1299 1366 1404 1408 octo,
1425 1364 1658 1411 superstites
1683 1369 1765 1400 tres
1781 1367 1819 1401 et
1883 1371 1888 1375 ’

328 1437 505 1484 triginta.
552 1433 618 1470 Eae
644 1433 714 1470 hos
743 1445 878 1469 versus
903 1432 1141 1468 habuerunt:
1176 1431 1223 1467 ab
1255 1432 1369 1467 initio
1394 1431 1442 1468 ad
1471 1432 1564 1468 235.
1585 1432 1817 1478 wel—476,

332 1503 564 1548 554-747,
599 1501 862 1546 820-1015,
902 1499 1191 1544 1049—1084,
1228 1499 1517 1545 1121-1256,
1550 1500 1652 1537 1285
1686 1512 1818 1537 versus

327 1571 462 1618 finem3
496 1570 565 1607 sed
595 1571 634 1606 in
664 1569 799 1606 multis
830 1569 982 1618 paginis
1015 1574 1082 1604 aut
1104 1567 1202 1603 nihil
1227 1572 1295 1603 aut
1319 1567 1550 1616 perpaulum
1576 1567 1651 1616 legi
1674 1567 1815 1616 potuit,

327 1654 360 1676 v.
395 1640 439 1676 R.
464 1638 572 1688 praef.
600 1636 651 1673 VI
677 1649 734 1685 sq.
795 1635 854 1673 De
887 1638 968 1672 eius
1000 1636 1194 1684 scriptura
1225 1637 1470 1672 accuratiora
1496 1635 1664 1684 protulit
1688 1634 1819 1682 Lowe,

327 1708 502 1744 Aualect.
537 1705 708 1743 Plautia,
739 1717 778 1753 p.
817 1704 892 1741 149
925 1717 1009 1752 sqq.

439 1773 676 1811 Pseudolum
715 1773 926 1820 separatim
958 1771 1167 1808 ediderunt
1198 1770 1399 1819 Romeijn‚
1443 1770 1664 1808 Daventriae
1698 1770 1815 1816 1836,

326 1848 365 1880 et
397 1843 560 1880 Lorenz.
593 1841 721 1877 Berol.
760 1841 887 1886 1876,
935 1840 1044 1876 cuius
1075 1844 1120 1875 ut
1150 1852 1242 1875 cura
1272 1837 1470 1875 laudanda
1500 1842 1577 1883 est,
1623 1839 1680 1875 ita
1717 1838 1814 1875 iudi-

326 1914 427 1948 cium
459 1916 498 1947 et
529 1911 569 1946 in
601 1909 686 1946 aliis
717 1909 833 1945 rebus
865 1907 1165 1957 improbandum
1197 1911 1236 1943 et
1260 1908 1425 1943 maxime
1450 1906 1554 1955 quod
1579 1919 1716 1944 versus
1742 1905 1815 1944 sibi

325 1980 479 2028 spurios
519 1978 621 2014 visos
662 1989 740 2013 non
771 1978 880 2013 uncis
910 1975 1070 2013 inclusit
1099 1975 1167 2011 sed
1199 1975 1254 2011 ita
1285 1975 1577 2019 exterminavit,
1625 1977 1669 2010 ut
1699 1986 1746 2010 ne
1776 1973 1815 2010 in

326 2046 538 2097 appendice
571 2044 726 2094 quidem
757 2045 893 2082 critico
925 2044 1188 2080 inveniantur.

866 2237 1208 2280 Argumentum
1239 2234 1278 2276 1,

326 2340 598 2379 acrostichum,
619 2341 657 2375 in
676 2340 707 2375 A
726 2352 803 2376 non
823 2341 962 2375 exstat.
1014 2339 1048 2383 1,
1068 2336 1112 2373 cf.
1135 2337 1197 2374 53.
1215 2356 1271 2360 —
1289 2337 1324 2372 2.
1343 2331 1584 2385 symbolum,
1605 2347 1639 2370 v.
1660 2336 1709 2372 55
1728 2346 1813 2383 sqq.

326 2429 379 2433 —
413 2409 448 2445 3.
480 2403 646 2453 reliam,
680 2420 713 2443 v.
741 2406 789 2443 ad
814 2406 922 2443 Asin.
953 2406 1045 2442 231.
1073 2424 1124 2428 ——
1157 2404 1194 2441 4.
1231 2403 1368 2440 Hiatur
1399 2404 1438 2439 in
1471 2415 1618 2440 caesura
1648 2404 1693 2438 ut
1722 2415 1756 2438 v.
1777 2400 1811 2438 6.

325 2473 526 2520 caculam,
560 2475 606 2512 cf.
630 2474 736 2511 Trin.
760 2475 852 2510 721.
915 2472 990 2510 Pro
1021 2474 1176 2509 nomine
1208 2472 1369 2521 proprio
1401 2471 1472 2508 hoc
1502 2470 1667 2519 sumpsit
1696 2467 1812 2505 libra-

325 2546 420 2590 rius,
453 2544 560 2580 cuius
592 2543 786 2591 glossema
818 2540 900 2578 cod.
929 2540 955 2577 C
983 2541 1140 2577 invasit.
1173 2559 1228 2564 —
1258 2535 1510 2585 interum-tit,
1542 2538 1589 2575 cf,
1610 2537 1701 2575 542.
1720 2535 1810 2572 903.

327 2631 375 2635 -
412 2612 447 2647 5.
481 2606 720 2656 Ballionis,
752 2622 803 2646 sc.
830 2621 995 2652 servum,
1028 2612 1072 2644 ut
1095 2608 1236 2657 Amph.
1272 2608 1349 2644 379
1383 2607 1432 2643 al.
1465 2625 1519 2630 —-
1552 2607 1587 2643 6.
1621 2599 1728 2650 erili,
1760 2614 1810 2638 sc·

326 2678 418 2725 filio,
450 2680 496 2715 cf.
531 2678 644 2727 Epid.
679 2679 838 2726 Argum.
871 2677 907 2713 4.
947 2695 1000 2700 —
1043 2671 1202 2713 Simiae
1231 2675 1289 2710 ed.
1323 2687 1381 2723 pr.
1417 2693 1465 2698 -
1509 2674 1544 2711 9.
1586 2671 1697 2722 quod
1727 2669 1815 2711 erat

321 2745 480 2794 pactus,
513 2746 544 2783 si
576 2745 710 2783 dolum
742 2744 943 2789 effecisset,
977 2757 1012 2780 v.
1049 2745 1125 2780 537
1159 2757 1243 2792 sqq.
