1963 3243
0 692 27 724 ,ζ
0 476 41 667 *rr-*z*
14 437 19 439 ,
14 399 17 401 ,

138 225 170 270 I,
196 226 228 270 2,
254 225 434 260 142—155
789 224 982 261 Poenulus.
1540 233 1617 272 133

688 350 1059 403 Aslorastocles

137 422 224 465 Iam
256 420 400 464 hercle
432 425 479 463 tu
507 422 671 476 peristi,
702 423 782 463 nisi
806 422 924 464 illam
948 423 1051 464 mihi
1076 427 1165 465 tam
1192 424 1468 477 tranquillam
1495 425 1617 476 facis,

138 492 273 544 Quam
303 506 420 534 mare
453 492 555 535 olim
587 497 664 544 est,
697 504 824 548 quom
857 494 916 536 ibi
947 495 1097 536 alcedo
1129 495 1268 549 pullos
1299 496 1444 538 educit
1475 511 1585 539 suos.

762 595 993 648 Milphio

137 666 246 718 Quid
276 666 462 708 faciam?

688 739 947 792 Ayorasto
961 739 1063 781 cles

517 809 673 861 Exorat,
703 810 915 863 blandire,
947 811 1143 866 expalpa..

757 905 990 957 Milphio

1205 978 1380 1020 Faciam
1411 979 1572 1021 sedulo.

135 1046 218 1091 Sed
240 1048 340 1090 uide
366 1049 436 1097 sis,
467 1062 520 1090 ne
546 1053 594 1090 tu
626 1054 844 1090 oratorem
870 1048 982 1091 hunc
1007 1051 1158 1102 pugnis
1182 1056 1332 1103 pectas
1359 1057 1523 1105 postea.
1550 1063 1616 1097 355

680 1144 1061 1197 Ayorastoczes

132 1213 226 1256 Non
257 1213 424 1256 faciam.

680 1287 1068 1339 Adelphasium

391 1357 487 1400 Non
520 1372 680 1412 aequos
712 1361 754 1401 in
787 1374 852 1401 me
886 1374 943 1402 es.
977 1359 1051 1401 sed
1081 1373 1250 1400 morare
1282 1365 1324 1401 et
1354 1360 1464 1402 male
1495 1360 1612 1402 facis.

130 1429 246 1473 Bene
277 1431 493 1484 promittis
523 1430 660 1472 multa
692 1445 744 1472 ex
773 1431 942 1482 multis3
976 1432 1118 1472 omnia
1147 1432 1192 1472 in
1223 1445 1394 1474 cassum
1426 1432 1599 1474 cadunt.

133 1501 337 1544 Liberare
367 1502 568 1543 iurauisti
598 1516 665 1543 me
695 1501 811 1544 haud
844 1502 972 1543 semel
1007 1502 1082 1544 sed
1114 1504 1318 1545 centiens.

130 1573 241 1616 Dum
279 1579 322 1616 te
362 1579 582 1628 exspecto,
628 1588 768 1628 neque
809 1587 879 1627 eyo
921 1589 1102 1628 usquam
1143 1575 1272 1616 aliam
1318 1576 1422 1617 mihi
1459 1577 1613 1630 paraui

1142 1648 1325 1700 copiam,

128 1717 277 1772 Neque
308 1719 420 1759 istuc
450 1731 629 1772 usquam
664 1718 868 1772 adparet3
901 1719 962 1760 ita
992 1732 1106 1760 nunc
1133 1720 1274 1760 seruio
1298 1718 1433 1762 nihilo
1459 1720 1611 1761 minus.

129 1789 160 1838 I,
192 1803 326 1832 soror.
388 1789 582 1831 Abscede
614 1794 660 1830 tu
690 1803 714 1830 a
748 1804 824 1831 me.

680 1892 1058 1944 Ayorastocles

717 1964 843 2005 Perii.
904 1963 1009 2014 Eho,
1041 1963 1144 2017 quid
1176 1964 1279 2015 agis,
1311 1963 1519 2018 Milphio?
1545 1975 1608 2009 361

753 2058 988 2110 Milphio

128 2127 225 2171 Mea.
253 2129 471 2183 uoluptas,
503 2143 598 2171 mea
628 2129 796 2173 delicia.
831 2144 924 2172 mea
955 2131 1060 2179 uita,
1091 2143 1186 2171 mea
1217 2132 1468 2182 amoenitas,

126 2199 246 2243 Meus
278 2201 454 2251 ocellus,
487 2215 627 2243 meum
659 2201 875 2250 labellum,
906 2215 1003 2243 mea
1035 2201 1165 2245 salus.
1198 2216 1339 2243 meum
1373 2203 1552 2253 sanium,

125 2269 265 2314 Meum
290 2272 386 2323 mel,
417 2287 559 2315 meum
578 2287 665 2323 cor,
693 2287 790 2314 mea
807 2273 1010 2317 colustra.
1035 2288 1154 2314 meus
1178 2273 1419 2315 molliculus
1444 2287 1608 2316 caseus.

679 2364 1055 2417 Ayorastocles

125 2430 250 2475 Mene
281 2447 360 2488 ego
391 2434 518 2476 illaec
544 2436 688 2489 patiar
711 2442 941 2489 praesente
967 2435 1080 2477 dici?
1113 2434 1348 2476 discrucior
1377 2436 1519 2486 miser,
1544 2447 1611 2481 365

236 2572 303 2607 352
326 2571 472 2608 hercule
497 2572 534 2608 Β
634 2575 700 2608 353
726 2574 830 2618 alcyo
856 2573 938 2616 AB,
965 2574 1085 2618 alyeio
1112 2573 1140 2608 C
1229 2573 1372 2608 seducit
1464 2575 1530 2609 356
1554 2585 1612 2608 ae·

125 2627 228 2663 onius
251 2628 321 2664 BG
434 2641 511 2664 mes
536 2630 569 2664 A
694 2631 761 2665 358
786 2630 979 2665 Liberaret
1007 2629 1037 2665 G
1147 2630 1226 2664 iura
1250 2631 1304 2664 uis
1329 2633 1365 2665 te
1479 2629 1612 2666 sedent

60 2680 66 2689 '
124 2683 202 2719 lens
225 2685 272 2728 B,
299 2685 362 2720 sed
385 2685 536 2729 deciens
564 2686 592 2721 C
710 2688 777 2722 359
800 2698 959 2731 nequam
983 2685 1017 2720 A
1142 2697 1210 2730 ego
1236 2696 1301 2721 om.
1419 2688 1485 2722 362
1508 2698 1611 2722 meae

213 2740 358 2776 diliciae
383 2741 420 2776 B
503 2744 570 2778 363
595 2744 724 2778 oculus
749 2743 783 2778 A
887 2744 954 2777 364
977 2742 1100 2777 Meum
1125 2743 1198 2777 mei
1221 2754 1342 2778 meum
1368 2743 1404 2778 B
1491 2745 1607 2780 collu-

124 2799 202 2832 πη
227 2797 258 2834 0
334 2798 524 2834 colliculus
549 2798 586 2834 Β
678 2801 744 2834 365
768 2805 961 2845 praesente
985 2798 1237 2844 patiar'illaec
1261 2798 1298 2834 Β
