1963 3243
184 366 275 415 Pag.
299 366 373 403 198
407 378 441 402 v,
476 367 554 402 805
587 365 800 402 scribatur:
1040 361 1259 414 mulieres]

197 453 248 459 -—
300 434 374 470 199
407 447 441 470 v.
476 434 555 469 82ss
669 453 722 458 —
810 445 817 470 :
854 429 1022 483 Ubique

199 520 245 527 —
295 503 374 538 200
407 514 440 538 v.
475 502 553 538 834
669 521 719 526 ·—
812 517 818 538 :
854 497 998 539 Uitam

196 589 249 596 —
297 570 374 606 210
408 583 442 605 v.
478 571 553 607 931
670 590 724 595 —
813 585 820 607 :
854 565 1086 618 respondet

199 656 246 664 -
307 656 362 662 --
406 650 487 674 var.
519 651 592 674 scr.
672 658 717 662 —
812 653 818 674 :
852 639 928 674 031
966 637 1169 687 respondit.

292 706 368 742 211
404 719 439 743 v.
474 706 554 742 942
587 709 677 755 post.
708 703 822 744 irata
853 705 1030 743 doleatur
1060 710 1260 756 punctum.

295 774 371 810 216
405 786 439 812 v.
474 774 551 811 983
585 773 721 810 scrih:
756 770 810 812 Se
841 769 961 812 illam

487 901 523 935 in
557 900 835 936 commentario
867 899 915 936 ad
947 898 1113 936 Militem
1145 899 1356 947 gloriosum

182 979 272 1026 Pag.
307 979 383 1015 234
420 978 467 1014 ad
500 991 534 1015 v,
574 979 668 1015 100:
719 979 912 1016 Lacunam
956 980 1080 1016 inesse
1112 979 1267 1028 putavit
1299 978 1376 1015 Leo
1409 979 1509 1016 Mus.
1544 979 1665 1016 Rhen.

288 1045 494 1084 XXXVIII
525 1059 560 1095 p.
597 1048 646 1083 25
681 1047 823 1084 talem:

379 1115 414 1151 Is
445 1115 600 1152 amabat
634 1118 888 1162 meretricem,
923 1111 1078 1165 [itidem
1109 1130 1208 1165 quae
1241 1116 1308 1152 illo
1340 1120 1518 1164 tempore

380 1183 591 1220 Habitabat
624 1197 706 1220 cuin
741 1180 828 1234 sua]
862 1189 986 1222 matre
1017 1184 1181 1222 Athenis
1214 1184 1368 1222 Atticis.

290 1252 367 1288 235
401 1251 587 1288 addatur:
642 1254 731 1290 130.
773 1249 1006 1290 clanculum
1048 1253 1352 1290 Forchhammer
1384 1251 1431 1288 ad
1465 1254 1667 1301 sequeutia

286 1319 421 1357 trahit.

290 1389 368 1426 238
397 1387 444 1425 ad
470 1402 505 1426 v.
528 1390 624 1426 187:
662 1387 930 1439 „Earumpse“
953 1389 1076 1427 voluit
1098 1390 1176 1426 Leo
1196 1389 1296 1426 Mus.
1317 1389 1438 1426 Rhen.
1457 1388 1664 1426 XXXVIII

286 1470 323 1507 p.
363 1458 422 1494 11.

287 1526 365 1563 239
399 1525 445 1562 ad
479 1539 514 1562 v.
542 1527 644 1562 205:
678 1524 845 1563 Forchh.
880 1527 1000 1563 coni.:
1037 1525 1158 1573 „Ecce
1192 1530 1321 1563 autom
1353 1525 1546 1562 Mauortis
1579 1526 1664 1562 nisu

288 1594 437 1631 laeuam
470 1594 509 1630 iu
543 1593 684 1631 femine
717 1594 831 1631 habet
867 1608 1035 1631 inanum.

288 1664 365 1700 244
406 1662 455 1699 ad
495 1677 527 1699 v.
563 1663 642 1700 268
682 1663 790 1700 init.:
840 1660 944 1701 (lixit
983 1664 1026 1700 Α.
1071 1662 1236 1699 Forchh.
1277 1662 1377 1699 vidit.
1416 1662 1661 1699 scribendum

283 1744 365 1768 esse
397 1727 496 1780 quoi
530 1727 649 1776 (lixit,
692 1745 779 1768 nam
813 1732 1127 1769 dissimulat-ione
1161 1744 1239 1767 rem
1274 1730 1504 1779 aggreditur
1539 1730 1659 1766 Palae-

283 1801 380 1836 strio
423 1798 475 1845 (v,
506 1798 602 1843 262)
634 1813 703 1836 nec
735 1802 860 1850 ipsum
894 1800 1109 1847 hominem,
1151 1801 1216 1848 qui
1251 1798 1577 1836 Philocomasium
1612 1801 1662 1836 vi·

283 1866 426 1913 disset,
469 1880 509 1903 se
541 1868 791 1905 inventurum
831 1874 990 1918 spei-at,
1032 1867 1100 1905 sed
1132 1880 1266 1904 eorum
1300 1867 1465 1916 aliquem
1499 1867 1660 1916 quibus·

284 1949 369 1973 cum
402 1936 603 1973 fabulatus
636 1941 750 1974 esset.

283 2005 361 2042 253
395 2004 443 2040 ad
474 2017 509 2041 v.
543 2005 643 2042 420:
677 2004 862 2042 Sceledro
895 2018 1048 2042 versum
1083 2004 1149 2041 dat
1182 2002 1367 2041 Ribbeck.

284 2073 363 2110 254
396 2072 443 2110 ad
476 2085 512 2110 v.
546 2073 646 2111 440:
680 2073 737 2110 Ne
765 2073 939 2123 Haspero
972 2073 1128 2123 quidem
1163 2074 1323 2121 egregia
1347 2072 1545 2122 Spengelii
1573 2086 1662 2109 con-

281 2143 433 2178 iectura
463 2141 665 2188 satisfecit,
699 2143 764 2191 qui
797 2143 916 2179 eoni.:
952 2142 1143 2192 ‚‚.'47hvn›',;
1175 2153 1215 2177 es
1246 2144 1301 2186 tn,
1335 2154 1411 2178 non
1444 2139 1660 2190 γλυκεῑαέ“.

284 2211 362 2247 258
395 2209 440 2246 ad
475 2223 510 2246 v.
545 2211 644 2248 529:
693 2208 861 2248 Forchh.
894 2223 1049 2260 quoque
1088 2214 1176 2246 ante
1216 2208 1317 2246 huuc
1355 2222 1508 2246 versum
1549 2209 1661 2258 plene

282 2279 562 2328 interpungens
599 2277 818 2315 scribebat:
869 2278 933 2325 „Si
972 2278 1033 2316 hic
1072 2292 1148 2316 nou
1188 2276 1338 2315 uidebit
1374 2277 1575 2314 mulierem
1608 2297 1661 2302 —

281 2346 471 2396 Aperitur
501 2346 635 2384 foris.‘'
672 2351 716 2383 ut
747 2347 858 2396 prior
889 2348 1087 2384 sententia
1119 2348 1339 2395 interrupta
1370 2346 1431 2382 sit.

284 2415 362 2453 259
395 2414 443 2451 ad
475 2427 509 2452 v.
546 2416 646 2453 572:
681 2417 811 2451 ament
840 2414 919 2462 AB,
958 2412 1137 2460 „amanffl
1173 2407 1340 2452 Forchh.

297 2502 349 2507 —
381 2497 416 2520 v.
451 2484 587 2521 9--16
626 2496 699 2533 pro
745 2483 874 2520 verbis
924 2483 1061 2527 „simul
1100 2495 1288 2533 personas
1315 2512 1323 2519 .
1351 2511 1359 2519 .
1389 2512 1395 2519 .
1425 2512 1430 2518 .
1461 2487 1504 2519 tu
1546 2482 1660 2519 abis?

281 2549 374 2588 aut⁶⁴
410 2551 626 2589 scribatur:
663 2551 880 2600 „Equidem
915 2549 1085 2589 mali1n“.

283 2620 361 2657 275
394 2633 429 2657 ν.
466 2621 515 2657 17
548 2619 765 2657 addantur:
806 2617 971 2657 Forchh.
1006 2632 1140 2657 versus
1173 2620 1365 2657 809—12
1398 2621 1531 2655 tuetur
1562 2620 1656 2655 scri-

283 2687 376 2725 bens
408 2688 486 2726 810
522 2685 669 2735 „faee“‚
710 2688 787 2725 811
826 2685 981 2736 .‚aget“,
1022 2693 1066 2725 ut,
1097 2688 1211 2725 huius
1243 2687 1458 2724 subiectum
1491 2682 1557 2724 hic
1588 2686 1657 2723 Pa-

281 2755 427 2793 laestrio
458 2757 521 2793 sit.

283 2823 359 2862 281
394 2823 444 2862 ad
474 2837 509 2862 v.
542 2824 643 2862 914:
676 2823 840 2861 Forchh.
874 2824 974 2862 coni.
1012 2822 1101 2871 „ubi
1132 2822 1385 2860 fundamenta
1415 2822 1634 2860 constant.“
