1963 3243
317 205 399 244 212
978 200 1096 235 Plauti
1455 200 1496 243 V,
1520 203 1550 244 2,
1580 203 1721 244 uei—3,
1745 204 1767 238 5
1863 186 1901 243 Ξ

909 326 942 367 Ε
954 330 1041 380 uty
1052 325 1112 366 ch
1125 341 1151 367 u
1161 340 1180 367 s

318 400 501 453 Propter
535 400 686 440 istanc.

917 476 986 519 Ch
998 492 1024 519 a
1034 478 1114 519 rin
1125 493 1152 520 u
1162 493 1181 520 s

723 550 743 590 I
774 550 913 591 modo.

907 651 942 691 E
954 652 1182 705 utychus

926 723 1039 777 Ergo
1071 737 1188 765 cura.

913 870 1182 913 Charinus

1220 943 1333 993 Quin
1364 948 1414 985 tu
1447 958 1549 998 ergo
1581 945 1595 985 i
1626 944 1772 996 mod03

320 1014 425 1056 Tam
457 1015 692 1068 propitiam
723 1014 913 1066 reddam,
946 1029 1075 1068 quam
1108 1029 1236 1068 quom
1267 1017 1502 1069 propitiast
1531 1016 1639 1058 Iuno
1663 1014 1768 1058 Ioui.

554 1540 811 1582 DEMIPHO
860 1538 1229 1589 LYSIMACHUS,
1277 1539 1451 1581 SENES
1497 1540 1550 1581 II.

923 1701 1069 1741 Demi
1117 1700 1179 1741 ho

324 1773 458 1822 Quasi
518 1778 564 1814 tu
625 1787 860 1827 numquam
928 1715 1168 1826 quidqffam
1229 1773 1425 1814 adsimile
1485 1772 1612 1813 huius
1671 1772 1796 1831 facti-

1407 1844 1573 1886 feceris.
1710 1855 1776 1890 945

876 1922 1226 1978 Lysimachus

324 1997 488 2050 Edepol
515 2010 766 2050 numquam.
810 1995 930 2044 Caui,
955 2010 1008 2036 ne
1033 1995 1135 2049 quid
1162 1995 1349 2037 facerem
1373 1996 1447 2049 qui
1463 1995 1609 2037 fierem
1628 1997 1775 2048 miser;

324 2069 436 2111 Nam
468 2084 564 2111 mea
595 2083 702 2110 uxor
736 2073 912 2122 propter
943 2069 1061 2109 illam
1095 2072 1189 2109 tota
1219 2069 1262 2108 in
1294 2067 1504 2108 fermento
1536 2069 1662 2109 iacet.

926 2218 1068 2258 Demi
1119 2216 1179 2258 ho

327 2292 382 2331 At
413 2304 491 2343 ego
523 2290 896 2344 expurigationem
928 2232 1111 2338 habebdi
1143 2294 1190 2330 ut
1221 2303 1272 2330 ne
1304 2292 1564 2330 suscenseat.

879 2438 1229 2492 Lysimachus

329 2508 519 2564 Sequere
551 2525 631 2551 me.
693 2510 776 2551 Sed
809 2516 1033 2552 exeuntem
1066 2510 1203 2550 filium
1234 2508 1360 2550 uideo
1392 2522 1545 2549 meum.

418 2716 484 2749 945
506 2717 677 2759 prooeimo
696 2714 932 2759 postponitur
1008 2715 1075 2748 946
1100 2713 1176 2748 LY.
1197 2723 1263 2748 om.
1340 2711 1461 2746 facere
1485 2712 1645 2745 multum
1670 2710 1780 2744 miser

329 2771 374 2812 Β,
399 2771 553 2820 facerem
580 2774 641 2806 uix
667 2773 789 2807 uiuum
818 2783 876 2805 ser
902 2771 931 2806 G
1037 2772 1103 2804 947
1128 2781 1244 2814 prope
1267 2769 1367 2803 illam
1393 2767 1436 2811 B⁷
1462 2772 1596 2813 propte
1621 2766 1726 2801 ellam
1752 2764 1783 2801 G

419 2831 484 2862 948
510 2840 598 2872 ergo
625 2830 928 2875 expurgationem

1843 2807 1894 2823 'N
