1963 3243
327 174 379 213 74
983 179 1106 223 Plauti
1495 180 1560 224 ΙΠ,
1584 182 1616 224 3,
1641 181 1776 216 35—47

901 303 1207 347 Palaestrio

327 368 458 419 Quasi
490 373 616 414 militi
648 375 838 416 animum
870 375 1080 418 adieceris
1112 377 1329 419 simulare.

842 500 1263 543 Acroteleutium

1369 558 1438 600 Sic
1467 558 1720 601 futurumst.

903 647 1202 689 Palaestrio
1714 696 1717 698 ,

329 714 548 770 Quasique
595 731 646 758 ea
689 732 758 759 res
804 733 880 772 per
927 734 991 761 me
1030 721 1312 774 interpretem
1353 726 1395 762 et
1426 726 1546 762 tuam
1577 721 1775 764 ancillam

1369 799 1555 835 curetur.

837 882 1267 924 Acroteleutium

329 949 473 992 Bonus
503 955 629 993 uates
662 958 836 1006 poteras
869 967 971 1004 esse,
1004 967 1104 995 nam
1135 968 1247 1008 quae
1279 960 1378 996 sunt
1408 954 1557 998 futura
1587 956 1705 998 dicis.

903 1078 1207 1121 Palaestrio

328 1146 549 1201 Quasique
588 1149 761 1191 anulum
801 1150 916 1191 hunc
955 1151 1159 1193 ancillula
1197 1157 1275 1193 tua
1305 1152 1382 1193 abs
1413 1157 1457 1193 te
1489 1153 1693 1195 detulerit
1724 1153 1782 1195 ad

1516 1239 1594 1275 me,
1709 1237 1777 1270 910

327 1273 463 1323 Quem
484 1289 617 1328 porro
648 1291 726 1331 ego
759 1279 885 1321 militi
917 1280 1066 1338 darem
1095 1282 1181 1324 tuis
1211 1281 1373 1323 uerbis.

836 1404 1267 1448 Acroteleutium

1451 1462 1568 1505 Uera
1599 1463 1720 1506 dicis.

814 1553 1282 1607 Periplecomenus

327 1620 439 1670 Quid
469 1624 565 1664 istis
596 1638 709 1665 nunc
742 1627 991 1667 memoratis
1024 1632 1166 1679 opust,
1199 1640 1310 1680 quae
1343 1627 1684 1668 conmeminere‘?

835 1751 1268 1793 Acroteleutium

1592 1808 1776 1851 Meliust.

325 1877 447 1928 Nam,
480 1879 536 1919 mi
561 1884 752 1932 patrone,
783 1880 865 1922 hoc
890 1882 1101 1934 cogitato:
1133 1881 1207 1923 ubi
1229 1881 1390 1936 probus
1415 1887 1483 1923 est
1499 1881 1777 1932 architectus,

327 1950 442 1991 Bene
474 1951 678 1993 lineatam
711 1953 746 1993 si
777 1953 911 1994 semel
942 1954 1135 1994 carinam
1168 1954 1425 2003 conlocauit,

327 2022 469 2064 Facile
502 2037 594 2065 esse
624 2038 779 2066 nauem
810 2025 966 2074 faeere,
1000 2026 1073 2067 ubi
1105 2026 1285 2067 fundata
1317 2027 1609 2068 constitutast.
1711 2037 1778 2070 915

325 2093 448 2135 Nunc
478 2095 588 2136 haec
619 2097 767 2138 carina
798 2099 903 2139 satis
937 2097 1062 2151 probe
1091 2098 1274 2139 fundata
1306 2105 1348 2139 et
1379 2099 1487 2140 bene
1519 2103 1748 2150 statutast3

324 2166 492 2208 Adsunt
521 2167 633 2209 fabri
665 2168 914 2220 architecto,
948 2184 1058 2224 quae
1088 2170 1252 2212 faciant
1283 2170 1398 2211 haud
1429 2171 1619 2224 inperiti.

325 2238 370 2280 Si
400 2253 485 2281 non
517 2248 594 2281 nos
626 2242 900 2283 materiarius
931 2247 1188 2289 remoratur,
1222 2243 1336 2296 quod
1369 2256 1476 2297 opus
1507 2244 1580 2297 qui
1612 2242 1695 2291 det,

322 2310 435 2352 Noui
465 2312 652 2354 indolem
684 2315 822 2355 nostri
853 2315 1010 2368 ingeni,
1043 2315 1129 2356 cito
1162 2316 1244 2356 erit
1274 2323 1430 2368 parata
1459 2315 1595 2356 nauis.

413 2449 480 2483 907
506 2449 567 2483 PA
592 2461 658 2485 om.
684 2449 720 2484 B
801 2450 936 2484 adieris
964 2449 992 2484 C
1071 2453 1100 2484 A
1127 2461 1182 2485 om
1267 2451 1335 2485 908
1360 2450 1421 2484 PA
1446 2461 1512 2485 om.
1589 2450 1774 2497 Quasique

322 2518 380 2540 res
402 2512 459 2540 est
469 2506 515 2550 B,
537 2506 787 2552 Quasiquaeae
801 2519 859 2542 res
874 2517 952 2542 aest
967 2507 997 2542 0
1050 2509 1270 2552 interpetem
1286 2507 1316 2542 0
1381 2508 1549 2542 ancillam
1570 2509 1775 2544 eieceretur

323 2563 367 2603 B,
394 2563 527 2597 ancilla
542 2570 690 2598 ceretur
716 2563 746 2599 C
823 2565 889 2599 909
914 2565 1010 2598 natis
1090 2576 1177 2598 num
1204 2565 1266 2609 qui
1347 2566 1414 2599 910
1438 2565 1611 2600 ancillula
1634 2565 1683 2610 B,
1712 2579 1774 2601 an·

323 2620 446 2654 cillam
470 2620 500 2655 Ο
577 2626 640 2655 tua
685 2633 765 2655 ame
836 2620 1082 2665 911QuareB
1151 2634 1263 2667 porro
1282 2633 1347 2657 om.
1428 2623 1494 2656 912
1508 2621 1603 2657 PAC
1643 2639 1645 2642 ⁴
1682 2633 1773 2666 opus

323 2684 381 2712 est
462 2679 685 2712 comminere
710 2678 744 2712 B
824 2679 954 2712 melius
980 2684 1034 2713 est
1059 2678 1095 2713 Β
1187 2681 1253 2714 914
1279 2679 1371 2714 Sene
1397 2678 1426 2713 C
1515 2680 1682 2713 liniatam

323 2736 388 2769 916
402 2735 462 2769 hic
530 2734 754 2779 profundata
767 2735 862 2770 bene
876 2741 914 2769 et
927 2741 1105 2770 statutast
1175 2738 1241 2770 917
1260 2737 1361 2771 eabri
1377 2735 1412 2778 0,
1432 2735 1626 2770 muliebria
1646 2735 1683 2770 B

324 2791 591 2836 architectique
684 2804 705 2826 a
730 2798 765 2826 te
791 2799 916 2826 amant.
939 2791 985 2834 B,
1013 2798 1071 2827 ate
1098 2804 1202 2827 amea
1227 2799 1266 2828 ut
1293 2792 1320 2828 G
1409 2794 1476 2827 918
1500 2794 1715 2827 mater-arius
