1963 3243
795 281 835 315 v.
866 282 1097 316 1015-1058.
1605 286 1628 325 3
1637 288 1684 326 47

190 410 457 460 dittographia
488 415 616 448 ortum
650 410 819 448 videtur.
852 430 907 435 ——
942 411 1059 448 1027.
1094 411 1264 459 oportet,
1298 412 1344 448 cs.
1372 413 1418 448 ad
1446 412 1562 449 Most.
1591 413 1682 449 878.

190 479 292 517 infra
329 480 446 516 1070.

309 548 425 584 1030.
459 545 612 591 Servus,
645 547 755 583 cuius
786 547 1011 593 ignorantia
1042 546 1184 593 linguae
1217 546 1371 584 Punicae
1403 550 1481 583 tam
1514 550 1686 596 turpiter

189 616 387 665 apparuit,
419 613 619 651 invehitur
649 614 687 650 iu
721 613 921 659 advenam,
955 615 1067 663 quasi
1091 614 1269 652 consulto
1295 614 1433 652 Latine
1465 628 1505 652 se
1535 618 1684 653 nescire

189 682 430 727 simulasset,
462 695 540 732 quo
573 695 612 718 se
644 681 828 730 captaret
858 684 940 718 sive
973 682 1011 719 in
1042 682 1219 733 fraudem
1251 682 1467 719 induceret.
1497 703 1550 708 —
1580 681 1684 731 ntiq-

189 746 300 788 dil‘z'ae
328 752 375 787 A.
409 749 596 798 Linguam
630 751 788 787 mixtam
829 749 1041 798 significari
1080 756 1263 800 apparet,
1311 751 1378 788 sed
1417 757 1573 788 rectene
1614 751 1683 788 hoc

188 816 259 854 fiat
291 819 446 855 nomine
478 833 498 854 a
528 819 658 867 μίγδην
689 823 729 855 et
759 819 866 863 λείχω
894 819 1123 866 composito,
1158 818 1337 856 dubitare
1368 819 1472 856 licet.
1533 820 1685 856 AnteA

188 886 388 922 inventum
422 885 626 923 Turnebus
663 884 927 935 ..Migdilyps“
963 888 1195 924 coniecerat.
1234 889 1344 936 quasi
1376 888 1518 924 mixtus
1552 886 1682 934 Libys.

187 972 243 978 —
279 954 397 991 1031.
432 953 637 991 Hominem
669 953 819 991 duabus
858 954 1000 1001 linguis
1041 959 1216 992 utentem
1249 968 1332 992 cum
1366 959 1549 1003 serpente
1581 968 1683 992 com-

188 1027 304 1071 parat
338 1020 493 1058 bifidam
527 1023 699 1072 linguam
731 1022 922 1068 habente,
965 1026 1009 1059 ut
1040 1023 1146 1060 Pers.
1181 1023 1281 1060 300:
1333 1027 1552 1073 ..tamquam
1594 1037 1683 1073 pro-

188 1102 351 1140 serpens
397 1090 521 1128 bestia
567 1097 623 1128 est
669 1091 853 1137 bilinguis
900 1096 938 1127 et
984 1089 1213 1134 scelestus“,
1261 1091 1306 1128 cf.
1349 1091 1397 1127 ad
1437 1092 1544 1128 Asin.
1589 1092 1681 1130 688.

193 1157 538 1206 „Bisulcilinguis“
588 1157 711 1208 Gepp.
752 1159 922 1208 scripsit.
967 1178 1020 1183 —
1081 1160 1184 1196 1033
1232 1160 1407 1210 spurium
1455 1173 1537 1196 esse
1583 1161 1684 1196 vidit.

189 1224 313 1275 Gepp.
348 1245 401 1251 —-
437 1227 541 1264 1035
576 1227 756 1264 Hannoni
790 1227 945 1263 dicitur.
1005 1226 1053 1264 ut
1082 1224 1145 1265 Sis
1176 1225 1323 1271 eciem,
1357 1227 1404 1264 cf.
1438 1227 1526 1265 Ter.
1561 1228 1680 1264 Andr.

191 1294 283 1331 508.
304 1294 396 1332 775.
429 1314 485 1319 —
520 1295 623 1332 1039
657 1308 714 1343 sq.
747 1296 901 1344 spurios
933 1295 1057 1331 habeo
1090 1309 1174 1332 cum
1208 1294 1384 1343 Seyffert.
1419 1295 1531 1332 Stud.
1564 1309 1602 1345 p.
1634 1296 1679 1333 ll

188 1368 225 1398 et
258 1360 370 1400 Gotz.
398 1363 482 1400 Act.
509 1362 615 1411 Lips.
642 1362 694 1399 VI
719 1377 757 1413 p.
786 1363 878 1400 260.
939 1359 1163 1411 hospitium
1195 1364 1227 1400 A
1260 1363 1530 1401 Studemundo
1561 1368 1681 1409 teste3

187 1428 311 1479 Gepp.
351 1443 487 1467 versus
528 1444 644 1468 causa
686 1429 947 1480 ..hospitem“.
993 1451 1049 1456 —
1098 1432 1216 1468 1042.
1262 1427 1509 1470 Antidamai
1546 1431 1682 1478 Both.;

187 1500 315 1548 possis
356 1501 472 1535 etiam
518 1499 774 1538 ..Antidamae
814 1497 881 1536 tu“
923 1499 1108 1536 scribere.
1157 1518 1207 1524 ——
1259 1500 1364 1537 1044
1397 1513 1454 1549 sq.
1487 1499 1682 1538 tesseram

187 1562 451 1614 hospitalem,
499 1567 546 1604 cf.
581 1568 675 1605 956.
714 1587 769 1592 —
807 1566 864 1604 De
904 1566 1050 1617 duplici
1089 1564 1130 1605 si
1168 1567 1213 1605 cf.
1255 1567 1302 1605 ad
1343 1567 1462 1604 Merc.
1497 1569 1589 1606 796.
1627 1587 1673 1594 —-

192 1635 310 1672 1046.
345 1644 468 1683 quam
500 1648 572 1672 em.
605 1634 782 1684 Seyffert.
814 1635 955 1672 Philol.
982 1635 1131 1672 XXVII
1161 1649 1198 1685 p.
1230 1637 1322 1682 458,
1356 1631 1380 1673 i'.
1411 1649 1442 1673 e.
1469 1637 1517 1681 ei.
1551 1648 1679 1685 quam,

189 1703 235 1741 cf.
271 1703 364 1740 370.
407 1722 460 1728 —-
503 1704 722 1741 1047—49
762 1705 917 1752 spurios
956 1703 1181 1741 iudicarunt
1218 1705 1333 1741 iidem
1377 1705 1443 1752 qui
1488 1705 1591 1742 1039
1625 1717 1682 1753 sq.

190 1766 381 1809 Patr-itus
397 1770 570 1809 Studem.
599 1785 660 1821 ap.
686 1771 877 1820 Seyffert„
912 1785 981 1808 nec
1011 1784 1108 1820 opus
1141 1776 1200 1809 est
1229 1772 1466 1822 „paternus'‘
1495 1773 1681 1818 scribere,

189 1840 234 1876 cf.
276 1840 300 1877 l.
335 1853 416 1889 agr.
459 1838 498 1876 C.
532 1840 560 1877 Ι.
596 1839 638 1876 L.
672 1840 707 1885 I,
751 1841 829 1878 200
871 1854 904 1876 v.
947 1840 1011 1877 28.
1088 1839 1163 1878 Sed
1204 1849 1298 1889 erqo
1336 1845 1425 1888 post
1467 1850 1563 1878 nam
1600 1840 1683 1878 lau-

188 1907 274 1944 dari
313 1922 387 1945 non
426 1912 574 1956 potest3
619 1905 873 1946 Antidamas
911 1908 1013 1945 sitne
1047 1908 1228 1945 Plautina
1268 1908 1404 1952 forma,
1452 1910 1537 1945 iure
1570 1908 1682 1945 dubi·

188 1981 309 2014 tatur.
350 1989 386 2013 v.
419 1975 468 2012 ad
502 1977 605 2023 9533
652 1978 690 2013 in
721 1978 900 2026 proximo
931 1976 1063 2014 hiat-ur
1102 1979 1194 2025 post
1224 1985 1333 2022 cmm
1375 1975 1499 2026 Gepp.
1532 1980 1680 2025 transp.

191 2043 316 2091 „Mihi
357 2044 564 2093 hospitalis
602 2049 752 2081 tessera
792 2042 925 2082 haec“.
960 2064 1015 2069 —-
1064 2045 1183 2082 1051.
1230 2039 1342 2081 Nam
1383 2045 1499 2080 etiam
1533 2045 1564 2081 A
1597 2057 1682 2082 cum

187 2112 318 2159 hiatm
352 2113 503 2150 Acidal.
529 2111 772 2161 „Namque“.
833 2112 944 2150 Mfill.
974 2125 1012 2162 p.
1033 2113 1132 2149 746:
1169 2111 1290 2159 „Nam
1324 2116 1420 2161 ego''
1457 2116 1523 2149 aut
1558 2111 1682 2159 „Nam

187 2179 360 2218 hercle“.
401 2201 455 2205 —
497 2182 615 2218 1052.
657 2177 760 2219 Inde
798 2177 1003 2218 oriundus
1041 2182 1178 2229 scripsi
1219 2182 1364 2217 omisso
1401 2178 1548 2227 „sum“‚
1589 2181 1615 2218 i.
1648 2194 1680 2218 e.

189 2249 370 2298 quoniam
409 2249 501 2286 inde
541 2253 650 2286 ortus
690 2262 787 2286 sum.
864 2249 986 2286 Edd.:
1037 2247 1172 2294 „Unde
1210 2261 1292 2284 sum
1327 2248 1555 2294 oriundus‘·‚
1603 2261 1682 2297 quo

187 2315 292 2354 facto
323 2330 574 2355 numerorum
607 2330 721 2354 causa
752 2316 900 2367 Gepp.:
938 2316 1010 2361 „Di
1041 2328 1173 2352 omnes
1204 2315 1278 2352 tibi
1309 2314 1443 2353 dent“.
1471 2335 1525 2341 —
1562 2317 1680 2355 1053.

187 2383 282 2422 Post
316 2381 413 2433 fieri
452 2385 603 2430 hiatum
644 2384 769 2435 Gepp.
806 2384 912 2431 ‚,uti“
957 2385 998 2421 In
1044 2386 1222 2433 proximo
1262 2388 1389 2420 autem
1432 2396 1546 2421 versu
1584 2385 1682 2421 mii-e

187 2455 364 2491 variatur
394 2454 652 2491 constructio.
686 2457 729 2490 ut
759 2449 943 2490 habuisti
974 2452 1140 2501 legatur,
1172 2464 1249 2488 non
1286 2449 1535 2497 „habueris“.
1580 2451 1682 2489 Num

187 2521 284 2558 fuit:
317 2522 408 2571 „qui
425 2521 558 2570 potuit
573 2519 687 2557 fieri?
719 2521 776 2557 Tu
795 2521 1022 2569 Carthagini
1041 2519 1092 2556 Es
1109 2523 1265 2568 gnatus,
1284 2519 1344 2555 hic
1363 2523 1490 2556 autem
1510 2519 1682 2557 habuisti

188 2589 370 2626 Aetolum
409 2592 559 2638 patrem
574 2587 616 2624 '?‘·
660 2608 715 2613 —
765 2589 883 2626 1055.
933 2584 1163 2626 Antidama
1202 2588 1341 2636 scripsi
1381 2599 1514 2624 versus
1552 2599 1679 2633 causa,

189 2656 236 2694 cf.
270 2656 318 2693 ad
344 2658 437 2696 953.
507 2655 696 2706 Geppert.
734 2654 880 2702 „illim“
917 2656 1067 2692 maluit.
1105 2673 1161 2679 —-
1197 2656 1315 2693 1056.
1349 2649 1466 2691 Emit
1501 2655 1680 2692 ultimam

188 2724 385 2773 producit,
417 2725 464 2762 cf.
486 2725 577 2761 258.
605 2743 659 2748 —
689 2725 807 2762 1057.
843 2724 1045 2760 Hannonis
1076 2726 1221 2760 notam.
1253 2735 1338 2771 quae
1370 2725 1408 2759 in
1442 2722 1470 2759 B
1501 2724 1681 2773 proximo

190 2791 342 2829 demum
374 2793 505 2830 versui
535 2791 775 2842 praefigitur,
809 2791 881 2828 huc
914 2791 1201 2828 transtulerunt
1232 2789 1338 2836 edd.‚
1376 2803 1446 2827 uec
1476 2803 1569 2828 sane
1600 2792 1681 2827 veri

189 2859 316 2896 simile
347 2865 406 2896 est
437 2860 653 2897 orationem
685 2861 767 2896 eius
799 2873 820 2896 a
853 2854 938 2896 Sed
967 2860 1169 2907 incepisse.
1194 2877 1249 2882 —
1278 2858 1396 2895 1058.
1431 2854 1524 2896 illoc
1555 2856 1602 2895 A.
1632 2877 1679 2883 —-
