1963 3243
353 248 430 287 126
1025 244 1146 278 Plauti
1585 244 1614 288 1,
1638 245 1668 288 2,
1695 244 1829 279 71-32

905 368 1272 411 Anterastilis

349 440 415 482 Eu
459 443 646 490 ecastor,
701 453 828 494 quom
875 443 1075 482 ornatum
1120 440 1310 495 adspicio
1354 445 1550 482 nostrum
1595 440 1833 493 ambarum,

1363 513 1566 566 paenitet,

348 583 598 625 Exomatae
630 586 679 624 ut
711 583 855 625 simus.

904 665 1278 717 Adelphasium
1334 694 1337 696 -

903 736 1037 777 Immo
1069 750 1174 778 uero
1205 749 1308 777 sane
1341 735 1572 788 commode,

347 807 459 849 Nam
489 821 568 862 pro
600 807 694 849 erili
726 811 770 849 et
799 812 947 849 nostro
981 812 1167 861 quaestu
1199 808 1305 849 satis
1332 807 1442 848 bene
1468 812 1646 866 ornatae
1671 822 1829 851 sumus.

348 879 441 920 Non
468 880 580 920 enim
602 883 707 933 pote
733 883 937 932 quaestus
961 878 1066 928 fieri,
1092 879 1127 919 si
1152 892 1247 920 eum
1265 883 1460 932 sumptus
1486 884 1674 932 superat,
1698 894 1830 922 soror.

348 950 412 992 Eo
443 950 550 992 illud
583 951 721 992 satius
753 954 830 1002 est,
862 950 977 1004 quod
1005 951 1112 991 satis
1140 955 1214 999 est,
1246 949 1411 1000 habitu,
1442 963 1572 1004 quam
1597 951 1712 1004 quod
1735 951 1831 1005 plus

1367 1026 1434 1063 sat
1465 1027 1543 1063 cst.
1767 1035 1832 1069 285

904 1111 1280 1165 Ayorastocles

348 1184 416 1226 Ita
446 1198 513 1225 me
545 1184 588 1225 di
620 1188 777 1235 ament,
808 1188 857 1225 ut
881 1183 958 1225 illa
981 1197 1047 1224 me
1083 1189 1197 1224 amet
1220 1183 1366 1224 malim
1398 1198 1527 1237 quam
1553 1184 1606 1235 di,
1638 1184 1831 1238 Milphio,

347 1256 457 1298 Nam
481 1256 558 1297 illa
580 1256 736 1297 mulier
759 1256 948 1309 lapidem
974 1255 1137 1296 silicem
1161 1254 1358 1307 subigere
1382 1260 1430 1296 ut
1454 1269 1499 1297 se
1531 1260 1646 1297 amet
1675 1261 1832 1310 potest,

971 1349 1029 1390 M
1031 1350 1048 1390 ί
1060 1349 1073 1390 Ζ
1074 1349 1169 1400 phi
1182 1362 1203 1389 ο

347 1422 425 1464 Ρο1
457 1422 657 1476 equidem
688 1421 805 1463 haud
836 1422 1028 1471 mentire,
1060 1435 1159 1462 nam
1189 1425 1237 1462 ‘cu
1265 1435 1310 1462 es
1334 1421 1478 1475 lapide
1503 1421 1622 1463 silice
1646 1422 1832 1473 stultior,

349 1493 431 1543 Qui
461 1494 573 1535 hanc
603 1507 734 1535 ames.

900 1563 1280 1617 Ayorastocles

667 1636 724 1678 At
754 1636 854 1678 uide
886 1637 956 1687 sis,
989 1649 1085 1677 cum
1115 1636 1216 1677 illac
1246 1649 1481 1690 numquam
1511 1635 1661 1677 limaui
1691 1640 1833 1690 caput.

978 1730 1209 1781 Milphio

348 1802 528 1845 Curram
565 1804 697 1856 igitur
733 1802 879 1857 aliquo
918 1802 973 1844 ad
1012 1803 1222 1856 piscinam
1263 1807 1340 1843 aut
1380 1801 1435 1843 ad
1479 1801 1641 1853 lacum;
1686 1802 1834 1843 limum

1367 1877 1521 1927 petam.
1768 1884 1835 1918 290

899 1964 1281 2018 Ayorastocles

350 2037 463 2088 Quid
495 2051 544 2079 eo
578 2037 734 2092 opust?

974 2107 1112 2158 Milp
1126 2107 1209 2148 laio

782 2179 874 2233 Ego
907 2179 1065 2220 dicam:
1100 2183 1148 2220 ut
1178 2178 1241 2219 1111
1273 2185 1316 2220 et
1345 2179 1426 2220 tibi
1457 2178 1603 2220 limem
1634 2181 1775 2232 caput.

897 2269 1280 2323 Ayorastocles

347 2343 368 2385 1
397 2343 441 2384 in
471 2342 633 2385 malam
664 2342 774 2384 rem!

978 2425 1054 2466 Mi
1064 2424 1113 2476 lp
1124 2424 1175 2465 kz·
1186 2437 1208 2465 ο

731 2497 797 2538 Ibi
830 2510 924 2538 sum
957 2496 1171 2550 equidem.

437 2645 501 2679 281
530 2646 698 2685 ornatam
721 2642 757 2677 B
865 2643 931 2677 283
957 2642 1101 2677 erilieet
1211 2642 1277 2675 284
1301 2643 1425 2685 potest
1451 2643 1622 2684 quaestus
1647 2650 1722 2674 non
1747 2650 1833 2674 con-

349 2701 456 2735 sistet
481 2700 512 2735 si
638 2700 703 2735 285
729 2699 844 2734 satius
871 2699 901 2733 si
925 2699 1012 2733 satis
1038 2698 1137 2742 quod
1162 2698 1251 2732 satis
1278 2701 1334 2732 est
1358 2697 1504 2732 habitus
1530 2696 1612 2741 plus
1643 2707 1753 2741 quam
1778 2697 1833 2730 sat

349 2761 404 2792 est
479 2758 545 2792 286
570 2761 668 2791 amet
680 2755 753 2791 AB
823 2757 890 2790 288
914 2755 1012 2790 Polit
1037 2755 1184 2799 quidem
1197 2753 1267 2789 BG
1332 2755 1398 2788 289
1424 2753 1582 2798 quomB
1652 2751 1787 2787 lamani
1807 2749 1836 2786 G

348 2815 415 2848 290
439 2818 502 2848 aut
524 2813 643 2848 lacum
671 2812 701 2847 O
807 2812 869 2846 291
899 2823 990 2856 opus
1016 2812 1064 2846 sit
1168 2812 1281 2845 limen
1307 2809 1343 2845 B
1435 2811 1501 2845 292
1526 2836 1532 2844 .
1554 2810 1592 2844 in
1617 2808 1653 2844 B
