1963 3243
0 1851 21 2126 Qr'xf1el33
0 1790 19 1835 δι’,
0 1716 26 1763 *72
0 1651 10 1661 “

114 210 147 252 Ι,
169 212 203 255 8,
226 210 362 246 22—30
747 206 945 242 Poenulus.
1522 211 1597 250 139

665 331 1048 386 Ayorastocles

117 406 330 458 Quantum
364 405 602 448 Acherunti
632 410 697 447 est
730 410 1010 452 mortuorum,

736 493 973 546 Milphio

1052 565 1248 606 Etiamne
1281 565 1401 607 abis?

664 645 1048 699 Ayorastoclcs

116 719 262 774 Neque
294 724 504 773 quantum
535 719 668 772 aquai
698 723 763 759 est
795 719 835 759 in
868 717 990 759 mari.

741 809 798 850 M
804 809 817 849 i
827 808 840 849 I
843 808 972 860 phio

1064 879 1274 920 Abiturun
1308 883 1378 920 es?
1534 891 1601 924 430

665 958 1045 1013 Ayorastocles

116 1031 266 1087 Neque
296 1032 431 1074 nubes
464 1046 610 1074 omnes
643 1036 850 1085 quantum
883 1038 960 1081 est,

741 1123 818 1163 Mi
828 1122 841 1162 I
843 1121 974 1173 phio

1042 1192 1194 1245 Pergin
1229 1193 1436 1246 pergere?

665 1272 1046 1326 Aqorastocles

116 1344 264 1399 Neque
295 1345 444 1388 stellae
477 1347 519 1387 in
553 1346 686 1388 eaelo.

745 1424 974 1476 Milphio

742 1497 895 1549 Pergin
927 1509 1052 1537 aures
1084 1494 1296 1537 tundere?

120 1567 295 1622 „Neque
325 1568 408 1611 hoc
437 1583 577 1622 neque
609 1568 715 1610 illud
747 1570 909 1622 neque‘·

665 1659 1046 1713 Ayorastocles

985 1731 1218 1772 Enimuero
1251 1729 1375 1770 serio.

115 1801 265 1856 Neque
295 1802 441 1844 hercle
472 1817 576 1845 uero
608 1827 662 1832 —

743 1874 976 1926 Milphio

715 1945 825 1996 Quid
858 1951 984 1999 opust
1015 1944 1189 1986 uerbis?

661 2025 1045 2080 Ayorastocles

1231 2094 1466 2149 Quippini?

744 2168 971 2223 Milphio

119 2237 244 2289 Quod
274 2253 361 2281 uno
392 2239 526 2282 uerbo
558 2240 699 2282 dicere
731 2241 801 2282 hic
831 2241 935 2294 quid
968 2240 1034 2281 uis
1064 2239 1177 2280 licet.
1538 2248 1604 2283 435

661 2319 1053 2373 Agorastocles

121 2387 272 2444 Neque
301 2389 445 2432 hercle
475 2405 579 2434 uero
610 2415 664 2420 —
694 2393 828 2433 serio:
860 2393 950 2432 scin
985 2389 1231 2445 quomodo?

119 2459 189 2502 Ita
217 2475 284 2502 me
316 2461 360 2503 di
390 2463 599 2505 amabunt
628 2487 683 2492 —
712 2464 783 2505 uin
819 2463 934 2504 bona
965 2463 1111 2518 dicam
1138 2460 1235 2510 fide,

210 2607 277 2642 429
301 2607 478 2643 acherunt
502 2614 560 2644 est
672 2611 739 2644 430
765 2614 896 2653 aquast
920 2609 965 2649 A,
991 2619 1084 2652 aqua
1109 2614 1163 2641 est
1188 2605 1241 2650 B,
1275 2610 1331 2640 est
1356 2618 1451 2652 aqua
1477 2607 1507 2644 C'

123 2661 333 2699 nbiturusne
356 2663 428 2700 BG
521 2666 585 2700 431
614 2677 741 2700 omnes
767 2676 832 2700 om.
862 2665 891 2700 C
985 2665 1051 2698 433
1077 2664 1162 2698 illuc
1188 2662 1258 2700 BG
1345 2663 1420 2698 AG.
1446 2665 1603 2708 spatium

122 2717 219 2810 defixit
264 2776 270 2782 ¹
307 2721 377 2810 4A34
399 2721 467 2756 MI.
494 2727 528 2758 ec
553 2722 627 2757 AG.
651 2723 775 2767 spatia
798 2723 929 2757 desunt
1021 2732 1113 2763 opus
1139 2720 1182 2762 A,
1209 2731 1302 2765 opus
1327 2720 1357 2754 si
1384 2718 1455 2755 BC
1539 2722 1606 2754 435

124 2784 186 2818 qm
213 2787 290 2810 uere
