1963 3243
726 216 766 251 V.
792 218 937 252 68-95.
1481 226 1561 264 233

106 346 238 397 pulum
286 349 451 384 stantem
499 347 613 384 ludos
659 351 868 397 spectasse,
917 364 949 385 v.
999 348 1154 397 proleg.
1203 363 1238 399 p.
1293 351 1382 394 163,
1425 365 1561 390 versus

107 415 271 453 81—-83
312 417 395 453 eius
434 430 510 453 nou
550 429 632 454 esse
674 420 850 467 apparet.
894 417 951 455 his
983 421 1112 455 autem
1147 419 1325 468 proxima
1357 432 1480 469 usque
1513 421 1558 457 ad

106 484 156 522 87
189 484 383 521 artissime
416 486 620 522 coniuncta
651 489 755 522 sunt.
807 485 884 523 Uos
917 487 1040 535 igitur
1065 488 1095 523 si
1121 489 1210 536 quis
1237 489 1344 524 uncis
1368 489 1559 533 secludat,

104 566 179 590 non
220 553 449 601 improbem,
492 552 590 590 duos
631 555 779 603 primos
818 567 955 591 versus
996 569 1064 593 cur
1102 555 1293 601 damnem,
1327 569 1402 593 non
1434 558 1559 604 video,

104 634 173 658 nec
200 622 321 670 magis
348 622 588 666 histrionem,
621 635 739 672 quum
767 636 834 659 sun
860 624 1035 670 adderet,
1068 623 1294 662 Plautinum
1322 627 1559 675 principium

103 696 248 726 temere
296 690 483 727 abiecisse
530 690 661 728 credo.
725 690 940 729 Lorenzius
988 705 1153 742 eumque
1202 698 1358 731 secutus
1404 694 1562 731 Brixius

101 771 176 795 non
209 758 334 795 solnm
368 771 427 796 vv.
463 759 630 796 79-—87
665 772 685 795 a
718 759 861 797 Plauto
888 759 1126 805 abiudicant,
1163 762 1228 799 sed
1255 763 1374 799 etiam
1395 763 1557 801 88—94

99 827 218 864 tertio
256 827 406 864 cuidam
447 829 598 865 auctori
638 827 842 874 tribuunt;
882 829 1065 878 equidem
1105 842 1180 866 non
1222 834 1374 868 tantum
1415 831 1560 868 iudicio

99 908 183 933 meo
214 895 381 933 confido.

212 965 276 1002 80.
310 964 534 1012 benignatus,
575 965 622 1002 cf.
657 965 778 1003 Mei-c.
817 967 879 1003 15.
915 965 1018 1003 Men.
1058 967 1117 1003 16.
1154 986 1205 992 -
1239 968 1306 1005 81.
1338 969 1562 1006 auscultare

98 1033 156 1070 ed.
183 1033 499 1083 pr.—„710Hel“
537 1046 609 1083 pro
641 1033 743 1072 nolet
773 1048 882 1071 error
915 1038 986 1081 est,
1020 1036 1081 1072 cui
1114 1036 1259 1072 frustra
1292 1037 1562 1086 patrocinatur

97 1100 141 1139 R.
175 1102 284 1152 praef.
318 1100 442 1139 Stich.
470 1115 507 1151 p.
534 1101 617 1138 XV.
655 1122 701 1127 —
739 1104 802 1140 83.
837 1103 884 1140 cf.
919 1102 1018 1140 Rud.
1055 1103 1120 1142 31.
1154 1124 1207 1129 —
1241 1105 1305 1142 84.
1346 1104 1561 1143 Comoediai

96 1170 314 1220 Scioppius,
353 1171 400 1208 cf.
448 1170 536 1208 103.
575 1190 622 1195 —
657 1183 769 1219 qnam
811 1183 880 1209 nos
924 1171 1027 1221 Pyl.;
1071 1173 1116 1210 R.
1160 1187 1244 1210 cum
1285 1174 1372 1210 aliis
1415 1188 1558 1224 „qnam

95 1238 247 1277 modo“.
293 1259 340 1265 —
385 1240 450 1277 86.
491 1242 546 1278 est
584 1239 762 1288 Pylades.
807 1261 860 1265 —
900 1242 964 1278 87.
1007 1242 1064 1286 Id,
1106 1241 1210 1291 quod
1251 1242 1384 1280 Graece
1423 1243 1561 1286 ἀλαζών

94 1307 250 1346 dicitur.
284 1327 336 1333 —
371 1309 435 1346 88.
468 1309 703 1355 Ephesumst
734 1309 860 1354 Ribb.,
895 1311 1081 1358 quoniam
1115 1313 1152 1348 in
1184 1311 1297 1349 codd.
1328 1316 1387 1348 est
1413 1315 1559 1362 „epesfi

93 1375 156 1423 e“,
201 1377 330 1426 „quod
372 1390 448 1414 non
491 1377 636 1427 magis“
682 1379 813 1427 inquit
856 1377 1189 1424 „oblitterandum
1224 1393 1340 1430 quam
1374 1381 1556 1429 Abydum

91 1445 349 1496 Lampsacum
404 1445 583 1495 Cyzicum
641 1446 905 1497 Epidamnum
965 1446 1252 1486 Orchomenum
1310 1448 1556 1498 Epidaurum
1584 1461 1604 1479 ⁰

91 1513 321 1552 Corinthum
349 1515 426 1551 alia
451 1519 603 1552 neutra.
641 1517 842 1564 Aspiratio
862 1515 1084 1553 Graecorum
1114 1517 1410 1565 vocabulorum,
1440 1532 1556 1569 quam

97 1597 118 1621 a
150 1583 333 1621 Plautina
365 1588 478 1620 aetate
511 1584 679 1621 alienam
713 1584 832 1621 fuisse
865 1588 1030 1629 constat,
1058 1586 1169 1622 deest
1197 1588 1312 1623 etiam
1340 1588 1380 1624 in
1406 1601 1556 1637 argum.

95 1652 143 1698 ΙΙ,
175 1654 217 1690 4:
252 1658 393 1703 epessfi
427 1651 492 1689 B.“
530 1672 583 1678 -
626 1653 722 1689 illest
754 1652 870 1701 Seyff.
904 1652 1014 1690 Stud.
1048 1667 1086 1703 p.
1123 1655 1185 1691 18.
1249 1654 1406 1705 Lipsius
1442 1656 1558 1699 ..inde

95 1720 175 1759 est⁶⁴
211 1722 401 1760 voluerat.
436 1741 490 1747 —
523 1723 587 1759 90.
622 1721 863 1763 Stercoreuss
894 1722 986 1759 Lor.
1019 1723 1189 1760 contulit
1215 1723 1299 1761 Cas.
1332 1725 1421 1762 114.
1450 1725 1556 1763 Pers.

96 1790 190 1829 406.
225 1810 272 1816 —
309 1787 372 1828 9'1.
408 1791 454 1828 cf.
490 1791 584 1828 778.
617 1810 671 1816 —
703 1789 768 1828 92.
803 1791 1013 1829 deridiculo
1047 1794 1102 1829 est
1133 1791 1298 1838 Acidal„
1332 1793 1378 1830 cf.
1412 1794 1555 1844 Amph.

95 1859 188 1897 675.
220 1859 362 1897 Pseud.
399 1860 517 1898 1058.
565 1859 655 1897 Tac.
688 1860 788 1897 Ann.
821 1859 891 1906 III,
928 1862 991 1897 57.
1025 1859 1109 1898 Cas.
1139 1861 1240 1899 815:
1277 1860 1555 1909 „inridiculo“.

93 1946 147 1952 —
180 1929 244 1966 93.
277 1928 444 1966 ductant
481 1927 633 1967 Charis.
665 1941 702 1978 p.
737 1929 808 1976 793
847 1929 872 1966 i.
916 1942 945 1965 e.
987 1929 1160 1967 ludibrio
1203 1929 1360 1968 habent.
1422 1931 1557 1970 Labiesss

96 2000 226 2034 autem
265 1996 337 2035 hoc
375 1997 538 2043 faciunt,
577 1998 601 2035 i.
635 2010 667 2034 e.
702 2009 770 2034 ore
817 2001 1002 2047 proterve
1049 1997 1235 2044 obtort0;
1284 1999 1387 2048 quod
1435 2013 1555 2049 quum

91 2067 232 2114 saepius
264 2066 454 2109 facerent,
495 2064 819 2104 consuetudinem
852 2067 890 2102 in
922 2072 1104 2103 naturam
1139 2067 1267 2104 abisse
1299 2069 1368 2115 ait,
1410 2073 1453 2106 ut
1485 2083 1553 2106 ore

93 2137 275 2172 contorto
308 2140 459 2183 essent;
497 2136 655 2173 gauium
690 2135 789 2170 enim
824 2135 952 2184 ipsum
987 2147 1028 2171 os
1062 2138 1132 2180 est,
1166 2148 1200 2171 v.
1237 2136 1284 2173 ad
1317 2137 1426 2175 Asin.
1463 2139 1554 2176 791.

96 2198 303 2251 „nalqum“
338 2206 393 2241 ait
424 2203 576 2241 Nonius
609 2216 646 2252 p.
683 2204 731 2240 25
781 2204 967 2253 „proprie
1007 2204 1198 2240 intortum
1242 2203 1341 2251 est“;
1390 2206 1555 2245 ridicule

93 2275 221 2310 autem
253 2286 274 2309 a
305 2273 485 2310 eruribus
518 2271 566 2309 ad
600 2271 773 2309 osculum
806 2271 1057 2309 transfertur.
1120 2272 1228 2310 Festi
1262 2273 1370 2311 locus
1402 2289 1439 2325 p.
1475 2276 1553 2315 375

92 2341 206 2377 nimis
237 2346 445 2391 corruptus
477 2346 535 2377 est
596 2339 776 2377 Cet-erum
811 2344 916 2377 recte
941 2339 1162 2378 Charisius:
1200 2340 1355 2388 „Labra
1387 2348 1425 2380 et
1449 2344 1554 2381 labia

91 2407 314 2447 indistincte
345 2409 571 2453 dicuntur“,
606 2422 724 2458 quum
757 2409 920 2446 Verrius
950 2410 1087 2459 putide
1112 2410 1369 2457 distinxisset,
1402 2413 1555 2451 modica

93 2489 174 2514 esse
212 2477 333 2523 labra,
376 2478 479 2516 labia
518 2477 727 2515 inmodica.
762 2497 817 2502 —
850 2478 913 2515 95.
947 2478 1048 2515 Nam
1083 2480 1268 2529 quoniam
1309 2494 1386 2518 non
1419 2481 1552 2527 habet,

93 2557 169 2594 quo
218 2546 426 2593 referatur,
464 2546 510 2584 R.
550 2546 654 2583 huno
692 2559 846 2583 versum
886 2551 977 2597 post·
1024 2549 1075 2585 97
1122 2549 1275 2598 posuit3
1324 2549 1432 2596 Lor.‚
1471 2550 1551 2596 Br.‚

92 2611 204 2652 Ribb.
251 2621 338 2653 ante
378 2628 464 2652 enm
505 2614 694 2652 excidisse
735 2615 914 2664 quaedam
956 2620 1202 2654 censuerunt.
1278 2616 1320 2653 In
1368 2631 1456 2655 ann.
1504 2618 1552 2656 ad

93 2680 230 2732 Amph.
290 2685 365 2722 104
428 2687 591 2721 conatus
644 2696 727 2720 sum
790 2684 967 2721 codicum
1038 2686 1272 2734 scripturam
1328 2685 1551 2732 defendere,

91 2748 157 2786 sed
216 2749 302 2788 fieri
362 2756 495 2802 potest
553 2756 597 2788 ut
651 2764 712 2787 vv.
769 2753 935 2790 95-97
999 2754 1195 2802 posterior
1254 2767 1390 2790 manus
1443 2755 1551 2791 addi-

92 2816 205 2857 derit.
240 2838 287 2844 —
323 2819 387 2858 96.
429 2821 640 2858 deuenerc'm
675 2819 736 2857 ed.
769 2833 828 2870 pr.
869 2839 922 2844 —
964 2822 1028 2858 97.
1061 2821 1108 2858 ab
1139 2831 1180 2858 eo
1211 2822 1275 2859 cui
1304 2823 1364 2859 ed.
1398 2835 1458 2873 pr.
1503 2843 1547 2848 —
