1963 3243
106 182 171 225 nl,
196 184 227 225 2,
256 183 374 222 14—3,
399 184 420 215 6
730 184 921 217 Mercator.
1488 188 1561 227 177

191 308 278 350 Iam
310 309 446 360 iurgio
480 309 683 357 micabit,
716 310 750 350 si
783 310 896 351 intro
931 310 1112 353 rediero.

192 380 347 421 Uerum
383 381 526 421 hercle
561 385 779 434 postremo
815 389 910 423 utut
943 388 1019 430 est,
1053 397 1133 422 nou
1170 382 1240 422 ibo
1275 388 1433 428 tamen,
1495 396 1561 425 55o

191 452 273 493 Sed
307 452 416 494 hunc
449 454 640 494 uicinum
673 454 790 507 prius
823 455 1079 495 conueniam
1110 468 1240 508 quam
1274 454 1447 495 domum

192 525 392 566 Redeam.
456 525 513 567 Ut
545 525 647 566 mihi
681 526 801 566 aedis
833 526 1006 580 aliquas
1039 526 1266 575 conducat,
1301 527 1413 575 uolo,

191 596 270 638 Ubi
303 597 471 638 habitet
504 599 641 639 istaec
674 597 842 639 mulier.
906 601 1047 651 Atque
1080 612 1226 639 eccum
1260 600 1293 640 it
1324 600 1452 640 foras.

284 813 641 857 LYSIMACHUS
677 814 947 865 DEMIPHQ
982 815 1159 856 SENES
1192 816 1243 856 II.
1309 816 1381 857 DU

657 940 1009 995 Lysimachus

106 1013 323 1055 Adducam
358 1027 438 1066 ego
471 1013 588 1053 illum
625 1014 706 1054 iam
741 1013 795 1054 ad
828 1019 882 1061 te,
914 1014 948 1054 si
982 1027 1239 1055 conuenere.

706 1116 961 1169 Demipho

106 1189 172 1230 Me
204 1188 331 1229 dicits

657 1268 1012 1322 Lysimachus

376 1340 486 1390 Quid
521 1341 597 1390 ais,
632 1340 875 1394 Demipho?

706 1444 739 1484 D
751 1459 772 1484 e
786 1445 848 1484 mi
862 1459 886 1497 p
899 1444 924 1484 h
938 1459 960 1485 o

853 1516 928 1557 Est
962 1516 1113 1557 mulier
1145 1516 1291 1557 domi?
1501 1528 1567 1559 555

658 1619 1012 1673 Lysimachus

108 1691 218 1743 Quid
250 1692 432 1733 censes?

710 1771 963 1826 Demipho

463 1843 573 1894 Quid
607 1844 641 1884 si
674 1844 841 1885 uisam?

658 1947 687 1987 L
700 1962 755 2001 ys
769 1948 781 1988 i
795 1962 834 1988 m
848 1947 944 1988 ach
957 1962 982 1988 u
995 1961 1013 1988 s

925 2020 1037 2070 Quid
1072 2020 1307 2073 properas?
1337 2032 1468 2060 mane.

710 2125 777 2165 De
791 2124 892 2178 mip
905 2124 931 2164 h
944 2138 967 2165 o

112 2193 222 2244 Quid
254 2194 441 2236 faciam‘.>

664 2275 1016 2331 Lysimachus

517 2347 640 2398 Quod
673 2353 803 2402 opust
834 2349 964 2399 factm
997 2348 1129 2389 facito
1162 2353 1210 2389 ut
1242 2348 1419 2401 cogites.

713 2451 968 2505 Demipho

113 2520 221 2572 Quid
255 2523 468 2576 cogitem‘.>
516 2523 727 2577 Equidem
761 2523 907 2565 hercle
940 2539 1049 2578 opus
1083 2524 1164 2565 hoc
1196 2523 1311 2564 facto
1345 2524 1572 2571 existumo,

114 2593 171 2636 Ut
200 2595 274 2636 illo
307 2595 419 2636 intro
453 2609 560 2637 eam.

205 2755 270 2788 549
295 2755 373 2789 Iam
399 2765 466 2790 om.
493 2754 522 2789 C
612 2756 677 2789 553
705 2759 742 2789 ut
770 2754 868 2789 foras
895 2755 922 2790 0
1015 2755 1080 2790 DU
1105 2766 1171 2790 om.
1202 2754 1235 2789 B
1329 2756 1396 2788 555
1422 2754 1515 2788 dicis
1541 2753 1576 2786 Β

117 2810 182 2844 556
205 2821 311 2846 mane
337 2822 402 2852 om.
497 2813 563 2846 558
589 2814 771 2847 exestimo
787 2812 821 2846 B
914 2814 981 2847 559
1008 2813 1092 2847 illue

185 2878 282 2904 Plauti
304 2879 477 2906 Comediaee
502 2881 553 2913 lv,
572 2884 592 2908 1.
1333 2883 1372 2915 12
