<?xml version="1.0" encoding="UTF-8"?>
<!DOCTYPE html PUBLIC "-//W3C//DTD XHTML 1.0 Transitional//EN"
    "http://www.w3.org/TR/xhtml1/DTD/xhtml1-transitional.dtd">
<html xmlns="http://www.w3.org/1999/xhtml" xml:lang="en" lang="en">
 <head>
  <title>
</title>
<meta http-equiv="Content-Type" content="text/html;charset=utf-8" />
  <meta name='ocr-system' content='tesseract 3.04.00' />
  <meta name='ocr-capabilities' content='ocr_page ocr_carea ocr_par ocr_line ocrx_word'/>
</head>
<body>
  <div class='ocr_page' id='page_1' title='image "./comoediaerecensu04plauuoft_0137.png"; bbox 0 0 1963 3243; ppageno 0'>
   <div class='ocr_carea' id='block_1_1' title="bbox 556 296 1061 349">
    <p class='ocr_par' dir='ltr' id='par_1_1' title="bbox 556 296 1061 349">
     <span class='ocr_line' id='line_1_1' title="bbox 556 296 1061 349; baseline -0.004 0"><span class='ocrx_word' id='word_1_1' title='bbox 556 297 985 349; x_wconf 74' lang='lat' dir='ltr'>ARGUMENTUM</span> <span class='ocrx_word' id='word_1_2' title='bbox 1022 296 1061 348; x_wconf 92' lang='lat' dir='ltr'>I.</span> 
     </span>
    </p>
   </div>
   <div class='ocr_carea' id='block_1_2' title="bbox 251 411 1537 971">
    <p class='ocr_par' dir='ltr' id='par_1_2' title="bbox 252 411 1323 465">
     <span class='ocr_line' id='line_1_2' title="bbox 252 411 1323 465; baseline -0.003 -10"><span class='ocrx_word' id='word_1_3' title='bbox 252 414 408 456; x_wconf 88' lang='lat' dir='ltr'>Missus</span> <span class='ocrx_word' id='word_1_4' title='bbox 440 417 677 453; x_wconf 86' lang='lat' dir='ltr'>mercatum</span> <span class='ocrx_word' id='word_1_5' title='bbox 710 411 764 452; x_wconf 88' lang='lat' dir='ltr'>ab</span> <span class='ocrx_word' id='word_1_6' title='bbox 799 426 876 452; x_wconf 81' lang='lat' dir='ltr'>suo</span> <span class='ocrx_word' id='word_1_7' title='bbox 909 411 1167 453; x_wconf 81' lang='lat' dir='ltr'>adulescens</span> <span class='ocrx_word' id='word_1_8' title='bbox 1200 415 1323 465; x_wconf 86' lang='lat' dir='ltr'>patre</span> 
     </span>
    </p>

    <p class='ocr_par' dir='ltr' id='par_1_3' title="bbox 252 483 1413 682">
     <span class='ocr_line' id='line_1_3' title="bbox 252 483 1346 538; baseline -0.005 -10"><span class='ocrx_word' id='word_1_9' title='bbox 252 486 367 528; x_wconf 85' lang='lat' dir='ltr'>Emit</span> <span class='ocrx_word' id='word_1_10' title='bbox 398 489 530 537; x_wconf 86' lang='lat' dir='ltr'>atque</span> <span class='ocrx_word' id='word_1_11' title='bbox 562 484 769 538; x_wconf 80' lang='lat' dir='ltr'>adportat</span> <span class='ocrx_word' id='word_1_12' title='bbox 801 485 909 525; x_wconf 83' lang='lat' dir='ltr'>scita</span> <span class='ocrx_word' id='word_1_13' title='bbox 941 485 1079 525; x_wconf 81' lang='lat' dir='ltr'>forma</span> <span class='ocrx_word' id='word_1_14' title='bbox 1110 483 1346 524; x_wconf 88' lang='lat' dir='ltr'>mulierem.</span> 
     </span>
     <span class='ocr_line' id='line_1_4' title="bbox 254 556 1413 610; baseline -0.003 -11"><span class='ocrx_word' id='word_1_15' title='bbox 254 558 449 610; x_wconf 85' lang='lat' dir='ltr'>Requirit</span> <span class='ocrx_word' id='word_1_16' title='bbox 482 570 592 609; x_wconf 88' lang='lat' dir='ltr'>quae</span> <span class='ocrx_word' id='word_1_17' title='bbox 626 557 694 606; x_wconf 75' lang='lat' dir='ltr'>sit,</span> <span class='ocrx_word' id='word_1_18' title='bbox 727 562 955 610; x_wconf 80' lang='lat' dir='ltr'>postquam</span> <span class='ocrx_word' id='word_1_19' title='bbox 988 570 1080 597; x_wconf 89' lang='lat' dir='ltr'>eam</span> <span class='ocrx_word' id='word_1_20' title='bbox 1115 556 1239 601; x_wconf 78' lang='lat' dir='ltr'>uidit,</span> <span class='ocrx_word' id='word_1_21' title='bbox 1273 569 1413 595; x_wconf 82' lang='lat' dir='ltr'>senex.</span> 
     </span>
     <span class='ocr_line' id='line_1_5' title="bbox 252 628 1362 682; baseline -0.002 -11"><span class='ocrx_word' id='word_1_22' title='bbox 252 629 467 682; x_wconf 80' lang='lat' dir='ltr'>Contingit</span> <span class='ocrx_word' id='word_1_23' title='bbox 500 643 651 669; x_wconf 84' lang='lat' dir='ltr'>seruos</span> <span class='ocrx_word' id='word_1_24' title='bbox 684 633 874 682; x_wconf 79' lang='lat' dir='ltr'>emptam</span> <span class='ocrx_word' id='word_1_25' title='bbox 907 629 1036 669; x_wconf 87' lang='lat' dir='ltr'>matri</span> <span class='ocrx_word' id='word_1_26' title='bbox 1069 628 1362 682; x_wconf 73' lang='lat' dir='ltr'>pedisequam.</span> 
     </span>
    </p>

    <p class='ocr_par' dir='ltr' id='par_1_4' title="bbox 251 699 1537 826">
     <span class='ocr_line' id='line_1_6' title="bbox 251 699 1537 743; baseline -0.002 0"><span class='ocrx_word' id='word_1_27' title='bbox 251 705 379 743; x_wconf 87' lang='lat' dir='ltr'>Amat</span> <span class='ocrx_word' id='word_1_28' title='bbox 410 716 539 743; x_wconf 83' lang='lat' dir='ltr'>senex</span> <span class='ocrx_word' id='word_1_29' title='bbox 571 700 681 742; x_wconf 85' lang='lat' dir='ltr'>hanc</span> <span class='ocrx_word' id='word_1_30' title='bbox 713 715 764 742; x_wconf 80' lang='lat' dir='ltr'>ac</span> <span class='ocrx_word' id='word_1_31' title='bbox 796 715 840 743; x_wconf 90' lang='lat' dir='ltr'>se</span> <span class='ocrx_word' id='word_1_32' title='bbox 872 701 1080 742; x_wconf 82' lang='lat' dir='ltr'>simulans</span> <span class='ocrx_word' id='word_1_33' title='bbox 1113 699 1300 741; x_wconf 81' lang='lat' dir='ltr'>uendere</span> <span class='ocrx_word' id='word_1_34' title='bbox 1518 713 1537 743; x_wconf 86' lang='lat'>.3</span> 
     </span>
     <span class='ocr_line' id='line_1_7' title="bbox 251 772 1173 826; baseline -0.003 -10"><span class='ocrx_word' id='word_1_35' title='bbox 251 774 402 816; x_wconf 81' lang='lat' dir='ltr'>Tradit</span> <span class='ocrx_word' id='word_1_36' title='bbox 434 774 589 815; x_wconf 89' lang='lat' dir='ltr'>uicino.</span> <span class='ocrx_word' id='word_1_37' title='bbox 652 772 761 814; x_wconf 87' lang='lat' dir='ltr'>Eum</span> <span class='ocrx_word' id='word_1_38' title='bbox 794 777 921 826; x_wconf 87' lang='lat' dir='ltr'>putat</span> <span class='ocrx_word' id='word_1_39' title='bbox 951 787 1059 814; x_wconf 79' lang='lat' dir='ltr'>uxor</span> <span class='ocrx_word' id='word_1_40' title='bbox 1090 772 1173 813; x_wconf 90' lang='lat' dir='ltr'>sibi</span> 
     </span>
    </p>

    <p class='ocr_par' dir='ltr' id='par_1_5' title="bbox 252 843 1350 971">
     <span class='ocr_line' id='line_1_8' title="bbox 252 843 1326 897; baseline -0.004 -9"><span class='ocrx_word' id='word_1_41' title='bbox 252 846 430 889; x_wconf 80' lang='lat' dir='ltr'>Obduxe</span> <span class='ocrx_word' id='word_1_42' title='bbox 464 851 666 887; x_wconf 87' lang='lat' dir='ltr'>scortum.</span> <span class='ocrx_word' id='word_1_43' title='bbox 728 845 836 887; x_wconf 89' lang='lat' dir='ltr'>Tum</span> <span class='ocrx_word' id='word_1_44' title='bbox 871 844 1107 886; x_wconf 82' lang='lat' dir='ltr'>Charinum</span> <span class='ocrx_word' id='word_1_45' title='bbox 1141 859 1189 885; x_wconf 87' lang='lat' dir='ltr'>ex</span> <span class='ocrx_word' id='word_1_46' title='bbox 1224 843 1326 897; x_wconf 83' lang='lat' dir='ltr'>fuga</span> 
     </span>
     <span class='ocr_line' id='line_1_9' title="bbox 253 918 1350 971; baseline -0.003 -11"><span class='ocrx_word' id='word_1_47' title='bbox 253 919 453 960; x_wconf 85' lang='lat' dir='ltr'>Retrahit</span> <span class='ocrx_word' id='word_1_48' title='bbox 485 918 657 968; x_wconf 91' lang='lat' dir='ltr'>sodalis,</span> <span class='ocrx_word' id='word_1_49' title='bbox 691 922 922 971; x_wconf 86' lang='lat' dir='ltr'>postquam</span> <span class='ocrx_word' id='word_1_50' title='bbox 955 918 1139 959; x_wconf 84' lang='lat' dir='ltr'>amicam</span> <span class='ocrx_word' id='word_1_51' title='bbox 1171 918 1350 957; x_wconf 88' lang='lat' dir='ltr'>inuenit.</span> 
     </span>
    </p>
   </div>
   <div class='ocr_carea' id='block_1_3' title="bbox 249 1215 1541 2140">
    <p class='ocr_par' dir='ltr' id='par_1_6' title="bbox 252 1215 1256 1269">
     <span class='ocr_line' id='line_1_10' title="bbox 252 1215 1256 1269; baseline -0.003 -10"><span class='ocrx_word' id='word_1_52' title='bbox 252 1217 491 1259; x_wconf 86' lang='lat' dir='ltr'>Mercatum</span> <span class='ocrx_word' id='word_1_53' title='bbox 524 1220 694 1257; x_wconf 91' lang='lat' dir='ltr'>asotum</span> <span class='ocrx_word' id='word_1_54' title='bbox 727 1215 863 1258; x_wconf 89' lang='lat' dir='ltr'>filium</span> <span class='ocrx_word' id='word_1_55' title='bbox 897 1215 1092 1257; x_wconf 86' lang='lat' dir='ltr'>extrudit</span> <span class='ocrx_word' id='word_1_56' title='bbox 1122 1219 1256 1269; x_wconf 88' lang='lat' dir='ltr'>pater.</span> 
     </span>
    </p>

    <p class='ocr_par' dir='ltr' id='par_1_7' title="bbox 252 1287 1368 1415">
     <span class='ocr_line' id='line_1_11' title="bbox 253 1287 1368 1343; baseline -0.002 -13"><span class='ocrx_word' id='word_1_57' title='bbox 253 1289 292 1330; x_wconf 90' lang='lat' dir='ltr'>Is</span> <span class='ocrx_word' id='word_1_58' title='bbox 322 1302 499 1343; x_wconf 87' lang='lat' dir='ltr'>peregre</span> <span class='ocrx_word' id='word_1_59' title='bbox 531 1289 692 1330; x_wconf 90' lang='lat' dir='ltr'>missus</span> <span class='ocrx_word' id='word_1_60' title='bbox 724 1288 900 1330; x_wconf 86' lang='lat' dir='ltr'>redimit</span> <span class='ocrx_word' id='word_1_61' title='bbox 931 1288 1135 1330; x_wconf 72' lang='lat' dir='ltr'>ancillam</span> <span class='ocrx_word' id='word_1_62' title='bbox 1167 1287 1368 1342; x_wconf 77' lang='lat' dir='ltr'>hospitis,</span> 
     </span>
     <span class='ocr_line' id='line_1_12' title="bbox 252 1360 1206 1415; baseline -0.003 -12"><span class='ocrx_word' id='word_1_63' title='bbox 252 1362 406 1403; x_wconf 88' lang='lat' dir='ltr'>Amore</span> <span class='ocrx_word' id='word_1_64' title='bbox 438 1365 602 1415; x_wconf 86' lang='lat' dir='ltr'>eaptus.</span> <span class='ocrx_word' id='word_1_65' title='bbox 664 1360 723 1402; x_wconf 87' lang='lat' dir='ltr'>Ut</span> <span class='ocrx_word' id='word_1_66' title='bbox 753 1361 885 1410; x_wconf 84' lang='lat' dir='ltr'>uenit,</span> <span class='ocrx_word' id='word_1_67' title='bbox 917 1361 1021 1402; x_wconf 88' lang='lat' dir='ltr'>naui</span> <span class='ocrx_word' id='word_1_68' title='bbox 1052 1360 1206 1402; x_wconf 82' lang='lat' dir='ltr'>exsilit.</span> 
     </span>
    </p>

    <p class='ocr_par' dir='ltr' id='par_1_8' title="bbox 251 1433 1285 1486">
     <span class='ocr_line' id='line_1_13' title="bbox 251 1433 1285 1486; baseline -0.003 -10"><span class='ocrx_word' id='word_1_69' title='bbox 251 1434 380 1476; x_wconf 86' lang='lat' dir='ltr'>Pater</span> <span class='ocrx_word' id='word_1_70' title='bbox 411 1433 591 1475; x_wconf 88' lang='lat' dir='ltr'>aduolat</span> <span class='ocrx_word' id='word_1_71' title='bbox 621 1434 661 1473; x_wconf 74' lang='lat' dir='ltr'>et</span> <span class='ocrx_word' id='word_1_72' title='bbox 689 1433 829 1474; x_wconf 92' lang='lat' dir='ltr'>uisam</span> <span class='ocrx_word' id='word_1_73' title='bbox 859 1433 1064 1475; x_wconf 84' lang='lat' dir='ltr'>ancillam</span> <span class='ocrx_word' id='word_1_74' title='bbox 1096 1433 1285 1486; x_wconf 90' lang='lat' dir='ltr'>deperit;</span> 
     </span>
    </p>

    <p class='ocr_par' dir='ltr' id='par_1_9' title="bbox 251 1505 1540 1632">
     <span class='ocr_line' id='line_1_14' title="bbox 252 1505 1540 1560; baseline -0.002 -12"><span class='ocrx_word' id='word_1_75' title='bbox 252 1506 413 1557; x_wconf 88' lang='lat' dir='ltr'>Quoius</span> <span class='ocrx_word' id='word_1_76' title='bbox 445 1507 513 1557; x_wconf 90' lang='lat' dir='ltr'>sit,</span> <span class='ocrx_word' id='word_1_77' title='bbox 545 1510 840 1560; x_wconf 86' lang='lat' dir='ltr'>percontatur.</span> <span class='ocrx_word' id='word_1_78' title='bbox 901 1505 1059 1548; x_wconf 87' lang='lat' dir='ltr'>Seruos</span> <span class='ocrx_word' id='word_1_79' title='bbox 1091 1505 1372 1560; x_wconf 87' lang='lat' dir='ltr'>pedisequam</span> <span class='ocrx_word' id='word_1_80' title='bbox 1521 1516 1540 1547; x_wconf 89' lang='lat'>3</span> 
     </span>
     <span class='ocr_line' id='line_1_15' title="bbox 251 1578 1283 1632; baseline -0.002 -12"><span class='ocrx_word' id='word_1_81' title='bbox 251 1578 315 1620; x_wconf 91' lang='lat' dir='ltr'>Ab</span> <span class='ocrx_word' id='word_1_82' title='bbox 346 1578 625 1620; x_wconf 87' lang='lat' dir='ltr'>adulescente</span> <span class='ocrx_word' id='word_1_83' title='bbox 656 1579 785 1620; x_wconf 87' lang='lat' dir='ltr'>matri</span> <span class='ocrx_word' id='word_1_84' title='bbox 819 1579 880 1619; x_wconf 75' lang='lat' dir='ltr'>ait</span> <span class='ocrx_word' id='word_1_85' title='bbox 909 1583 1100 1632; x_wconf 85' lang='lat' dir='ltr'>emptam</span> <span class='ocrx_word' id='word_1_86' title='bbox 1132 1579 1283 1632; x_wconf 90' lang='lat' dir='ltr'>ipsius.</span> 
     </span>
    </p>

    <p class='ocr_par' dir='ltr' id='par_1_10' title="bbox 249 1650 1172 1705">
     <span class='ocr_line' id='line_1_16' title="bbox 249 1650 1172 1705; baseline -0.001 -12"><span class='ocrx_word' id='word_1_87' title='bbox 249 1650 388 1693; x_wconf 83' lang='lat' dir='ltr'>Senex</span> <span class='ocrx_word' id='word_1_88' title='bbox 418 1650 500 1693; x_wconf 91' lang='lat' dir='ltr'>sibi</span> <span class='ocrx_word' id='word_1_89' title='bbox 531 1652 812 1705; x_wconf 87' lang='lat' dir='ltr'>prospiciens,</span> <span class='ocrx_word' id='word_1_90' title='bbox 845 1655 893 1692; x_wconf 92' lang='lat' dir='ltr'>ut</span> <span class='ocrx_word' id='word_1_91' title='bbox 923 1651 1062 1692; x_wconf 88' lang='lat' dir='ltr'>amico</span> <span class='ocrx_word' id='word_1_92' title='bbox 1095 1664 1172 1692; x_wconf 87' lang='lat' dir='ltr'>suo</span> 
     </span>
    </p>

    <p class='ocr_par' dir='ltr' id='par_1_11' title="bbox 252 1722 1198 1775">
     <span class='ocr_line' id='line_1_17' title="bbox 252 1722 1198 1775; baseline -0.001 -10"><span class='ocrx_word' id='word_1_93' title='bbox 252 1722 439 1774; x_wconf 89' lang='lat' dir='ltr'>Ueniret‚</span> <span class='ocrx_word' id='word_1_94' title='bbox 472 1727 623 1764; x_wconf 89' lang='lat' dir='ltr'>natum</span> <span class='ocrx_word' id='word_1_95' title='bbox 655 1723 820 1775; x_wconf 86' lang='lat' dir='ltr'>orabat,</span> <span class='ocrx_word' id='word_1_96' title='bbox 852 1728 996 1775; x_wconf 88' lang='lat' dir='ltr'>natus,</span> <span class='ocrx_word' id='word_1_97' title='bbox 1028 1727 1078 1764; x_wconf 91' lang='lat' dir='ltr'>ut</span> <span class='ocrx_word' id='word_1_98' title='bbox 1108 1737 1198 1765; x_wconf 91' lang='lat' dir='ltr'>suo.</span> 
     </span>
    </p>

    <p class='ocr_par' dir='ltr' id='par_1_12' title="bbox 251 1794 1115 1850">
     <span class='ocr_line' id='line_1_18' title="bbox 251 1794 1115 1850; baseline 0 -13"><span class='ocrx_word' id='word_1_99' title='bbox 251 1794 334 1837; x_wconf 90' lang='lat' dir='ltr'>Hic</span> <span class='ocrx_word' id='word_1_100' title='bbox 362 1794 497 1837; x_wconf 89' lang='lat' dir='ltr'>filium</span> <span class='ocrx_word' id='word_1_101' title='bbox 529 1795 785 1838; x_wconf 85' lang='lat' dir='ltr'>subdiderat</span> <span class='ocrx_word' id='word_1_102' title='bbox 815 1797 959 1848; x_wconf 83' lang='lat' dir='ltr'>uicini,</span> <span class='ocrx_word' id='word_1_103' title='bbox 990 1801 1115 1850; x_wconf 86' lang='lat' dir='ltr'>pater</span> 
     </span>
    </p>

    <p class='ocr_par' dir='ltr' id='par_1_13' title="bbox 252 1866 1541 1994">
     <span class='ocr_line' id='line_1_19' title="bbox 252 1866 1541 1911; baseline 0.002 -2"><span class='ocrx_word' id='word_1_104' title='bbox 252 1866 463 1909; x_wconf 87' lang='lat' dir='ltr'>Uicinum.</span> <span class='ocrx_word' id='word_1_105' title='bbox 524 1867 855 1910; x_wconf 85' lang='lat' dir='ltr'>Praemercatur</span> <span class='ocrx_word' id='word_1_106' title='bbox 886 1869 1090 1910; x_wconf 86' lang='lat' dir='ltr'>ancillam</span> <span class='ocrx_word' id='word_1_107' title='bbox 1124 1883 1268 1910; x_wconf 86' lang='lat' dir='ltr'>senex.</span> <span class='ocrx_word' id='word_1_108' title='bbox 1500 1879 1541 1911; x_wconf 87' lang='lat'>10</span> 
     </span>
     <span class='ocr_line' id='line_1_20' title="bbox 253 1939 1218 1994; baseline 0.001 -13"><span class='ocrx_word' id='word_1_109' title='bbox 253 1939 360 1982; x_wconf 91' lang='lat' dir='ltr'>Eam</span> <span class='ocrx_word' id='word_1_110' title='bbox 391 1939 505 1982; x_wconf 88' lang='lat' dir='ltr'>domi</span> <span class='ocrx_word' id='word_1_111' title='bbox 537 1940 852 1994; x_wconf 88' lang='lat' dir='ltr'>deprehensam</span> <span class='ocrx_word' id='word_1_112' title='bbox 886 1942 1071 1983; x_wconf 85' lang='lat' dir='ltr'>coniunx</span> <span class='ocrx_word' id='word_1_113' title='bbox 1101 1940 1218 1982; x_wconf 90' lang='lat' dir='ltr'>illius</span> 
     </span>
    </p>

    <p class='ocr_par' dir='ltr' id='par_1_14' title="bbox 255 2012 1297 2140">
     <span class='ocr_line' id='line_1_21' title="bbox 256 2012 1297 2068; baseline 0 -14"><span class='ocrx_word' id='word_1_114' title='bbox 256 2012 395 2055; x_wconf 90' lang='lat' dir='ltr'>Uicini</span> <span class='ocrx_word' id='word_1_115' title='bbox 426 2018 617 2055; x_wconf 88' lang='lat' dir='ltr'>scortum</span> <span class='ocrx_word' id='word_1_116' title='bbox 647 2013 892 2065; x_wconf 79' lang='lat' dir='ltr'>insimulat3</span> <span class='ocrx_word' id='word_1_117' title='bbox 924 2014 1115 2068; x_wconf 87' lang='lat' dir='ltr'>protelat</span> <span class='ocrx_word' id='word_1_118' title='bbox 1143 2014 1297 2054; x_wconf 91' lang='lat' dir='ltr'>uirum.</span> 
     </span>
     <span class='ocr_line' id='line_1_22' title="bbox 255 2084 1254 2140; baseline -0.001 -13"><span class='ocrx_word' id='word_1_119' title='bbox 255 2084 473 2127; x_wconf 84' lang='lat' dir='ltr'>Mercator</span> <span class='ocrx_word' id='word_1_120' title='bbox 503 2100 656 2139; x_wconf 82' lang='lat' dir='ltr'>exspes</span> <span class='ocrx_word' id='word_1_121' title='bbox 689 2087 832 2140; x_wconf 87' lang='lat' dir='ltr'>patria</span> <span class='ocrx_word' id='word_1_122' title='bbox 862 2085 1010 2139; x_wconf 84' lang='lat' dir='ltr'>fugere</span> <span class='ocrx_word' id='word_1_123' title='bbox 1044 2086 1254 2137; x_wconf 90' lang='lat' dir='ltr'>destinat;</span> 
     </span>
    </p>
   </div>
   <div class='ocr_carea' id='block_1_4' title="bbox 255 2157 1543 2284">
    <p class='ocr_par' dir='ltr' id='par_1_15' title="bbox 255 2157 1543 2284">
     <span class='ocr_line' id='line_1_23' title="bbox 255 2157 1217 2212; baseline 0.001 -14"><span class='ocrx_word' id='word_1_124' title='bbox 255 2157 512 2200; x_wconf 89' lang='lat' dir='ltr'>Prohibetur</span> <span class='ocrx_word' id='word_1_125' title='bbox 543 2172 569 2199; x_wconf 90' lang='lat' dir='ltr'>a</span> <span class='ocrx_word' id='word_1_126' title='bbox 599 2158 760 2209; x_wconf 87' lang='lat' dir='ltr'>sodale,</span> <span class='ocrx_word' id='word_1_127' title='bbox 793 2159 867 2212; x_wconf 91' lang='lat' dir='ltr'>qui</span> <span class='ocrx_word' id='word_1_128' title='bbox 898 2163 1068 2212; x_wconf 88' lang='lat' dir='ltr'>patrem</span> <span class='ocrx_word' id='word_1_129' title='bbox 1098 2158 1217 2200; x_wconf 90' lang='lat' dir='ltr'>illius</span> 
     </span>
     <span class='ocr_line' id='line_1_24' title="bbox 257 2228 1543 2284; baseline 0.002 -12"><span class='ocrx_word' id='word_1_130' title='bbox 257 2228 363 2272; x_wconf 89' lang='lat' dir='ltr'>Orat</span> <span class='ocrx_word' id='word_1_131' title='bbox 393 2244 489 2272; x_wconf 89' lang='lat' dir='ltr'>cum</span> <span class='ocrx_word' id='word_1_132' title='bbox 520 2245 596 2272; x_wconf 91' lang='lat' dir='ltr'>suo</span> <span class='ocrx_word' id='word_1_133' title='bbox 628 2236 753 2284; x_wconf 88' lang='lat' dir='ltr'>patre</span> <span class='ocrx_word' id='word_1_134' title='bbox 784 2244 881 2283; x_wconf 76' lang='lat' dir='ltr'>una,</span> <span class='ocrx_word' id='word_1_135' title='bbox 911 2235 1013 2273; x_wconf 89' lang='lat' dir='ltr'>nato</span> <span class='ocrx_word' id='word_1_136' title='bbox 1045 2235 1093 2272; x_wconf 90' lang='lat' dir='ltr'>ut</span> <span class='ocrx_word' id='word_1_137' title='bbox 1124 2231 1309 2272; x_wconf 88' lang='lat' dir='ltr'>cederet.</span> <span class='ocrx_word' id='word_1_138' title='bbox 1502 2242 1543 2275; x_wconf 86' lang='lat'>15</span> 
     </span>
    </p>
   </div>
   <div class='ocr_carea' id='block_1_5' title="bbox 91 2323 385 2330">
    <p class='ocr_par' dir='ltr' id='par_1_16' title="bbox 91 2323 385 2330">
     <span class='ocr_line' id='line_1_25' title="bbox 91 2323 385 2330; baseline 0 913"><span class='ocrx_word' id='word_1_139' title='bbox 91 2323 385 2330; x_wconf 95' lang='lat' dir='ltr'> </span> 
     </span>
    </p>
   </div>
   <div class='ocr_carea' id='block_1_6' title="bbox 91 2369 1546 2816">
    <p class='ocr_par' dir='ltr' id='par_1_17' title="bbox 91 2369 1541 2472">
     <span class='ocr_line' id='line_1_26' title="bbox 176 2369 1541 2415; baseline 0 -10"><span class='ocrx_word' id='word_1_140' title='bbox 176 2369 435 2414; x_wconf 78' lang='lat' dir='ltr'>Discrepantia</span> <span class='ocrx_word' id='word_1_141' title='bbox 471 2371 663 2415; x_wconf 66' lang='lat' dir='ltr'>scripturae</span> <span class='ocrx_word' id='word_1_142' title='bbox 693 2371 852 2405; x_wconf 74' lang='lat' dir='ltr'>codicum</span> <span class='ocrx_word' id='word_1_143' title='bbox 887 2371 1259 2405; x_wconf 70' lang='lat' dir='ltr'>Palatino-Vaticani</span> <span class='ocrx_word' id='word_1_144' title='bbox 1288 2370 1366 2414; x_wconf 70' lang='lat' dir='ltr'><em>(B),</em></span> <span class='ocrx_word' id='word_1_145' title='bbox 1392 2370 1541 2405; x_wconf 80' lang='lat' dir='ltr'>Heidel-</span> 
     </span>
     <span class='ocr_line' id='line_1_27' title="bbox 91 2424 1024 2472; baseline 0.002 -11"><span class='ocrx_word' id='word_1_146' title='bbox 91 2424 268 2470; x_wconf 70' lang='lat' dir='ltr'>berqensis</span> <span class='ocrx_word' id='word_1_147' title='bbox 292 2427 360 2470; x_wconf 85' lang='lat' dir='ltr'><em>(G),</em></span> <span class='ocrx_word' id='word_1_148' title='bbox 386 2428 623 2462; x_wconf 72' lang='lat' dir='ltr'>Ambrosiam</span> <span class='ocrx_word' id='word_1_149' title='bbox 649 2429 724 2471; x_wconf 80' lang='lat' dir='ltr'><em>(A),</em></span> <span class='ocrx_word' id='word_1_150' title='bbox 750 2428 812 2462; x_wconf 80' lang='lat' dir='ltr'>ubi</span> <span class='ocrx_word' id='word_1_151' title='bbox 837 2430 1024 2472; x_wconf 71' lang='lat' dir='ltr'>apparuit.</span> 
     </span>
    </p>

    <p class='ocr_par' dir='ltr' id='par_1_18' title="bbox 177 2482 1546 2529">
     <span class='ocr_line' id='line_1_28' title="bbox 177 2482 1546 2529; baseline 0.001 -12"><span class='ocrx_word' id='word_1_152' title='bbox 177 2482 207 2526; x_wconf 90' lang='grc' dir='ltr'>Ι,</span> <span class='ocrx_word' id='word_1_153' title='bbox 228 2485 248 2518; x_wconf 86' lang='grc'><strong>2</strong></span> <span class='ocrx_word' id='word_1_154' title='bbox 268 2483 496 2529; x_wconf 84' lang='lat' dir='ltr'>Emittatque</span> <span class='ocrx_word' id='word_1_155' title='bbox 515 2485 550 2519; x_wconf 91' lang='lat' dir='ltr'><em>B</em></span> <span class='ocrx_word' id='word_1_156' title='bbox 642 2488 664 2519; x_wconf 88' lang='lat'>4</span> <span class='ocrx_word' id='word_1_157' title='bbox 679 2485 836 2520; x_wconf 85' lang='lat' dir='ltr'>Confieit</span> <span class='ocrx_word' id='word_1_158' title='bbox 928 2488 948 2520; x_wconf 86' lang='lat'>5</span> <span class='ocrx_word' id='word_1_159' title='bbox 968 2485 1062 2520; x_wconf 85' lang='lat' dir='ltr'>hanc</span> <span class='ocrx_word' id='word_1_160' title='bbox 1085 2485 1129 2519; x_wconf 86' lang='lat' dir='ltr'>ad</span> <span class='ocrx_word' id='word_1_161' title='bbox 1151 2498 1188 2520; x_wconf 83' lang='lat' dir='ltr'>se</span> <span class='ocrx_word' id='word_1_162' title='bbox 1203 2485 1249 2524; x_wconf 87' lang='lat' dir='ltr'>B.</span> <span class='ocrx_word' id='word_1_163' title='bbox 1278 2485 1374 2519; x_wconf 90' lang='lat' dir='ltr'>hanc</span> <span class='ocrx_word' id='word_1_164' title='bbox 1397 2496 1434 2519; x_wconf 83' lang='lat' dir='ltr'>se</span> <span class='ocrx_word' id='word_1_165' title='bbox 1457 2485 1503 2519; x_wconf 83' lang='lat' dir='ltr'>ad</span> <span class='ocrx_word' id='word_1_166' title='bbox 1518 2484 1546 2519; x_wconf 84' lang='lat' dir='ltr'><strong><em>C</em></strong></span> 
     </span>
    </p>

    <p class='ocr_par' dir='ltr' id='par_1_19' title="bbox 177 2539 1275 2578">
     <span class='ocr_line' id='line_1_29' title="bbox 177 2539 1275 2578; baseline 0.004 -4"><span class='ocrx_word' id='word_1_167' title='bbox 177 2541 199 2574; x_wconf 87' lang='grc'><strong>6</strong></span> <span class='ocrx_word' id='word_1_168' title='bbox 219 2552 299 2575; x_wconf 87' lang='lat' dir='ltr'>cum</span> <span class='ocrx_word' id='word_1_169' title='bbox 314 2541 343 2577; x_wconf 85' lang='lat' dir='ltr'><em>C</em></span> <span class='ocrx_word' id='word_1_170' title='bbox 430 2544 451 2575; x_wconf 83' lang='lat'><strong>7</strong></span> <span class='ocrx_word' id='word_1_171' title='bbox 474 2541 671 2577; x_wconf 84' lang='lat' dir='ltr'>Obdnxisti</span> <span class='ocrx_word' id='word_1_172' title='bbox 691 2554 756 2577; x_wconf 87' lang='lat' dir='ltr'>eor</span> <span class='ocrx_word' id='word_1_173' title='bbox 775 2546 880 2577; x_wconf 78' lang='lat' dir='ltr'>tuum</span> <span class='ocrx_word' id='word_1_174' title='bbox 900 2542 936 2577; x_wconf 93' lang='lat' dir='ltr'><em>B</em></span> <span class='ocrx_word' id='word_1_175' title='bbox 1028 2542 1222 2578; x_wconf 86' lang='lat' dir='ltr'>charuium</span> <span class='ocrx_word' id='word_1_176' title='bbox 1243 2539 1275 2578; x_wconf 81' lang='lat' dir='ltr'>¹C&#39;</span> 
     </span>
    </p>

    <p class='ocr_par' dir='ltr' id='par_1_20' title="bbox 92 2597 1546 2702">
     <span class='ocr_line' id='line_1_30' title="bbox 201 2597 1546 2642; baseline 0.001 -10"><span class='ocrx_word' id='word_1_177' title='bbox 201 2597 250 2642; x_wconf 85' lang='lat' dir='ltr'>II,</span> <span class='ocrx_word' id='word_1_178' title='bbox 279 2601 292 2632; x_wconf 97' lang='lat' dir='ltr'>l</span> <span class='ocrx_word' id='word_1_179' title='bbox 321 2599 467 2634; x_wconf 72' lang='lat' dir='ltr'>adsotiu</span> <span class='ocrx_word' id='word_1_180' title='bbox 485 2600 529 2642; x_wconf 88' lang='lat' dir='ltr'>B,</span> <span class='ocrx_word' id='word_1_181' title='bbox 560 2612 580 2634; x_wconf 90' lang='lat' dir='ltr'>a</span> <span class='ocrx_word' id='word_1_182' title='bbox 605 2611 642 2634; x_wconf 83' lang='lat' dir='ltr'>se</span> <span class='ocrx_word' id='word_1_183' title='bbox 669 2600 755 2634; x_wconf 87' lang='lat' dir='ltr'>dum</span> <span class='ocrx_word' id='word_1_184' title='bbox 771 2599 801 2636; x_wconf 86' lang='lat' dir='ltr'><strong><em>C</em></strong></span> <span class='ocrx_word' id='word_1_185' title='bbox 890 2601 911 2634; x_wconf 83' lang='lat'>2</span> <span class='ocrx_word' id='word_1_186' title='bbox 934 2601 1031 2634; x_wconf 86' lang='lat' dir='ltr'>milis</span> <span class='ocrx_word' id='word_1_187' title='bbox 1125 2600 1302 2635; x_wconf 84' lang='lat' dir='ltr'>militisB</span> <span class='ocrx_word' id='word_1_188' title='bbox 1395 2602 1415 2634; x_wconf 83' lang='lat'><strong>3</strong></span> <span class='ocrx_word' id='word_1_189' title='bbox 1441 2601 1546 2634; x_wconf 88' lang='lat' dir='ltr'>uehit</span> 
     </span>
     <span class='ocr_line' id='line_1_31' title="bbox 92 2653 1545 2702; baseline 0.002 -14"><span class='ocrx_word' id='word_1_190' title='bbox 92 2664 183 2689; x_wconf 69' lang='lat' dir='ltr'>naue</span> <span class='ocrx_word' id='word_1_191' title='bbox 206 2653 241 2689; x_wconf 92' lang='lat' dir='ltr'><em>B</em></span> <span class='ocrx_word' id='word_1_192' title='bbox 331 2657 353 2690; x_wconf 88' lang='lat'>4</span> <span class='ocrx_word' id='word_1_193' title='bbox 377 2660 413 2691; x_wconf 89' lang='lat' dir='ltr'>et</span> <span class='ocrx_word' id='word_1_194' title='bbox 438 2667 504 2691; x_wconf 89' lang='lat' dir='ltr'>om.</span> <span class='ocrx_word' id='word_1_195' title='bbox 597 2659 618 2691; x_wconf 85' lang='lat'>5</span> <span class='ocrx_word' id='word_1_196' title='bbox 644 2659 740 2692; x_wconf 84' lang='lat' dir='ltr'>serui</span> <span class='ocrx_word' id='word_1_197' title='bbox 767 2657 870 2702; x_wconf 86' lang='lat' dir='ltr'>pedis</span> <span class='ocrx_word' id='word_1_198' title='bbox 897 2669 1050 2702; x_wconf 82' lang='lat' dir='ltr'>aequam</span> <span class='ocrx_word' id='word_1_199' title='bbox 1076 2657 1110 2691; x_wconf 89' lang='grc' dir='ltr'><strong><em>Β</em></strong></span> <span class='ocrx_word' id='word_1_200' title='bbox 1204 2659 1225 2691; x_wconf 85' lang='grc'>6</span> <span class='ocrx_word' id='word_1_201' title='bbox 1250 2657 1485 2693; x_wconf 79' lang='lat' dir='ltr'>adulescente</span> <span class='ocrx_word' id='word_1_202' title='bbox 1510 2657 1545 2691; x_wconf 91' lang='lat' dir='ltr'><em>B</em></span> 
     </span>
    </p>

    <p class='ocr_par' dir='ltr' id='par_1_21' title="bbox 182 2712 1545 2758">
     <span class='ocr_line' id='line_1_32' title="bbox 182 2712 1545 2758; baseline 0.001 -12"><span class='ocrx_word' id='word_1_203' title='bbox 182 2712 232 2746; x_wconf 69' lang='lat' dir='ltr'>ait</span> <span class='ocrx_word' id='word_1_204' title='bbox 249 2722 314 2747; x_wconf 86' lang='lat' dir='ltr'>om.</span> <span class='ocrx_word' id='word_1_205' title='bbox 407 2715 428 2748; x_wconf 81' lang='lat'>8</span> <span class='ocrx_word' id='word_1_206' title='bbox 441 2713 577 2749; x_wconf 87' lang='lat' dir='ltr'>Uenire</span> <span class='ocrx_word' id='word_1_207' title='bbox 591 2713 626 2748; x_wconf 92' lang='lat' dir='ltr'><strong><em>B</em></strong></span> <span class='ocrx_word' id='word_1_208' title='bbox 724 2716 764 2748; x_wconf 91' lang='lat'>10</span> <span class='ocrx_word' id='word_1_209' title='bbox 781 2713 934 2749; x_wconf 86' lang='lat' dir='ltr'>Uicinus</span> <span class='ocrx_word' id='word_1_210' title='bbox 1030 2716 1069 2749; x_wconf 86' lang='lat'>13</span> <span class='ocrx_word' id='word_1_211' title='bbox 1083 2726 1213 2758; x_wconf 82' lang='lat' dir='ltr'>expers</span> <span class='ocrx_word' id='word_1_212' title='bbox 1275 2715 1329 2748; x_wconf 79' lang='grc'>’14</span> <span class='ocrx_word' id='word_1_213' title='bbox 1343 2714 1545 2749; x_wconf 88' lang='lat' dir='ltr'>Prohibere</span> 
     </span>
    </p>

    <p class='ocr_par' dir='ltr' id='par_1_22' title="bbox 182 2770 1543 2816">
     <span class='ocr_line' id='line_1_33' title="bbox 182 2770 1543 2816; baseline 0.001 -14"><span class='ocrx_word' id='word_1_214' title='bbox 182 2770 221 2803; x_wconf 83' lang='lat'>15</span> <span class='ocrx_word' id='word_1_215' title='bbox 245 2780 318 2803; x_wconf 84' lang='lat' dir='ltr'>una</span> <span class='ocrx_word' id='word_1_216' title='bbox 341 2780 404 2804; x_wconf 86' lang='lat' dir='ltr'>om.</span> <span class='ocrx_word' id='word_1_217' title='bbox 499 2770 590 2806; x_wconf 80' lang='lat' dir='ltr'>Post</span> <span class='ocrx_word' id='word_1_218' title='bbox 613 2782 752 2806; x_wconf 76' lang='lat' dir='ltr'>versum</span> <span class='ocrx_word' id='word_1_219' title='bbox 777 2772 930 2806; x_wconf 82' lang='lat' dir='ltr'>additur</span> <span class='ocrx_word' id='word_1_220' title='bbox 955 2772 1108 2805; x_wconf 81' lang='lat' dir='ltr'>absente</span> <span class='ocrx_word' id='word_1_221' title='bbox 1134 2783 1214 2805; x_wconf 86' lang='lat' dir='ltr'>enm</span> <span class='ocrx_word' id='word_1_222' title='bbox 1244 2772 1376 2806; x_wconf 86' lang='lat' dir='ltr'>lenone</span> <span class='ocrx_word' id='word_1_223' title='bbox 1401 2771 1543 2816; x_wconf 84' lang='lat' dir='ltr'>perfido</span> 
     </span>
    </p>
   </div>
   <div class='ocr_carea' id='block_1_7' title="bbox 1296 2909 1337 2941">
    <p class='ocr_par' dir='ltr' id='par_1_23' title="bbox 1296 2909 1337 2941">
     <span class='ocr_line' id='line_1_34' title="bbox 1296 2909 1337 2941; baseline 0 -19"><span class='ocrx_word' id='word_1_224' title='bbox 1296 2909 1337 2941; x_wconf 70' lang='grc'>9.</span> 
     </span>
    </p>
   </div>
  </div>
 </body>
</html>
