1963 3243
672 222 709 255 v.
739 224 928 257 273—312.
1459 228 1539 263 ‘245

86 356 315 409 positione-m
352 353 442 389 addi
476 353 655 403 proxima
695 352 977 389 nniunulvertit
1011 352 1098 389 Lor.
1137 371 1186 376 —
1221 353 1314 388 292.
1351 352 1538 398 Profecto,

86 438 120 463 v.
151 423 198 462 ad
235 424 324 460 186.
360 442 408 447 -
450 422 593 459 Tutin?
623 422 647 458 i.
681 436 713 458 e.
743 419 926 457 Tute-ue?
960 440 1011 445 —
1046 422 1139 458 293.
1173 420 1257 461 Abi,
1287 422 1309 457 i.
1339 435 1369 456 e.
1396 420 1541 464 desine,

86 506 119 531 v.
152 492 201 530 ad
232 492 340 529 Asin.
374 491 465 527 697.
500 509 549 514 —
586 501 659 526 non
700 490 785 527 ueri
822 490 943 526 simile
979 489 1085 528 dicis,
1119 488 1164 525 cf.
1197 487 1285 526 Ter.
1321 489 1412 526 Hec.
1451 490 1539 525 140.

87 560 141 599 Pl.
172 560 278 597 Trin.
311 560 411 596 608:
457 572 557 600 ..uon
590 558 778 594 credibile
810 556 948 595 dicis“.
1012 556 1090 594 Cic.
1126 556 1235 593 Verr.
1270 556 1333 602 IV,
1370 558 1433 602 26,
1470 558 1542 593 572

90 627 336 675 „incredibile
369 625 536 665 dicam“.
569 627 617 663 nd
652 626 750 664 Rud.
780 627 871 664 664.
900 626 1018 664 Poeu.
1038 627 1131 664 891.
1168 645 1214 650 —-
1252 626 1344 663 294.
1379 625 1539 672 Lippus,

86 703 128 735 ut
164 709 298 747 parum
343 696 507 742 videam,
551 695 597 733 cf.
640 695 734 733 Hor.
774 695 856 733 Sat.
899 696 924 741 I,
969 700 1004 742 3,
1047 697 1111 732 25.
1152 696 1251 732 infra
1287 696 1364 732 323
1398 708 1455 745 sq.
1491 714 1537 720 —

87 767 179 804 295.
219 768 351 802 temere
387 765 502 809 haud,
543 766 565 801 i.
600 777 632 801 e.
666 764 769 801 haud
803 770 965 809 temere,
999 777 1033 801 v.
1068 765 1115 801 ad
1149 765 1236 801 Aul.
1274 765 1366 801 224.
1429 766 1540 810 Quod

87 833 209 872 tollere
246 847 330 871 eum
372 837 480 871 vetat
518 833 623 870 illam
664 832 849 880 fabulam,
891 833 1042 870 abicere
1085 846 1168 870 eam
1201 833 1323 870 iubet.
1359 851 1411 858 -—
1448 833 1540 870 296.

87 903 264 941 cruribus
301 904 500 950 capitique.
543 902 588 939 cf.
622 901 710 939 Cas.
745 902 844 939 316:
910 901 1031 948 „Quis
1065 901 1159 939 mihi
1192 901 1396 938 subueniet
1430 905 1542 949 tergo

85 975 152 1009 aut
182 972 300 1022 capiti
332 976 398 1008 aut
439 968 671 1008 cruribus?“
709 991 761 995 —
795 970 888 1008 297.
924 971 1026 1008 Nam
1057 970 1207 1008 Camer.
1244 990 1290 995 —
1326 971 1541 1019 dupliciter,

87 1044 249 1089 utroque
288 1039 416 1078 modo.
459 1040 507 1076 cf.
549 1039 626 1077 Cic.
667 1039 715 1075 ad
757 1039 864 1076 Fam.
898 1039 967 1077 IX.
1002 1040 1066 1086 20,
1104 1041 1135 1076 1.
1169 1059 1223 1064 —
1256 1040 1348 1076 298.
1378 1040 1539 1077 stultilo-

86 1110 227 1156 qm'mn.
247 1109 292 1146 cf.
313 1109 418 1146 Pers.
441 1109 542 1146 512:
567 1106 891 1157 .,stultiloquos“.
910 1107 1015 1145 Triu.
1035 1109 1134 1145 223:
1158 1106 1539 1157 ‚‚stultiloquentia.“

87 1196 139 1202 —
170 1177 306 1214 Dicam
340 1177 517 1214 Guietus.
561 1197 611 1201 —
652 1177 745 1214 299.
779 1176 955 1214 Pre‘mum
988 1177 1090 1224 dum,
1125 1189 1158 1213 v.
1193 1176 1241 1213 ad
1274 1175 1412 1213 Bacch.
1448 1177 1540 1214 256.

87 1264 130 1270 ·-
151 1246 242 1284 300.
262 1245 521 1283 Numerorum
541 1258 657 1283 causa
675 1245 925 1283 scribendum
944 1244 1120 1282 videtur:
1145 1248 1210 1291 „tu
1231 1249 1360 1282 custos
1386 1244 1543 1282 additus

86 1311 160 1351 ei“.
220 1313 332 1352 Ribb.
371 1315 452 1360 „bis
484 1311 701 1364 perieris“;
742 1312 877 1351 Goetz.
916 1327 1013 1364 „pro
1047 1327 1091 1351 ea
1123 1311 1187 1363 p.“
1226 1332 1269 1338 —
1310 1314 1404 1350 301.
1445 1313 1546 1361 Quid

87 1382 145 1420 ed.
188 1395 243 1431 pr.
298 1401 343 1407 —
390 1383 492 1431 fuat,
540 1383 714 1420 futurum
761 1384 824 1433 sit,
870 1395 906 1420 v.
955 1381 1003 1419 ad
1045 1381 1184 1419 Bacch.
1230 1382 1319 1419 154.
1354 1402 1407 1407 -—
1450 1383 1540 1420 302.

85 1449 255 1496 uiderim,
293 1451 566 1489 coniunctivus
607 1452 835 1489 attractioni
877 1450 1057 1497 debetur,
1097 1465 1131 1487 v.
1175 1450 1224 1487 ad
1266 1449 1406 1488 Bacch.
1449 1451 1541 1488 658.

86 1536 140 1543 —-
171 1519 262 1557 303.
294 1519 380 1557 Eho
410 1533 473 1565 cm,
507 1535 542 1558 v.
576 1520 624 1557 ad
659 1521 774 1557 Most.
808 1518 899 1557 173.
933 1539 986 1544 ——
1020 1520 1112 1557 305.
1141 1519 1236 1557 Post
1260 1519 1391 1564 facere
1414 1519 1545 1557 hiatus

86 1592 145 1624 est
194 1587 233 1624 in
285 1587 395 1625 finita
441 1589 639 1636 oratione3
686 1588 880 1627 Fleckeis.
927 1589 1027 1625 Ann.
1076 1587 1169 1637 phil.
1222 1588 1324 1625 1891
1375 1602 1411 1638 p.
1463 1589 1543 1626 662

88 1653 256 1702 „Facere
298 1656 512 1695 certumst“
554 1658 744 1708 postulat..
786 1677 835 1682 —
878 1658 1054 1704 opperiar
1095 1656 1155 1693 ed.
1197 1670 1256 1707 pr.
1298 1676 1351 1681 —
1383 1657 1542 1705 Eadem,

85 1724 211 1768 simul,
258 1739 291 1762 v.
339 1726 386 1763 ad
435 1726 575 1764 Bacch.
623 1727 688 1763 47.
752 1726 842 1763 Haec
888 1724 1097 1763 Sceledrus
1143 1738 1286 1771 secum,
1334 1728 1542 1775 postquam

86 1790 181 1829 abiit
211 1792 425 1832 Palaestrio.
459 1815 513 1820 —
547 1795 625 1833 306
667 1795 927 1832 emendarunt
959 1794 1177 1832 saracenus
1219 1798 1257 1831 et
1282 1794 1541 1832 Camerarius.

93 1859 212 1907 Quam
244 1875 339 1901 mox.
372 1877 407 1901 v.
441 1863 488 1901 ad
522 1863 627 1902 Men.
661 1865 754 1901 692.
801 1863 959 1901 horsum
990 1865 1014 1900 i.
1049 1876 1080 1899 e.
1114 1863 1188 1900 huc
1221 1862 1299 1908 (vel
1331 1857 1421 1911 hoc)
1455 1875 1543 1899 vor-

87 1940 182 1970 sum.
224 1932 270 1968 cf.
312 1932 410 1970 Rud.
457 1933 547 1970 171.
594 1932 684 1970 Ter.
724 1932 825 1970 Eun.
870 1933 962 1970 219.
1009 1931 1101 1969 Hec.
1137 1933 1230 1970 450.
1265 1933 1373 1968 imziae
1419 1927 1542 1980 (quod

90 1998 296 2042 „iuuenix“
332 2002 521 2050 scriptum
553 2001 671 2038 fuisse
704 2002 785 2038 veri
818 2001 999 2038 similiter
1032 2002 1253 2049 suspicatur
1287 1999 1349 2045 R.)
1385 1999 1543 2037 vaccula

88 2071 155 2113 est,
196 2068 240 2105 cf.
281 2068 387 2106 Pers.
429 2069 508 2107 Sat.
554 2072 589 2115 2,
632 2071 695 2107 47.
741 2089 790 2094 —
831 2081 850 2106 e
887 2068 976 2106 add.
1019 2068 1168 2106 Camer.
1210 2073 1255 2106 ut
1288 2068 1405 2106 Poen.
1441 2069 1543 2116 8203

92 2133 160 2181 „a“
197 2135 306 2173 Both.
339 2142 429 2175 cett.
466 2157 516 2162 —
551 2140 643 2176 307.
677 2138 824 2175 addidit
850 2137 979 2174 Dousa
1011 2141 1054 2174 ut
1081 2138 1173 2175 300.
1208 2156 1261 2162 —
1296 2137 1386 2175 308.
1417 2134 1546 2174 imerii

89 2201 192 2241 Cam.
227 2205 328 2252 add„
361 2207 427 2244 sed
460 2210 547 2257 post
584 2206 771 2253 „taceo‘ss
804 2206 840 2243 h.
875 2207 896 2243 l.
932 2206 1077 2255 Haupt.
1112 2205 1184 2256 Op.
1218 2204 1274 2242 III
1305 2218 1343 2254 p.
1378 2205 1543 2242 400.—

92 2270 181 2309 310.
200 2271 360 2311 Versum
383 2275 448 2312 alii
467 2275 582 2312 aliter
600 2276 902 2317 constituerunt,
934 2287 1003 2311 nos
1021 2275 1102 2311 fere
1120 2279 1161 2311 ut
1182 2274 1454 2321 Lindemann„
1478 2275 1546 2323 qui

94 2339 227 2386 „illaec
256 2355 324 2380 suo
348 2356 388 2380 se
413 2341 628 2392 hospitio“.
677 2342 732 2380 Cf.
763 2343 880 2380 Most.
909 2341 1008 2380 685:
1046 2341 1299 2389 „Clanculum
1318 2356 1364 2379 ex
1383 2343 1545 2379 aedibus

91 2419 148 2444 me
171 2409 274 2446 edidi
302 2410 447 2450 foras“.
472 2431 524 2436 —
555 2412 647 2449 311.
675 2411 761 2448 Hoc
785 2421 891 2448 nunc
917 2410 960 2448 R.
984 2409 1181 2458 ‚,Hocine“
1202 2411 1351 2448 frustra
1369 2410 1546 2448 defendit

92 2473 268 2526 Spengel.
294 2479 339 2515 ad
365 2480 455 2518 Ter.
481 2481 604 2518 Andr.
630 2481 723 2517 478.
758 2479 871 2517 Ribb.
905 2480 1106 2529 particulae
1145 2477 1240 2522 „ne⁴‘
1269 2478 1543 2516 affirmativam

91 2543 165 2581 vim
196 2546 345 2589 tribuit,
378 2554 421 2586 ut
455 2550 531 2587 441
569 2555 607 2586 et
640 2550 718 2587 566
753 2545 851 2586 (934
880 2552 1108 2597 corruptum
1135 2544 1225 2596 est),
1250 2548 1373 2585 nihilo
1400 2547 1543 2598 proba-

92 2609 216 2658 bilius,
255 2616 301 2652 cf.
334 2617 382 2654 ad
414 2617 530 2667 Epid.
567 2619 616 2655 76
650 2624 689 2655 et
723 2617 769 2654 ad
804 2617 909 2656 Pers.
945 2618 1037 2654 221.
1075 2636 1118 2640 —-
1153 2618 1188 2653 δι’
1218 2615 1320 2653 miles
1352 2615 1456 2654 Pius.
1492 2636 1543 2642 —

95 2678 183 2719 312.
227 2683 296 2722 has
337 2686 517 2723 sustollat
561 2685 682 2734 Cam.,
729 2687 754 2723 i.
802 2699 834 2723 e.
882 2686 1104 2732 subvertat3
1150 2684 1254 2722 aedis
1294 2686 1402 2731 lotas,
1444 2686 1467 2722 i.
1508 2696 1541 2723 e.

93 2748 210 2787 totam
240 2751 440 2802 familiam,
465 2753 513 2792 cf.
545 2754 703 2792 Trucul.
738 2754 838 2791 629:
902 2753 980 2801 „Ut
1012 2766 1082 2803 ego
1107 2753 1166 2790 his
1191 2752 1417 2802 suffringam
1441 2753 1543 2790 talos

95 2816 187 2854 totis
223 2819 422 2861 aedibus“.
457 2843 504 2848 —
538 2822 655 2871 hunc,
698 2823 719 2861 i.
753 2836 784 2860 e.
820 2835 891 2870 me,
926 2835 959 2861 v.
1003 2822 1104 2859 infra
1143 2820 1191 2858 ad
1238 2823 1356 2860 1066.
1389 2821 1540 2860 Acidal.
