1963 3243
780 290 819 324 V.
847 292 1036 325 322—346.
1566 297 1612 335 31
1628 298 1640 335 1

163 428 327 466 operam
345 416 526 467 perdidi,
560 421 598 456 iu
617 433 675 455 mc
692 420 881 457 ornanda.
943 420 976 456 A
1002 419 1170 468 lucerna,
1205 433 1276 457 non
1301 435 1321 456 a
1339 421 1522 470 palaestra
1550 422 1646 459 hanc

161 486 457 524 similitudinem
491 487 654 537 petitam
687 499 788 533 esse,
822 490 861 524 et
886 501 932 524 ex
956 487 1043 524 aliis
1077 487 1173 526 locis
1200 492 1366 538 apparet
1389 492 1429 525 et
1459 503 1504 526 ex
1537 490 1572 527 11.
1599 490 1645 536 l.;

161 554 256 603 quid
287 556 389 592 euim
423 548 574 592 mulier}
607 569 691 592 cum
723 554 934 604 palaestra?
965 575 1018 580 —
1059 557 1152 594 330.
1198 554 1285 606 Quo
1319 556 1355 594 tc
1387 553 1508 605 ayis?
1553 558 1647 595 Pro·

162 635 301 660 nomen
335 624 479 661 retinet
510 624 627 659 etiam
661 622 798 661 Isidor.
831 623 899 669 IX,
934 624 968 669 3,
1004 624 1077 670 643
1117 637 1152 661 v.
1186 623 1235 660 ad
1267 623 1405 662 Bacch.
1443 626 1561 663 1103.
1598 645 1646 651 -

163 691 255 728 332.
307 688 419 739 Quid
450 691 493 729 t'u
524 687 617 728 ais?
662 691 754 729 1-1aec
784 690 872 728 edd.
905 690 1146 741 Adelphasio
1185 692 1300 738 dant,
1346 692 1414 730 sed
1451 693 1580 742 spatia
1611 695 1649 730 in

161 758 274 796 codd.
307 763 463 796 servata
493 772 571 797 non
603 762 841 808 repugnant,
881 772 957 808 quo
995 760 1123 797 minus
1154 761 1236 797 eius
1267 761 1386 798 verba
1416 775 1438 798 a
1468 761 1648 810 proximo

164 826 314 873 „Quid”
350 828 598 876 incipiantur.
663 827 753 864 Haec
775 827 1045 876 Agorastoclis
1076 831 1178 875 sunt,
1213 829 1279 878 qui
1310 830 1554 878 interrogare
1587 843 1649 866 or-

161 894 268 932 ditur
300 892 364 944 (cf.
396 891 494 944 310)
527 896 580 942 id,
614 896 717 945 quod
752 896 829 933 340
861 895 978 945 plane
1010 897 1252 946 exsequitur.
1286 916 1338 922 —
1370 896 1469 934 Non.
1494 910 1533 946 p.
1570 898 1648 934 510

160 977 236 1013 sq.:
297 959 515 1011 „Saeuiter
553 977 624 1014 pro
663 977 763 1001 saeve
801 963 965 1001 Plautus
1004 964 1041 1000 in
1074 963 1264 1002 Poenulo:
1313 964 1404 1012 aha,
1446 969 1526 1002 tam
1565 979 1648 1002 sae-

160 1028 308 1070 uiter!“
358 1032 405 1069 ef.
439 1032 579 1070 Pseud.
619 1033 736 1069 1293.
782 1051 836 1056 —-
884 1032 975 1069 333.
1023 1028 1166 1079 Mitte,
1209 1032 1255 1070 cf.
1288 1031 1429 1070 Pseud.
1464 1034 1555 1070 240.
1599 1052 1647 1058 -

162 1101 254 1137 339.
287 1110 405 1147 mers,
437 1114 472 1137 v.
506 1100 554 1137 ad
587 1100 668 1137 Mil.
703 1101 796 1137 728.
829 1118 883 1124 —
914 1096 1105 1138 abst-ruso
1137 1099 1233 1137 Pall.
1266 1099 1390 1148 codd„
1422 1102 1531 1139 cuius
1562 1102 1648 1139 loco

159 1182 242 1205 voc.
275 1169 398 1217 magis
430 1170 616 1205 usitatum
657 1165 856 1214 ,‚occulto“
892 1167 1129 1206 substituere
1157 1168 1276 1205 nolui.
1310 1189 1364 1194 —
1397 1169 1489 1206 340.
1522 1169 1649 1216 Quum

158 1250 294 1274 versus
325 1239 427 1274 iusto
460 1238 615 1286 longior
647 1240 760 1283 esset,
802 1235 971 1274 Weisius
1007 1234 1098 1283 „tu“
1133 1236 1319 1286 tollebat,
1359 1236 1482 1288 Gepp.
1518 1236 1648 1286 „illi“;

159 1317 294 1342 verum
332 1305 371 1342 in
411 1305 446 1342 A
477 1304 701 1355 Geppertus
732 1304 847 1354 legit:
898 1303 1021 1342 CAP.
1041 1335 1049 1343 .
1070 1304 1184 1344 ..U.
1205 1304 1383 1353 .LLAS‚
1423 1307 1449 1345 i.
1481 1319 1534 1353 e.‚
1573 1306 1650 1344 nisi

160 1373 283 1420 fallor,
318 1373 441 1422 caput
470 1373 513 1410 l‘u
545 1369 724 1421 copulas,
757 1373 910 1419 omisso,
944 1373 1050 1423 quod
1082 1387 1158 1410 non
1190 1377 1323 1423 potest
1352 1387 1429 1411 non
1453 1374 1649 1412 offendere

162 1447 226 1488 „et
257 1439 437 1490 corpus“.
464 1461 520 1466 -—
552 1442 644 1479 341.
683 1438 814 1480 Orcus
845 1437 892 1479 ab
925 1438 1172 1487 Acherunte,
1206 1442 1252 1479 cf.
1286 1442 1333 1478 ad
1359 1443 1498 1491 Amph.
1529 1444 1645 1480 1022.

159 1506 351 1548 amiserit
380 1510 480 1557 edd„
515 1512 537 1547 i.
573 1524 604 1547 e.
637 1510 843 1556 dimiserit,
876 1523 910 1546 v.
945 1510 991 1546 ad
1026 1509 1109 1546 Mil.
1146 1511 1264 1548 1090.
1299 1529 1348 1534 —
1384 1511 1476 1548 342.
1508 1507 1648 1549 nescio

160 1577 258 1627 quot
287 1577 374 1615 edd.
407 1579 572 1615 Amator
603 1578 760 1615 divitias
792 1591 879 1615 suas
911 1577 1145 1627 praedicans,
1189 1591 1327 1616 aureos
1367 1592 1542 1617 nummos
1574 1579 1648 1617 sibi

160 1659 242 1684 esse
274 1647 328 1683 ait
359 1641 642 1696 lymphaticos,
676 1647 699 1683 i.
730 1658 762 1683 e.
795 1646 926 1683 furore
951 1650 1164 1696 correptos,
1198 1648 1482 1695 νυμφολήπτους,
1516 1651 1560 1686 ut
1583 1661 1647 1686 ex-

159 1715 306 1752 sultare
338 1715 528 1763 gestiant,
573 1714 716 1764 puella,
759 1716 791 1751 si
823 1713 872 1751 ad
903 1727 942 1751 se
975 1714 1224 1761 deferantur,
1264 1717 1461 1764 promittit
1491 1717 1574 1754 fore
1604 1720 1649 1754 ut

158 1778 360 1833 quiescant
390 1787 428 1819 et
457 1786 501 1820 ut
531 1783 652 1828 furor,
694 1778 998 1832 lymphaticum,
1030 1784 1229 1821 consistat.
1263 1803 1317 1808 -—
1350 1784 1441 1821 344.
1485 1779 1650 1822 Bellula

158 1853 315 1902 scripsi,
350 1855 489 1901 aperta
520 1851 662 1897 ironia,
698 1863 783 1900 quae
815 1851 898 1888 heri
928 1852 1026 1888 iram
1058 1852 1221 1897 excitat,
1255 1852 1363 1889 ouius
1394 1852 1503 1890 nulla
1534 1865 1650 1890 causa

160 1924 280 1965 esset,
314 1921 346 1956 si
378 1919 541 1956 dixisset
574 1918 752 1964 „Bellula
782 1919 911 1956 hercle.
943 1916 1042 1964 est“,
1074 1923 1119 1956 ut
1150 1919 1360 1957 uoluerunt
1385 1920 1496 1958 Acid.
1522 1920 1647 1971 Gepp.

161 1987 298 2025 Eri-ori
337 1987 482 2025 codicis
514 1987 684 2024 Parisini
718 1985 888 2033 „Belua“
923 1987 1024 2024 male
1054 1988 1327 2037 patrocinatur
1358 1987 1473 2038 Seyff.
1506 1988 1646 2026 Philol.

159 2055 292 2093 XXIX
323 2069 360 2105 p.
387 2056 479 2094 403.
543 2055 647 2092 Brix.
666 2055 766 2092 Anu.
792 2055 885 2104 phil.
905 2054 951 2093 CI
975 2068 1013 2105 p.
1041 2057 1119 2093 762
1151 2056 1253 2093 hunc
1283 2069 1437 2093 versum
1469 2058 1648 2106 proximo

159 2124 436 2175 postponebat.
469 2143 524 2167 ,—-
557 2119 741 2170 (herede,
774 2123 822 2161 cf.
859 2125 948 2162 160.
982 2143 1036 2148 —
1068 2125 1160 2163 345.
1197 2120 1329 2172 Quam
1358 2122 1503 2174 mayis,
1538 2138 1572 2162 v.
1598 2125 1647 2163 ad

159 2193 268 2230 Asin.
291 2195 381 2230 157.
443 2192 604 2229 Versum
638 2191 753 2229 affert
783 2191 875 2229 Isid.
908 2192 1014 2240 XIX,
1048 2193 1112 2240 31,
1147 2193 1190 2229 2:
1226 2193 1376 2243 „Quam
1408 2194 1530 2240 magis
1563 2207 1646 2232 eam

160 2261 358 2310 adspecto,
390 2265 468 2298 tam
502 2261 626 2307 magis
657 2259 832 2297 nimbata
858 2257 957 2298 est“.
1018 2259 1094 2298 Sed
1117 2255 1342 2299 nimbatam
1366 2254 1465 2298 1ηᾶΙό
1490 2265 1649 2300 enarrat

163 2328 320 2376 „nimbo
352 2326 572 2366 ornatam“.
640 2325 851 2375 ‚‚Nimbus“
882 2328 1012 2377 inquit
1039 2332 1124 2376 „est
1153 2329 1315 2367 fasciola
1344 2332 1571 2367 transversa
1600 2343 1647 2367 ex

163 2410 258 2434 auro
297 2400 429 2434 assuta
470 2397 612 2442 linteo,
660 2395 767 2446 quod
806 2399 864 2433 est
900 2397 940 2432 in
971 2396 1102 2434 fronte
1133 2396 1406 2435 feminarum“.
1484 2396 1648 2435 Veriora

160 2465 342 2502 viderunt
359 2465 563 2502 Turnebus
583 2469 621 2500 et
638 2463 862 2501 Lambinus.
920 2464 1083 2502 Nimbus
1099 2469 1158 2502 est
1174 2465 1329 2511 nebula,
1347 2465 1520 2503 nimbata
1536 2467 1647 2515 quasi

160 2533 302 2571 nebula
348 2532 606 2577 circumdata,
654 2532 836 2578 obscura,
884 2532 1088 2581 nebulosa,
1135 2533 1180 2570 cf.
1216 2534 1315 2579 272,
1362 2534 1386 2570 i.
1427 2547 1458 2571 e.
1500 2534 1645 2572 nullius

160 2602 296 2651 pretii,
327 2611 460 2651 nuque
490 2610 644 2647 merae,
677 2600 724 2638 cf.
757 2600 805 2638 ad
837 2599 948 2638 Curc.
986 2601 1076 2638 199.
1109 2620 1162 2625 —
1202 2602 1291 2638 346.
1339 2601 1534 2652 „Segrega
1563 2615 1643 2640 ser-

161 2667 336 2707 monem“
371 2669 458 2707 edd.
487 2668 735 2718 Agorastocli
758 2668 872 2716 dant3
904 2668 971 2705 sed
1003 2669 1035 2705 is
1066 2681 1220 2706 servum
1253 2670 1482 2719 simpliciter
1512 2673 1644 2708 tacere

159 2739 347 2776 iussisset.
423 2737 636 2786 Segregare
668 2749 885 2774 sermonem
915 2740 974 2773 est
1005 2737 1312 2785 interrumpere,
1359 2737 1405 2774 cf.
1440 2737 1489 2774 ad
1525 2737 1641 2776 Most.

163 2807 255 2844 506.
317 2805 389 2843 Hic
430 2809 558 2842 autem
599 2800 796 2855 Seyrefsat
839 2805 1087 2842 scribendum
1127 2809 1196 2841 est.
1233 2805 1541 2856 ‘Adelphasium
1581 2808 1640 2844 in-

161 2873 368 2922 dignatur,
415 2873 520 2923 quod
566 2876 717 2911 amator
760 2872 836 2910 sibi
874 2885 947 2910 non
986 2873 1240 2923 respondeat,
1287 2879 1327 2910 et
1366 2874 1474 2912 abire
1514 2880 1640 2927 parat..
