1963 3243
340 194 391 232 24
1002 191 1122 225 Plauti
1521 189 1569 227 II.
1595 193 1626 234 3,
1655 191 1784 226 19—29

919 315 1208 358 Sceledrus

281 402 283 404 ·
336 386 538 431 Profecto
570 390 672 430 uidi.

905 467 1216 510 Palaestrio

691 539 851 580 Tutin?

922 616 1210 659 Sceledrus

890 689 1083 742 Egomet,
1117 689 1285 731 duobus
1317 690 1383 732 his
1415 691 1552 732 oculis
1584 691 1700 732 meis.

906 790 1216 833 Palaestrio

336 864 430 913 Abi,
463 878 548 906 non
579 865 672 905 ueri
705 864 843 905 simile
876 863 984 904 dicis
1016 877 1155 916 neque
1186 863 1353 905 uidisti.

919 963 1210 1007 Sceledrus

1393 1022 1505 1065 Num
1536 1023 1617 1065 tibi

333 1080 495 1134 Lippus
526 1079 707 1120 uideor?
1555 1106 1559 1108 >

904 1159 1210 1201 Palaestrio

738 1231 950 1272 Medicum
981 1233 1095 1274 istuc
1127 1231 1205 1273 tibi
1237 1232 1389 1273 melius
1420 1233 1730 1286 percontarier.

335 1302 495 1344 Uerum
528 1304 639 1344 enim
671 1308 719 1344 tu
750 1304 892 1355 istam,
923 1305 959 1345 si
990 1308 1033 1345 te
1065 1304 1108 1345 di
1140 1308 1298 1355 ament,
1330 1309 1493 1346 temere
1517 1305 1630 1346 haud
1656 1305 1787 1346 tollas

1402 1376 1604 1418 fabulam.
1722 1388 1787 1422 295

333 1446 434 1488 Tuis
459 1461 573 1488 nunc
597 1447 795 1489 cruribus
821 1449 1037 1502 capitique
1062 1448 1257 1489 fraudem
1283 1448 1512 1501 capitalem
1531 1449 1631 1490 hinc
1648 1462 1787 1500 creas;

333 1518 368 1558 N
374 1533 438 1558 am
460 1518 539 1560 tibi
556 1520 641 1560 iam
659 1523 707 1560 ut
732 1535 882 1573 pereas
909 1525 1155 1574 paratumst
1180 1520 1422 1574 dupliciter,
1447 1521 1529 1562 nisi
1554 1521 1787 1574 supprimis

331 1589 469 1631 Tuum
501 1591 832 1645 stultiloquium.
1522 1596 1526 1599 ’

915 1695 1209 1738 Sceledrus

866 1766 947 1817 Qui
980 1782 1085 1810 uero
1119 1767 1381 1822 dupliciter?

901 1870 1208 1912 Palaestrio

1420 1927 1573 1968 Dicam
1605 1926 1698 1967 tibi.

330 1990 521 2039 Primum
540 1999 651 2049 (lum,
670 2000 704 2040 si
721 2000 832 2041 falso
849 2000 1074 2041 insimulas
1086 1999 1465 2051 Philocomasium,
1484 1999 1565 2040 hoc
1581 1998 1784 2052 perieris;

330 2070 503 2121 Iterum,
537 2072 571 2112 si
604 2071 648 2112 id
679 2077 887 2123 uerumst,
920 2076 968 2113 tu
1001 2073 1039 2113 ei
1071 2076 1216 2114 custos
1247 2072 1424 2113 additus
1455 2070 1651 2125 perieris.
1719 2081 1787 2114 300

911 2174 1205 2217 Sceledrus

328 2244 439 2293 Quid
473 2244 567 2286 fuat
597 2260 663 2287 me
696 2247 860 2299 nesci03
892 2247 1002 2288 haec
1032 2261 1098 2288 me
1130 2247 1293 2288 uidisse
1325 2259 1403 2298 ego
1435 2249 1551 2287 certo
1583 2245 1683 2286 scio.

897 2349 929 2391 P
942 2350 1028 2391 ala
1038 2364 1059 2391 e
1072 2364 1090 2392 s
1101 2354 1119 2391 t
1131 2365 1152 2391 r
1162 2351 1176 2391 i
1188 2364 1212 2391 ο

326 2418 494 2472 Pergin,
526 2420 702 2461 infelix?

415 2570 481 2602 292
506 2569 564 2602 hic
591 2568 626 2602 Β
731 2570 795 2603 293
828 2569 947 2604 simile
972 2569 1007 2602 Β
1114 2582 1210 2603 nuuc
1237 2569 1270 2603 Β
1374 2570 1438 2601 295
1466 2572 1503 2601 tu
1530 2568 1639 2600 istam
1665 2576 1732 2600 om.
1758 2565 1786 2599 C

416 2626 463 2659 sit
484 2625 567 2658 edia
588 2628 713 2660 mente
735 2636 797 2659 ere
818 2625 854 2659 Β
937 2638 957 2660 a
976 2629 1017 2660 ut
1040 2626 1129 2660 ollas
1144 2627 1188 2671 B,
1210 2625 1306 2659 haud
1329 2625 1420 2658 ollas
1441 2624 1470 2658 C
1549 2626 1615 2659 296
1637 2624 1782 2657 ruribus

326 2682 359 2716 Β
465 2683 530 2716 297
563 2682 637 2716 Iam
744 2682 821 2716 nesi
846 2682 881 2715 Β
907 2709 912 2711 -
985 2684 1155 2727 suprimis
1181 2683 1232 2726 Β,
1271 2683 1467 2727 supprinus
1495 2681 1523 2715 G
1625 2681 1692 2714 298
1724 2679 1783 2714 hic

325 2739 462 2773 dictam
567 2740 631 2773 299
655 2738 785 2772 falsom
811 2739 853 2781 B,
880 2738 1010 2773 falsum
1039 2738 1067 2773 Ο
1168 2741 1234 2774 300
1258 2739 1311 2773 tui
1336 2742 1461 2774 custos
1486 2737 1632 2772 additos
1655 2735 1692 2772 Β

324 2798 386 2830 301
415 2795 507 2839 Quia
600 2796 668 2829 fuit
693 2794 728 2829 Β
821 2800 920 2830 meat
946 2795 973 2830 C
