1963 3243
255 253 335 292 342
902 249 1098 283 Poenulus.

255 378 443 426 κοιμηθεὶς
458 379 570 415 ’ὕπνον
587 378 820 426 ὀφειλόμενον.
864 377 912 423 Χ,
936 379 1032 415 1053
1063 379 1212 426 θανάτῳ
1229 379 1356 420 πάντες
1373 378 1603 426 ὀφειλόμεθα.
1646 379 1740 418 Hor.

253 447 299 484 A.
334 446 374 483 P.
409 446 480 483 63:
538 446 760 493 „Debemur
790 447 908 483 morti
939 458 1010 482 nos
1041 443 1294 494 nostraque“.
1332 466 1385 471 —
1425 447 1518 483 955.
1559 455 1647 484 esse
1677 443 1742 485 hic

248 510 499 562 praedicant
527 514 572 550 A.
620 533 672 538 -——
720 514 813 551 956.
854 508 927 550 Ad
966 522 1057 550 eum
1095 517 1134 549 et
1173 509 1276 551 hanc
1306 515 1350 550 A.
1420 513 1619 551 tesseram
1651 515 1742 551 olim

255 581 523 625 emendatum,
565 581 610 618 cf.
648 582 754 618 1044
786 594 870 630 sqq.
907 580 1001 618 Cist.
1037 581 1128 618 333.
1188 581 1247 618 De
1279 581 1538 630 hospitalibus
1568 584 1740 627 tesseris,

255 649 396 698 quibus
435 649 646 697 hospitium
689 649 781 685 olim
822 648 964 685 factum
1004 648 1215 698 probatur,
1258 664 1292 686 v.
1326 649 1570 698 Marquardt.
1631 649 1739 687 Rom.

253 716 463 754 Privatalt.
495 715 513 752 I
544 729 581 764 p.
618 716 708 753 205.
771 717 928 764 ξύμβολα
958 718 1170 765 τετμημένα,
1203 729 1365 765 quorum
1397 720 1547 766 partein
1579 722 1742 767 uterque

255 784 394 832 hospes
426 783 619 829 servabat,
662 796 710 819 ex
739 783 915 820 Platonis
948 783 1077 832 Symp.
1116 785 1189 821 191
1224 784 1256 820 D
1289 789 1326 821 et
1358 784 1475 822 schol.
1508 784 1602 822 Eur.
1635 785 1740 823 Med.

256 852 334 889 613
375 856 466 888 nota
506 855 615 899 sunt3
658 851 725 888 sed
756 852 985 901 plerumque
1015 853 1178 899 integrae
1209 857 1365 888 tesserae
1395 838 1515 889 fuisse
1547 853 1741 899 videntur,

254 923 297 956 ut
327 919 494 956 similem
525 922 691 968 uterque
718 925 930 965 servarent,
968 920 1045 957 vid.
1064 920 1177 956 infra.
1239 919 1401 969 Cognati
1433 922 1584 968 generis
1616 925 1744 959 exstat

252 991 401 1024 tessera
432 985 643 1032 eburneas
671 989 709 1023 in
750 1001 827 1036 qua
858 1001 993 1024 manus
1025 989 1166 1024 iunctae
1198 1000 1390 1036 expressae
1421 994 1529 1033 sunt,
1577 987 1743 1037 Lilybaei

253 1060 419 1105 reperta,
453 1054 568 1104 Corp.
593 1055 713 1092 Inscr.
741 1054 807 1092 Gr.
838 1056 964 1101 54963
1004 1056 1097 1091 item
1134 1055 1280 1092 ahenea
1303 1069 1440 1092 manus
1466 1059 1506 1092 in
1534 1055 1660 1093 Gallia
1683 1070 1742 1093 re-

252 1127 378 1172 perta,
411 1122 507 1159 ibid.
528 1123 647 1169 6778,
672 1124 869 1172 piscisque
893 1122 933 1160 C.
959 1123 988 1160 I.
1014 1123 1100 1160 Lat.
1120 1123 1190 1160 In.
1212 1124 1305 1169 532,
1333 1135 1418 1172 quae
1442 1128 1590 1160 tessera
1613 1124 1743 1173 hospi-

251 1192 342 1227 talis
373 1191 493 1227 fuisse
525 1191 682 1227 videtur
698 1191 899 1228 Fundanis
924 1204 1008 1228 cum
1035 1191 1088 1228 M.
1106 1190 1280 1236 Claudio,
1314 1190 1360 1228 cf.
1383 1191 1414 1227 V
1443 1205 1478 1228 n.
1505 1193 1740 1229 4919—21.

253 1258 346 1295 VIII
371 1272 406 1295 n.
427 1259 492 1296 68.
539 1258 671 1295 Herm.
698 1259 785 1309 Vp.
805 1260 881 1296 371
916 1272 1001 1308 sqq.
1026 1279 1082 1283 —
1110 1260 1203 1296 957.
1235 1255 1281 1296 Is
1313 1257 1355 1296 in
1389 1256 1495 1297 hisce
1521 1254 1678 1297 abitare
1696 1261 1740 1297 A.

252 1347 305 1352 —
339 1328 432 1364 958.
464 1323 559 1364 hinc
589 1327 634 1363 A.

367 1396 460 1433 959.
492 1395 770 1442 Agorastocles
801 1396 882 1432 exit
914 1408 999 1432 cum
1029 1394 1260 1444 Milphione,
1293 1396 1360 1444 qui
1390 1396 1426 1431 ei
1457 1398 1632 1432 narravit
1656 1409 1741 1445 quae

253 1477 300 1500 ex
339 1462 569 1511 Syncerasto
611 1463 774 1499 audivit.
850 1462 1078 1500 Diverbium
1117 1475 1201 1498 esse
1241 1464 1279 1498 in
1318 1462 1348 1499 B
1387 1462 1643 1512 significatur.
1690 1484 1743 1488 —

255 1532 345 1569 960.
385 1527 474 1569 Εα8
513 1531 563 1577 Α;
605 1531 643 1567 in
683 1535 900 1568 ceterorum
941 1530 1052 1568 codd.
1085 1530 1295 1579 archetypo
1337 1531 1527 1567 initialem
1567 1532 1740 1568 litteram

252 1602 479 1636 ornamenta
501 1599 616 1635 solita
639 1598 865 1651 hauserunt.
891 1618 947 1622 —
971 1599 1063 1636 962.
1089 1596 1255 1637 adseres
1273 1598 1358 1635 edd.
1406 1598 1465 1635 Ad
1484 1611 1564 1635 rem
1582 1599 1628 1636 cf.
1649 1600 1739 1636 905.
1817 1633 1821 1638 ,
1893 1634 1902 1642 ,

251 1687 306 1691 -
338 1668 430 1704 963.
463 1662 673 1715 flayitz'um
698 1665 759 1704 est
789 1666 898 1713 edd.;
929 1667 1003 1704 tibi
1035 1667 1214 1704 dedecori
1246 1671 1316 1703 est.
1377 1665 1414 1703 te
1433 1663 1663 1714 populares
1696 1669 1739 1704 A.

253 1735 365 1781 Quod
395 1740 484 1783 post
517 1735 632 1771 tuum
662 1734 833 1771 infertur
864 1734 914 1781 te,
947 1735 993 1771 cf.
1027 1734 1147 1771 Stich.
1183 1734 1281 1771 714:
1328 1734 1467 1781 „Haud
1497 1740 1608 1772 tuum
1640 1737 1741 1772 istuc

251 1808 309 1840 est
333 1804 461 1839 uereri
485 1799 564 1839 te“.
626 1801 732 1839 Trin.
757 1803 853 1839 174:
886 1802 1012 1848 „Quid
1037 1801 1113 1839 fuit
1136 1801 1303 1838 officium
1325 1815 1449 1839 meum
1474 1816 1534 1839 me
1558 1800 1737 1839 facere?“

253 1870 383 1908 Madv.
417 1870 465 1907 ad
497 1869 575 1907 Cic.
609 1869 693 1906 Fin.
726 1869 796 1915 III,
831 1871 867 1918 3,
905 1871 966 1907 10.
1010 1890 1065 1894 —
1110 1870 1188 1907 966
1229 1883 1297 1907 suo
1337 1870 1421 1907 loco
1463 1870 1577 1907 habet
1609 1872 1655 1907 A.
1690 1890 1742 1895 —

253 1940 345 1976 967.
385 1933 524 1983 Creta,
572 1951 608 1975 V.
642 1937 691 1974 ad
723 1938 811 1975 Aul.
845 1939 938 1975 710.
1009 1938 1148 1974 Hanno
1180 1938 1238 1979 iis,
1272 1951 1358 1986 quae
1393 1938 1560 1983 audivit,
1608 1938 1742 1975 sordes

252 2008 424 2043 tristitiae
465 2006 576 2055 quasi
615 2010 723 2043 creta
763 2007 961 2043 abstersas
995 2019 1077 2043 esse
1110 2005 1216 2042 dicit.
1251 2025 1300 2030 -—
1335 2007 1413 2044 968
1447 2005 1559 2043 affert
1591 2005 1742 2045 Nonius

252 2087 290 2123 p.
314 2075 403 2111 173.
432 2093 486 2098 —-
520 2070 581 2120 Ut,
618 2088 653 2111 v.
672 2075 721 2110 ad
739 2074 822 2112 Mil.
841 2075 935 2111 473.
987 2074 1125 2111 Pseud.
1146 2074 1238 2110 473.
1260 2074 1352 2111 753.
1373 2074 1466 2111 983.
1514 2073 1620 2110 Trin.
1648 2073 1740 2110 887.

252 2162 305 2168 -·
331 2143 423 2179 970.
455 2137 566 2189 Quid
588 2141 631 2179 tu
656 2142 742 2179 edd.
776 2162 822 2167 -
848 2143 941 2180 973.
975 2142 1133 2180 Servius
1161 2141 1211 2178 ad
1227 2141 1317 2179 AEn.
1336 2141 1440 2187 VIII,
1476 2142 1573 2179 724:
1613 2136 1742 2187 „Dis-

252 2207 408 2248 cinctos
448 2210 622 2246 habitum
666 2223 799 2247 eorum
841 2210 1033 2256 ostendit,
1081 2211 1147 2259 qui
1193 2223 1316 2258 usque
1359 2211 1399 2246 in
1437 2209 1536 2245 talos
1577 2207 1740 2254 fluebat3

252 2278 356 2327 quod
397 2278 559 2314 Pla-utus
606 2277 708 2314 ridet
758 2279 796 2315 in
835 2278 1007 2315 Poenulo
1049 2277 1200 2314 dicens:
1255 2277 1348 2323 Quae
1395 2282 1452 2314 est
1497 2277 1565 2313 illa
1604 2274 1738 2313 avis?“

253 2344 377 2395 Gepp.
427 2345 509 2382 ed.:
578 2345 679 2392 „Sed
720 2359 819 2395 quae
864 2346 978 2382 illaec
1025 2347 1109 2382 auis
1157 2344 1266 2382 est‘?“
1323 2357 1392 2394 ego
1437 2341 1559 2382 meist.
1648 2344 1742 2381 Avis

253 2418 380 2450 autem
415 2413 560 2450 dicitur
590 2413 704 2451 homo
736 2415 944 2463 peregrina
975 2414 1093 2456 facie,
1136 2415 1202 2461 qui
1233 2413 1374 2458 subito,
1421 2413 1531 2462 quasi
1563 2412 1739 2458 volando,

252 2482 456 2530 apparuit3
503 2481 602 2518 male
639 2474 707 2518 'alii
746 2481 793 2518 ad
839 2483 1032 2528 „manicas
1073 2481 1220 2517 alarum
1253 2482 1378 2518 instar
1408 2478 1646 2529 pendentes“
1680 2492 1742 2516 re-

250 2549 392 2585 ferunt.
458 2545 630 2586 Tum'cz's
661 2554 802 2594 autem,
831 2553 871 2586 et
902 2549 1027 2597 longis
1059 2549 1217 2598 quidem
1251 2545 1304 2595 (ν.
1338 2543 1476 2596 1301),
1508 2549 1590 2584 sine
1621 2546 1741 2596 pallio

252 2617 464 2653 utebantur
496 2616 851 2665 Carthaginienses.
893 2637 947 2642 --
986 2617 1079 2655 974.
1120 2613 1162 2654 iu
1195 2611 1371 2653 lmle'ueis
1402 2615 1548 2665 Gepp.;
1590 2615 1739 2663 superi-

253 2697 357 2720 ores:
409 2698 454 2729 „a
487 2683 604 2721 bal.“.
645 2682 998 2732 ‘circumductuffi
1033 2686 1222 2733 privatus,
1255 2697 1290 2720 v.
1324 2684 1372 2720 ad
1402 2683 1510 2720 Asin.
1545 2683 1609 2719 96.
1686 2680 1742 2718 De

250 2751 403 2787 furibus
436 2751 681 2789 balnearibus
723 2748 949 2801 (λωποδύτας
989 2752 1169 2789 dicebant
1209 2750 1352 2799 Graeci)
1394 2756 1453 2788 est
1490 2749 1741 2798 Digestorum

253 2818 318 2854 lib.
338 2818 481 2855 XLVII
507 2820 567 2855 tit.
591 2821 651 2856 17.
680 2839 733 2844 >·—
765 2821 856 2857 975.
891 2820 1003 2866 Quod
1037 2821 1152 2868 vulgo
1183 2832 1255 2869 pro
1287 2819 1399 2856 initio
1429 2818 1579 2867 proprii
1611 2828 1742 2854 versus
