1963 3243
117 146 181 190 IV,
205 148 237 190 8,
262 148 396 181 46—53
687 144 794 180 Miles
818 144 1014 188 gloriosus.
1517 147 1568 185 37

619 270 1064 324 Pyrgopolinices

118 344 268 393 Adeat,
302 345 337 386 si
370 344 473 397 quid
507 343 612 385 uolt.

687 444 999 486 Palaestrio

619 516 662 558 Si
694 517 798 569 quid
830 518 910 565 uis,
943 517 1028 567 adi,
1061 516 1227 557 mulier.

657 641 1029 696 Milphidippa

1236 697 1404 747 Pulcer,
1439 697 1572 740 salue.

618 790 1070 845 Pyrgopolinices

116 866 256 909 Meum
303 869 635 919 cognomentum
682 869 990 906 conmemorat.
1066 862 1118 904 Di
1165 862 1245 903 tibi
1293 861 1396 903 dent
1442 875 1574 916 quae-

1132 948 1317 989 cumque
1350 939 1485 988 optes.

658 1027 1024 1081 Milphidippa

115 1104 271 1146 Tecum
304 1107 498 1144 aetatem
529 1102 698 1154 exigere
730 1105 778 1141 ut
808 1099 940 1141 liceat
973 1122 1025 1127 -

617 1226 1073 1281 Pyrgopolinices

861 1298 1053 1340 Nimium
1085 1302 1222 1351 optas.

658 1413 1024 1467 Milphidippa

1120 1467 1216 1509 Non
1247 1482 1314 1509 me
1346 1467 1456 1517 dico,
1490 1477 1576 1511 1035

119 1546 201 1589 Sed
233 1560 349 1588 eram
381 1558 532 1594 meam,
565 1557 676 1598 quae
708 1548 752 1585 te
784 1543 1035 1584 demoritur.

618 1658 1071 1712 Pyrgopolinices

750 1730 915 1772 Multae
947 1729 1058 1771 aliae
1091 1728 1204 1770 idem
1236 1728 1351 1768 istuc
1382 1727 1574 1781 cupiunt,

118 1805 282 1856 Quibus
313 1805 440 1859 copia
470 1818 555 1846 non
588 1810 665 1846 est.

662 1917 1031 1971 Milphidippa

536 1991 719 2033 Ecastor
749 1989 865 2031 haud
898 1990 1068 2037 mirum,
1102 1989 1137 2030 si
1168 1993 1211 2029 te
1243 1986 1380 2028 habes
1414 1999 1573 2035 carum,

117 2064 344 2107 Hominem
361 2071 452 2106 tam
470 2064 666 2118 pulcrum
692 2070 735 2105 et
759 2063 1030 2117 praeclarum
1056 2061 1233 2106 uirtute,
1258 2059 1410 2108 forma,
1432 2057 1574 2099 factis.

118 2137 232 2179 Deus
265 2137 434 2190 dignior
465 2137 547 2178 fuit
577 2137 806 2190 quisquam
838 2135 966 2177 homo
999 2135 1072 2187 qui
1104 2132 1245 2175 esset?

688 2249 720 2290 P
733 2249 782 2291 al
793 2263 819 2290 a
829 2263 851 2290 e
864 2263 882 2290 s
894 2250 1001 2290 trio

795 2321 890 2363 Non
917 2321 1061 2363 hercle
1093 2321 1373 2361 humanumst
1404 2330 1573 2370 corpus,

117 2394 225 2437 Nam
257 2395 446 2437 uolturio
478 2396 575 2450 plus
608 2395 783 2436 humani
816 2394 943 2436 credo
976 2399 1053 2435 est.

210 2545 297 2579 1033
322 2544 383 2578 adi
408 2553 472 2579 om.
498 2542 534 2577 Β
652 2544 738 2577 1034
764 2542 1072 2577 commemorauit
1099 2541 1135 2582 0,
1167 2539 1246 2584 quis
1272 2539 1516 2574 commerauit.
1539 2536 1575 2572 Β

209 2601 300 2636 dent
323 2607 362 2635 ut
389 2605 496 2645 optes
522 2599 558 2634 Β
641 2601 728 2634 1035
754 2600 852 2634 exire
877 2599 912 2634 B
995 2600 1081 2633 1036
1107 2604 1169 2633 ere
1194 2596 1230 2631 B
1312 2596 1395 2630 dete
1420 2595 1576 2630 moritur

119 2657 164 2702 B,
189 2664 225 2693 te
251 2658 455 2693 demeritur
482 2657 512 2693 C'
620 2659 706 2691 1037
731 2658 884 2700 cupiant
910 2656 939 2691 C
1049 2661 1194 2689 ecastor
1225 2659 1265 2688 ut
1289 2654 1421 2688 mirum
1447 2652 1483 2687 B

119 2726 244 2750 earum
270 2715 304 2750 B
411 2716 497 2750 1038
521 2715 748 2760 praeclaram
773 2714 818 2758 B,
851 2714 1014 2758 preclara
1045 2712 1073 2747 C
1174 2713 1313 2747 uirtute
1338 2715 1374 2745 et
1398 2710 1515 2744 forma
1539 2708 1574 2743 Β

213 2773 298 2807 1039
324 2772 435 2806 neuin
461 2771 506 2814 Β,
533 2771 633 2807 Heus
660 2770 689 2805 C'
778 2771 979 2806 humanum
1005 2776 1155 2813 stergeo
