1963 3243
325 160 405 198 272
752 180 762 189 =
891 157 996 192 Miles
1022 157 1213 200 gloriosus.

323 286 405 323 eius
443 286 546 323 modi
582 289 638 324 est
674 286 901 335 parenthesi
940 286 1099 323 inclusit
1139 285 1270 323 Madv.
1306 285 1403 323 Adv.
1436 285 1473 322 II
1510 299 1548 335 p.
1596 287 1667 332 103
1708 299 1780 334 ego

320 367 368 390 ne
407 354 479 391 hoc
521 355 680 402 quidem
719 355 828 402 signo
869 367 966 403 opus
1009 366 1091 391 esse
1132 354 1224 391 duxi
1265 354 1305 389 in
1345 355 1500 391 ratione
1542 352 1679 389 Plauto
1710 352 1778 389 ad-

321 421 481 458 modum
522 422 721 466 familiari,
764 435 799 459 v.
843 421 891 458 ad
931 421 1072 469 Amph.
1113 422 1207 459 952.
1247 440 1300 444 —
1340 422 1466 467 miser,
1499 434 1546 457 ex
1577 420 1778 469 cupidine;

322 489 465 538 saepius
495 491 535 526 in
566 489 758 526 eiusmodi
790 489 1055 526 locutionibus
1087 490 1189 539 apud
1223 488 1407 525 Plautum
1431 487 1668 525 adiectivum
1685 489 1778 536 poni

321 569 437 605 quam
469 556 710 602 adverbium,
751 555 957 604 Seyffertio
991 557 1159 593 concedo
1191 556 1301 593 Stud.
1335 556 1505 593 Plautin.
1537 568 1575 604 p.
1610 557 1645 601 8,
1679 569 1778 592 sem—

319 637 391 674 per
430 626 522 674 poni
565 637 674 673 nego,
715 639 749 662 v.
794 624 909 661 Praef.
953 624 1030 661 vol.
1068 623 1106 660 II
1146 638 1185 674 p.
1226 624 1293 662 IX.
1326 644 1382 649 -—
1414 625 1508 662 803.
1543 623 1667 671 „aliae
1695 621 1774 661 rei“

321 693 452 740 inquit
490 692 594 729 Fest.
635 692 742 742 Epit.
780 706 818 742 p.
862 693 912 728 27
950 692 1077 737 „dixit
1109 692 1272 729 Plautus
1304 706 1378 742 pro
1411 704 1454 729 eo
1486 691 1590 741 quod
1621 696 1681 728 est
1712 692 1778 728 alii

319 758 425 806 rei“;
457 760 503 797 cf.
536 759 646 797 Neue
676 761 714 797 II
744 773 781 809 p.
817 761 910 797 217.
944 779 997 784 —-
1030 761 1123 797 804.
1149 761 1282 808 potuit
1304 759 1401 808 Pyl„
1435 772 1486 796 sc.
1513 759 1580 805 sol,
1611 761 1647 801 ὃς
1675 759 1777 795 πάντ’

319 829 433 876 ἐφορᾷ
465 828 522 864 καὶ
554 828 656 864 πάντ’
688 829 867 872 ἐπακούει,
901 828 1012 865 Iliad.
1045 827 1114 873 III,
1149 829 1242 864 277.
1293 847 1339 852 —
1390 829 1483 865 805.
1529 827 1643 865 habeo
1689 827 1776 865 add.

320 895 499 932 Mueller.
547 915 602 920 —-
649 897 741 934 806.
789 897 956 943 adcura;
1001 896 1067 933 secl
1103 907 1267 943 propere
1304 896 1368 932 Br.
1431 895 1502 942 His
1542 895 1658 932 dictis
1697 895 1781 933 abit

318 976 451 1000 senex.
486 983 538 988 —
573 965 666 1002 807.
699 964 784 1002 PA.
832 964 919 1002 Hoc
949 964 1071 1010 facito
1110 963 1221 1001 Grut.
1255 984 1308 988 —
1341 964 1433 1001 808.
1473 963 1590 1011 Quem
1620 962 1710 1010 AB,
1742 978 1777 1002 V.

320 1031 512 1069 Fleckeis.
553 1032 624 1081 Ep.
665 1035 751 1070 crit.
794 1047 831 1083 p.
865 1032 1028 1070 XXVII.
1062 1032 1109 1069 ad
1152 1032 1269 1068 Most.
1311 1033 1403 1069 596.
1447 1045 1567 1081 supra
1599 1033 1692 1070 363.
1726 1053 1778 1059 —

321 1100 415 1137 809.
441 1100 611 1150 Dz’ceam,
643 1115 678 1137 v.
713 1092 807 1138 438.
845 1121 888 1125 —
926 1101 1012 1138 Pax
1044 1102 1262 1137 orationem
1289 1100 1500 1145 concludit,
1534 1103 1664 1149 quasi:
1697 1100 1780 1138 haec

320 1166 529 1206 sufficiant.
564 1169 610 1205 cf.
645 1169 766 1206 Stich.
802 1170 896 1206 769.
958 1169 1063 1205 Trin.
1098 1170 1191 1206 891.
1253 1168 1340 1205 Ter.
1376 1168 1515 1205 Heaut.
1550 1170 1643 1206 291.
1677 1170 1776 1206 717:

323 1235 457 1283 „Unus
496 1243 555 1274 est
595 1237 690 1282 dies,
733 1237 824 1274 dum
868 1241 1072 1286 argentum
1117 1237 1254 1286 eripio,
1295 1249 1384 1286 pax,
1424 1236 1521 1273 nihil
1569 1237 1777 1286 amplius“.

321 1304 489 1342 Ductum
531 1318 553 1341 a
591 1305 747 1343 Graeois.
790 1320 824 1342 v.
866 1303 1013 1354 Diphil.
1054 1318 1114 1354 ap.
1156 1305 1298 1341 Athen.
1337 1304 1388 1343 II.
1420 1318 1457 1354 p.
1493 1306 1542 1341 67
1576 1305 1620 1342 d:
1646 1305 1780 1348 ’Ὁξους

319 1373 356 1409 δὲ
398 1375 557 1420 κοτύλην,
604 1374 689 1415 πάξ.
752 1373 926 1410 Herond.
969 1376 1003 1420 7,
1051 1374 1139 1418 114.
1200 1373 1367 1421 Propria
1406 1374 1510 1409 vocis
1548 1372 1674 1410 forma
1704 1373 1779 1410 fuit

320 1441 481 1485 ἇπέπαξ,
514 1442 622 1491 quod
655 1441 873 1490 Hesychius
915 1442 1062 1489 σύμπαν
1102 1446 1272 1487 enarrat,
1315 1445 1447 1477 exstat
1477 1445 1607 1478 autem
1639 1442 1677 1477 in
1717 1455 1778 1478 ra-

318 1510 491 1546 tionibus
529 1511 671 1547 Atticis
709 1509 824 1559 Corp.
864 1511 985 1547 Inscr.
1025 1511 1142 1547 Attio.
1184 1511 1200 1547 I
1242 1523 1278 1547 n.
1321 1510 1415 1556 286,
1449 1509 1471 1546 5
1506 1516 1545 1545 et
1579 1510 1671 1555 288,
1707 1511 1778 1547 12:

319 1577 406 1614 καθ’
439 1579 570 1627 ἡμέραν
600 1578 735 1626 μισθοὶ
765 1580 854 1615 κατὰ
884 1580 927 1615 τὰ
957 1578 1121 1628 εἰρημένα
1153 1578 1315 1619 ἀπόπαξ.
1352 1596 1402 1601 ·-
1435 1576 1499 1614 abi
1528 1577 1633 1614 Cam.

433 1647 642 1693 810—13,
675 1647 734 1684 vel
766 1648 798 1684 si
837 1648 934 1684 vitia
975 1651 1111 1696 aperta
1152 1647 1338 1693 corrigas,
1370 1646 1492 1693 inepti
1524 1645 1709 1683 videntur
1739 1651 1779 1684 et

320 1714 460 1751 Plauto
505 1715 679 1762 indigna.
742 1715 982 1753 Schmidtius
1028 1728 1164 1751 versus
1204 1714 1424 1751 807—811
1467 1714 1638 1751 damnat.
1701 1713 1776 1752 Pu-

319 1786 379 1819 tat
417 1782 713 1820 Palaestrionem
755 1783 791 1820 h.
833 1784 858 1820 l.
899 1783 993 1819 hero
1032 1783 1276 1833 praecepisse,
1319 1795 1404 1831 quae
1456 1782 1560 1818 1170
1600 1795 1683 1831 sqq.
1723 1783 1778 1819 le-

319 1856 480 1900 guntur,
522 1857 565 1889 ut
601 1857 731 1889 nautae
773 1852 910 1889 habitu
948 1851 1110 1888 indutus
1151 1850 1199 1887 ad
1242 1850 1402 1886 militem
1444 1851 1607 1887 accedat
1646 1850 1777 1888 Philo-

319 1921 479 1957 comasii
517 1920 739 1958 arcessendi
771 1934 901 1964 causa,
935 1932 1022 1956 eum
1055 1923 1196 1965 autem,
1231 1920 1297 1968 qui
1328 1919 1499 1955 fabulam
1531 1923 1775 1963 retractaret,

319 1989 501 2035 genuinis
539 1990 675 2026 eiectis
713 1990 850 2039 spuria
888 1989 1111 2025 inseruisse.
1183 1986 1332 2033 Quibus
1373 1988 1404 2024 si
1446 1986 1562 2024 fidem
1605 1987 1778 2024 habituri

319 2069 463 2102 sumus,
495 2056 677 2094 ostendat
707 2070 862 2094 necesse
894 2062 953 2093 est
983 2069 1018 2093 v.
1056 2056 1161 2093 1170
1195 2068 1282 2104 sqq.
1315 2068 1392 2091 non
1419 2068 1490 2092 suo
1516 2056 1600 2092 loco
1625 2056 1777 2105 positos

319 2137 403 2161 esse
442 2126 481 2161 in
522 2125 634 2162 codd.
704 2124 779 2170 Qui
819 2127 1004 2174 quoniam
1044 2124 1098 2160 ibi
1137 2123 1285 2160 nullam
1326 2122 1576 2160 offensionem
1620 2124 1774 2170 habent,

318 2191 527 2229 Palaestrio
565 2192 602 2230 h.
636 2193 660 2230 l.
694 2193 790 2230 nihil
831 2193 939 2230 aliud
980 2193 1116 2229 herum
1156 2192 1352 2229 monuisse
1393 2192 1550 2228 videtur
1588 2205 1702 2241 quam
1733 2195 1777 2229 ut

319 2264 547 2298 constanter
577 2262 742 2299 amicam
774 2274 882 2298 suam
907 2260 1000 2298 ficto
1025 2260 1179 2297 nomine
1211 2259 1443 2309 appellaret.
1475 2279 1529 2284 —
1562 2261 1656 2298 810.
1687 2271 1777 2308 royo

319 2328 408 2366 add.
448 2329 513 2366 ΒΓ.
553 2349 606 2355 -
646 2331 738 2367 811.
771 2331 903 2376 poscet
933 2328 994 2366 ed.
1033 2341 1092 2378 pr.
1126 2346 1180 2353 —
1212 2327 1290 2364 Pro
1331 2330 1412 2365 tace
1471 2328 1774 2366 Forchhamme-

318 2409 383 2433 rus
414 2410 524 2434 meus
561 2395 692 2444 ,‚face“
728 2398 865 2434 voluit.
899 2416 952 2421 —
987 2397 1080 2434 812.
1113 2398 1200 2443 aqet
1228 2396 1272 2433 R.
1310 2415 1357 2420 —
1393 2399 1435 2433 tet
1465 2396 1554 2433 add.
1588 2396 1774 2434 Schmidt.

318 2465 417 2502 Ann.
463 2466 559 2514 phil.
600 2466 675 2502 vol.
719 2466 847 2516 suppl.
888 2465 944 2502 IX
982 2478 1020 2515 p.
1064 2464 1157 2502 368.
1216 2463 1275 2501 hic
1313 2464 1659 2513 Periplecomenus
1697 2469 1774 2511 est;

319 2533 388 2570 sed
428 2547 497 2571 nec
535 2535 651 2571 etiam
687 2547 757 2571 nec
795 2535 973 2572 actutum
1014 2537 1104 2582 apte
1147 2533 1306 2569 dicitur.
1370 2531 1504 2570 Ribb.:
1579 2533 1656 2575 ..At
1692 2536 1773 2570 tum

319 2614 436 2650 quum
477 2615 558 2638 rem
590 2601 653 2639 hic
683 2605 774 2650 aget
805 2605 981 2638 actutum
1014 2599 1114 2638 cet‘⁴.
1151 2620 1198 2625 —
1235 2601 1328 2638 813.
1360 2600 1420 2638 Eo
1452 2600 1512 2637 ed.
1546 2614 1604 2650 pr.
1639 2620 1692 2625 —
1721 2600 1778 2638 Et

317 2670 462 2706 retinui
501 2674 546 2707 ut
587 2672 681 2716 5233
719 2670 786 2707 R.:
831 2668 908 2716 ‚‚i“.
950 2689 1003 2694 —
1028 2671 1247 2717 praecepta,
1282 2668 1446 2718 pluralis
1477 2682 1613 2718 parum
1646 2672 1774 2718 aptus,

317 2749 406 2774 nam
437 2750 551 2774 unam
585 2738 700 2776 modo
732 2751 814 2775 rem
844 2739 1046 2787 praecepit.

1924 571 1936 866 ι

1923 871 1932 1270 l

1916 1276 1927 1727 l
