1963 3243
76 265 80 270 ·
118 265 125 271 .
170 247 186 268 ,
208 221 241 267 8,
263 220 399 258 81—92
765 220 963 258 Poenulus.
1532 230 1608 270 175

85 321 200 411 ss'JZQui
221 360 317 390 eum
337 345 579 401 subrupuit,
605 343 690 388 huc
714 345 889 390 deuexit
906 361 1086 402 meoque
1105 362 1179 391 ero
1197 348 1267 392 hic
1284 364 1381 392 eum
1399 350 1606 395 uendidit.

51 416 162 464 ·.’Ϊ·Ιε
189 418 234 462 in
264 417 442 461 diuitias
474 417 603 461 homo
628 417 859 473 adoptauit
881 419 1008 472 hunc,
1040 434 1168 475 quom
1200 420 1316 464 diem
1339 421 1448 464 obiit
1470 436 1608 466 suum.

689 511 790 567 Syn
802 517 1044 556 cerastas

119 583 272 629 Omnia
300 597 532 636 memoras,
563 598 649 639 quo
681 584 725 627 id
756 584 927 628 facilius
959 585 1047 628 fiat.
1107 585 1239 629 Manu
1272 600 1346 629 eas
1377 587 1561 641 adserat,

52 654 62 699 j
87 663 90 667 ’
117 655 226 701 Suas
255 655 496 712 popularis,
527 655 700 699 liberali
732 669 875 699 causa.

742 750 972 806 Milphio

943 823 1119 867 Tacitus
1152 828 1250 868 tace
1281 826 1422 869 modo.
1542 838 1607 873 905

47 958 53 966 .
685 901 1032 957 Syncerastus

7 1020 9 1022 ,
113 973 310 1018 Profecto
345 973 400 1017 ad
432 974 590 1016 incitas
620 974 818 1017 lenonem
849 975 1028 1029 rediget,
1060 975 1096 1018 si
1128 975 1207 1019 eas'
1232 976 1476 1020 abduxerit.

739 1070 974 1125 Milphio

113 1140 224 1193 Quin
254 1142 375 1196 prius
409 1141 640 1195 disperibit
670 1141 783 1193 faxo,
817 1155 946 1195 quam
979 1156 1109 1185 unam
1141 1143 1304 1186 calcem
1336 1144 1520 1197 ciuerit3

112 1212 182 1256 Ita
208 1218 410 1268 paratum
445 1217 522 1256 est.

54 1273 60 1279 ’
677 1285 1034 1340 Syncerastus

435 1357 506 1400 Ita
537 1357 581 1400 di
611 1357 763 1408 faxint,
795 1371 849 1400 ne
881 1358 996 1412 apud
1028 1357 1224 1401 lenonem
1260 1359 1373 1401 hunc
1404 1361 1602 1403 seruiam.

737 1452 824 1493 Mil
879 1452 966 1495 hio

83 1521 220 1575 Quin
249 1537 371 1566 meus
396 1524 546 1586 *hercle
578 1467 865 1568 conlibertusp
878 1525 978 1566 faxo
1012 1525 1108 1577 eris,
1139 1525 1174 1568 si
1206 1525 1250 1568 di
1281 1526 1442 1569 uolent.

80 1671 81 1675 ,
682 1626 1033 1681 Syncerastus

3 1703 5 1705 ’
88 1695 180 1740 ,Ita
208 1697 252 1741 di
280 1698 430 1741 faxint.
490 1698 603 1741 Num
634 1699 737 1752 quid
769 1698 916 1741 aliud?
947 1712 1014 1741 me
1045 1712 1228 1752 morare,
1260 1700 1453 1755 Milphio.
1539 1713 1606 1747 910

67 1851 71 1854 q
743 1794 974 1848 Milphio

4 1927 6 1934 Ι
62 1861 282 1917 »’“Π8.1θειε,
312 1865 509 1919 beneque
540 1870 588 1908 ut
617 1865 699 1908 tibi
732 1866 802 1908 sit.

673 1960 1031 2014 Syncerastus

100 2081 103 2086 ,
636 2032 714 2074 Pol
746 2033 860 2075 istuc
891 2032 972 2074 tibi
1003 2037 1047 2075 et
1076 2037 1151 2075 tuo
1183 2038 1249 2075 est
1281 2046 1354 2075 ero
1384 2033 1427 2075 in
1459 2046 1600 2075 manu.

9 2101 23 2145 ,’-’
67 2091 217 2147 vtUale
247 2109 290 2148 et
319 2104 426 2148 haec
460 2118 566 2147 cura
596 2104 840 2147 clanculum
872 2109 921 2146 ut
953 2105 1040 2146 sint
1071 2104 1199 2147 dicta.

737 2199 966 2254 Milphio

1018 2270 1115 2313 Non
1146 2271 1309 2313 dictum
1341 2275 1418 2313 est.
1480 2269 1602 2312 Uale.

16 2399 20 2424 ,y
674 2357 1034 2412 Syncerastus

16 2456 20 2477 2
91 2427 164 2482 „At
191 2429 303 2472 enim
331 2429 444 2472 nihil
476 2434 556 2481 est,
588 2429 684 2481 nisi,
716 2429 817 2472 dum
853 2429 980 2481 calet,
1012 2428 1093 2471 hoc
1123 2429 1280 2483 agitur.

84 2574 90 2597 'v
195 2577 262 2612 902
285 2575 354 2621 Qui
380 2580 458 2612 tum
485 2576 665 2623 surripuit
776 2586 840 2611 ero
867 2587 949 2610 eum
974 2575 1033 2610 hic
1057 2573 1106 2618 Β,
1132 2585 1175 2610 eo
1201 2574 1294 2609 Cum
1318 2573 1379 2609 hic
1405 2573 1434 2610 0
1535 2573 1602 2608 904

88 2630 98 2642 ”
121 2634 126 2659 ἴ
310 2633 463 2669 adseras
491 2633 522 2670 Ο
599 2634 666 2668 905
690 2643 802 2668 causa
827 2632 965 2667 tacitus
992 2632 1031 2666 B.
1055 2631 1099 2675 B,
1126 2631 1263 2666 tacitus
1289 2641 1402 2666 causa
1427 2629 1458 2665 0
1533 2631 1600 2665 906

100 2720 103 2726 ,
323 2691 391 2726 908
415 2693 589 2735 paratust
611 2689 646 2724 A
730 2690 851 2724 lenem
876 2688 912 2724 A
1004 2690 1071 2723 909
1097 2687 1165 2731 Qui
1189 2686 1260 2724 BG
1348 2698 1452 2722 meus
1477 2686 1600 2722 hercle

107 2744 353 2790 numeratus
378 2757 484 2782 meus
598 2745 683 2781 faxo
709 2749 750 2781 tu
775 2746 846 2780 eris
872 2746 906 2780 A
1024 2746 1092 2779 910
1117 2755 1215 2779 nunc
1242 2743 1333 2789 quid
1442 2745 1507 2778 911
1533 2746 1599 2778 tuo

385 2804 453 2839 912
478 2804 576 2840 scint
600 2803 637 2839 B
731 2801 828 2837 dicia
1251 2813 1255 2817 ·
