1963 3243
114 0 175 19 ..1ο-
192 0 215 14 j,
274 6 279 11 .

0 0 81 138 ξ
94 26 142 44 ·”1Ἰ’

49 96 59 118 <¹

3 137 30 171 ‘li

0 170 22 202 ζ.

134 243 202 288 ΙΙΙ,
231 246 263 288 5,
293 244 420 278 15-31
517 217 520 219 >
780 243 976 278 Poenulus.

686 369 1076 423 Agorastocles

132 440 244 493 Quid
275 441 393 482 iam?
750 489 754 499 ι

796 512 966 566 Lycus

459 582 570 633 Quia
601 598 648 626 os
680 598 794 626 nunc
825 584 1087 637 frigefactas,
1121 597 1250 638 quom
1282 598 1420 638 rogas.

682 679 1075 733 Agorastocles

131 751 222 794 Hoc
254 764 334 805 age
367 751 426 793 sis
458 750 575 792 leno:
610 764 781 792 seruom
814 765 904 793 esse
938 750 1087 792 audiui
1121 764 1262 792 meum

130 823 253 877 Apud
287 827 343 864 te.

794 894 959 949 Lycus

402 965 529 1021 Apud
561 966 658 1008 me?
690 966 939 1022 Numquam
970 967 1136 1008 factum
1168 966 1371 1021 reperies.

672 1061 1072 1114 Agorastocles

129 1131 326 1181 Mentire,
358 1145 456 1174 nam
488 1132 542 1174 ad
574 1138 617 1175 te
648 1135 768 1175 uenit
799 1148 1040 1187 aurumque
1073 1134 1245 1176 adtulit.

127 1203 193 1245 Ita
224 1203 328 1245 mihi
359 1205 676 1257 renuntiarunt,
710 1206 867 1260 quibus
899 1206 1028 1247 credo
1061 1206 1181 1248 satis.

789 1296 959 1351 Lycus

129 1365 268 1408 Malus
301 1380 366 1418 es;
399 1372 622 1421 captatum
655 1383 722 1411 me
754 1369 935 1410 aduenis
969 1382 1067 1410 cum
1098 1368 1298 1410 testibus.

128 1437 316 1481 Tuorum
348 1439 464 1493 apud
496 1454 562 1482 me
593 1454 719 1482 nemo
753 1445 820 1481 est
850 1454 929 1483 nec
961 1441 1199 1497 quidquam
1231 1441 1307 1482 tui.

669 1534 1068 1587 Agorastocles

106 1594 390 1648 'Mementote
422 1605 535 1657 illuc,
567 1606 785 1649 aduocati.

739 1687 810 1728 Ad
824 1701 885 1729 uo
899 1688 1005 1728 cat-i

865 1759 1155 1801 Meminimus.

785 1838 844 1880 Lv
869 1852 955 1881 cus

127 1907 193 1950 Ha
222 1908 279 1950 ha
309 1908 376 1960 he,
408 1910 496 1951 iam
526 1913 654 1952 teneo
688 1910 790 1963 quid
824 1853 900 1962 sjit3
933 1911 1136 1965 perspexi
1167 1910 1308 1952 modo.

124 1979 180 2022 Hi
211 1982 286 2035 qui
316 1981 440 2023 illum
472 1981 633 2023 dudum
667 1983 1010 2025 conciliauerunt
1040 1982 1143 2024 mihi

125 2051 402 2106 Peregrinum
433 2052 711 2107 Spartanum,
742 2055 787 2096 id
817 2069 929 2096 nunc
960 2056 997 2096 is
1031 2055 1255 2097 cerebrum
1287 2054 1440 2105 uritur,

125 2124 192 2166 Me
223 2139 317 2167 esse
348 2124 428 2168 hos
459 2129 680 2168 trecentos
712 2125 938 2181 Philippos
970 2126 1188 2168 facturum
1218 2126 1341 2168 lucri.

123 2195 247 2238 Nunc
277 2196 394 2238 hunc
425 2197 646 2239 inimicum
679 2199 782 2252 quia
813 2212 906 2240 esse
939 2199 1163 2240 sciuerunt
1193 2197 1310 2248 mihi,

124 2267 235 2310 Eum
266 2268 594 2322 adlegauerunt,
625 2284 750 2311 suum
783 2271 857 2324 qui
889 2284 1061 2312 seruom
1094 2270 1258 2312 diceret

126 2338 233 2382 Cum
268 2354 373 2383 auro
406 2355 498 2382 esse
531 2341 647 2396 apud
677 2355 766 2393 me;
798 2342 1038 2396 composita
1073 2347 1139 2384 est
1170 2341 1358 2392 fallacia,

125 2410 182 2453 Ut
212 2425 263 2454 eo
296 2426 363 2454 me
395 2413 570 2467 priuent
600 2417 734 2467 atque
765 2414 878 2455 inter
910 2427 954 2455 se
988 2414 1200 2455 diuidant.

124 2481 244 2537 Lupo
277 2497 437 2537 agnum
468 2485 637 2539 eripere
668 2485 909 2539 postulant3
941 2498 1080 2539 nugas
1115 2490 1259 2539 agunt.

1553 249 1628 288 163

1560 764 1629 798 760

1557 1451 1624 1485 '765

1557 2137 1625 2170 ¹770

1555 2495 1621 2529 775

212 2653 278 2686 759
302 2652 370 2687 hos
503 2654 566 2687 761
594 2664 651 2687 me
679 2663 746 2688 om.
774 2653 810 2687 B
937 2655 1003 2688 762
1029 2664 1270 2698 maurumque
1387 2654 1453 2688 763
1480 2664 1616 2688 renun-

122 2708 254 2743 tiatum
281 2713 336 2744 est
440 2711 508 2744 764
533 2709 565 2743 E
590 2719 654 2744 om.
765 2710 916 2745 aduenit
942 2710 970 2745 C
1075 2722 1160 2755 qum
1187 2709 1222 2744 Β
1326 2711 1392 2744 765
1418 2713 1474 2745 est
1498 2720 1564 2745 om.
1592 2710 1621 2745 C

122 2764 186 2799 767
210 2765 242 2800 Ε
268 2776 333 2801 om.
516 2767 705 2818 perspexit
867 2768 932 2801 769
960 2767 1058 2801 hisce
1086 2766 1221 2801 Crebro
1244 2767 1392 2817 vaur-itur
1419 2766 1456 2811 G,
1492 2777 1557 2802 om.
1584 2767 1619 2801 B

121 2821 186 2856 '773
212 2820 330 2865 Quom
355 2821 391 2857 B

1281 2895 1342 2928 11*
