1963 3243
229 204 253 242 8
908 199 1030 235 Plauti
1469 200 1496 243 1,
1523 203 1553 244 1,
1578 203 1717 238 29—40-

821 325 852 366 P
864 340 883 367 s
894 339 916 366 e
927 339 954 366 u
967 325 992 366 d
1004 339 1027 366 o
1037 326 1051 366 l
1061 340 1088 367 u
1099 339 1118 367 s

891 396 1025 438 Immo
1057 398 1166 439 enim
1200 397 1420 451 perlegam
1433 413 1442 450 ;

228 466 461 510 Aduortito
496 468 695 509 animum.

824 538 855 580 C
868 539 919 581 al
931 539 944 580 i
955 539 982 581 d
993 554 1016 580 0
1027 554 1048 581 r
1057 554 1084 582 u
1096 554 1115 582 s

758 610 854 652 Non
885 610 1019 652 adest.

820 689 1124 732 Pseudolus

1067 762 1124 804 At
1155 768 1200 804 tu
1232 763 1328 804 cita.

825 831 1115 875 Calidorus

227 904 364 945 Immo
396 917 473 957 ego
505 903 683 955 taceb03
714 907 762 945 tu
792 904 921 946 istinc
953 918 1003 946 ex
1035 919 1134 947 cera
1165 907 1270 958 cita3

228 974 337 1016 Nam
367 975 467 1017 istic
498 989 620 1017 meus
652 976 817 1017 animus
848 989 964 1017 nunc
995 981 1072 1026 est,
1103 991 1187 1019 non
1218 979 1262 1019 in
1292 982 1481 1032 pectore.

821 1054 853 1096 P
865 1069 884 1096 s
897 1069 918 1097 e
929 1070 956 1096 u
969 1055 995 1096 d
1008 1056 1122 1097 olus

228 1126 365 1168 Tuam
396 1127 578 1169 amicam
610 1127 751 1178 uideo,
783 1125 1001 1169 Calidore.-

825 1204 1116 1248 Calidorus

1096 1279 1180 1321 Ubi
1213 1293 1263 1321 ea
1294 1285 1370 1331 est,
1402 1280 1610 1323 obsecro?
1669 1293 1717 1326 35

821 1360 1124 1403 Pseudolus

228 1431 386 1473 Eccam
418 1432 463 1473 in
494 1431 667 1474 tabellis
699 1437 964 1486 porrectam;
995 1434 1039 1474 in
1071 1447 1170 1475 cora
1201 1434 1400 1477 adcubat.

825 1518 1116 1562 Calidorus

229 1589 285 1631 At
314 1593 358 1632 te
391 1589 434 1631 di
466 1589 671 1644 deaeque,
704 1595 913 1644 quantum
946 1596 1012 1633 est
1038 1615 1092 1621 -—

822 1677 1122 1720 Pseudolus

1002 1750 1252 1794 Seruassint
1283 1753 1467 1807 quidem.

833 1820 1117 1864 Calidorus

230 1890 362 1941 Quasi
395 1892 640 1934 solstitialis
670 1892 806 1935 herba
836 1893 1058 1947 paulisper
1088 1895 1170 1947 fui3

230 1963 422 2017 Repente
454 1969 629 2006 exortus
662 1978 767 2015 sum,
799 1967 1024 2019 repentino
1057 1967 1207 2008 occidi.

821 2060 853 2101 P
866 2074 884 2102 s
896 2075 918 2102 e
929 2075 955 2101 u
968 2061 993 2102 d
1005 2075 1028 2102 o
1041 2061 1091 2102 lu
1102 2076 1121 2103 s

228 2128 353 2180 Tace,
387 2129 488 2171 dum
519 2131 706 2174 tabellas
739 2131 924 2186 perlego.

824 2218 1115 2262 Calidorus

967 2291 1081 2345 Ergo
1115 2292 1216 2346 quin
1247 2291 1383 2345 legis?
1669 2304 1716 2338 40

821 2377 1120 2421 Pseudolus

231 2445 536 2495 „Phoenicium
569 2446 770 2490 Calidoro
803 2451 987 2492 amatori
1020 2464 1096 2492 suo

227 2517 308 2559 Per
339 2531 484 2560 ceram
515 2524 558 2561 et
588 2519 723 2561 linum
754 2520 1007 2574 litterasque
1039 2523 1297 2576 interpretes

318 2653 356 2686 31
386 2653 420 2688 C.
446 2653 566 2689 Immo
592 2653 628 2689 B
751 2656 794 2690 32
819 2654 855 2689 C.
882 2656 932 2690 At
955 2657 990 2691 B
1127 2658 1169 2692 33
1196 2656 1266 2691 CA.
1293 2668 1358 2692 om.
1387 2656 1415 2691 C
1538 2658 1623 2692 hinc
1648 2657 1719 2693 BG

227 2709 270 2742 43
296 2720 369 2743 non
395 2720 459 2744 om-
489 2710 517 2746 C
594 2712 648 2746 »36
673 2711 786 2747 cubat
810 2711 877 2747 BC
963 2715 1006 2747 37
1032 2713 1102 2747 CA.
1129 2718 1162 2748 et
1184 2712 1248 2747 PS.
1276 2723 1340 2748 om.
1367 2712 1402 2747 B
1484 2718 1659 2758 quantust
1686 2713 1716 2749 Ο

227 2767 270 2799 38
295 2764 364 2799 CA.
390 2776 456 2801 om.
486 2766 512 2801 C
