1963 3243
112 215 141 258 I,
164 216 196 258 2,
220 214 355 249 66-64
730 213 922 248 Mercator.
1495 215 1569 252 143

706 337 976 380 Charinus

111 412 265 456 Hercle
298 426 400 454 uero
433 410 677 465 uapulabis‚
711 412 792 452 nisi
825 412 908 452 iam
943 411 1119 464 loquere
1152 414 1227 451 aut
1259 409 1357 450 hinc
1390 410 1495 451 abis.

708 524 976 566 Acanthio

113 600 203 642 Hoc
253 599 311 639 sis
364 597 487 642 uide,
541 603 590 638 ut
637 597 859 651 palpatur!
923 597 1108 642 Nullust,
1157 595 1332 649 quando
1388 597 1568 649 occepit.

1198 666 1412 709 blandior.

707 748 978 790 Charinus

113 823 298 866 Obsecro
329 821 474 863 hercle
508 835 670 876 oroque
701 826 762 865 ut.
793 823 906 862 istuc
939 820 1042 875 quid
1075 821 1142 869 sit,
1174 824 1369 861 actutum
1394 820 1572 870 indices,

113 894 469 949 Quandoquidem
502 894 605 934 mihi
637 893 969 948 supplicandum
1004 893 1177 935 seruolo
1210 887 1339 934 uideo
1372 907 1478 933 meo.
1511 905 1574 936 170

712 1007 979 1050 Acanthio

117 1081 307 1124 Tandem
337 1080 540 1134 indignus
571 1080 755 1122 uideor?

707 1194 739 1237 C
750 1195 778 1236 h
792 1209 845 1236 ar
857 1196 870 1236 i
880 1210 906 1236 n
918 1210 946 1236 u
959 1210 977 1236 s

722 1267 856 1309 Immo
888 1267 1055 1321 dignus.

712 1382 745 1423 A
756 1396 778 1423 c
792 1381 942 1424 anthi
954 1396 978 1423 o

1146 1438 1359 1492 Equidem
1393 1439 1570 1480 credidi.

714 1533 978 1576 Charinus

115 1606 314 1658 Obsecro,
345 1621 447 1648 num
478 1608 603 1649 nauis
633 1607 794 1662 periit?

711 1721 978 1764 Acanthio

985 1794 1162 1838 Saluast
1191 1797 1336 1849 nauis3
1368 1812 1421 1839 ne
1452 1797 1570 1839 time.

712 1908 743 1950 C
752 1909 781 1950 h
794 1924 819 1951 a
828 1910 908 1951 rin
921 1924 949 1950 u
961 1923 980 1950 s

116 1979 225 2030 Quid
255 1981 343 2022 alia
372 1986 641 2024 armamenta
651 1982 671 2022 ἱ)

709 2087 978 2130 Acanthio

654 2158 788 2201 Salua
819 2165 862 2202 et
892 2174 997 2203 sana
1027 2166 1140 2203 sunt.

710 2272 976 2318 Charinus

1159 2333 1266 2384 Quin
1299 2339 1347 2376 tu
1378 2335 1568 2389 expedis,

115 2401 224 2453 Quid
255 2405 350 2453 siet,
391 2405 505 2459 quod
539 2420 604 2447 me
637 2420 714 2460 per
745 2403 894 2446 urbem
927 2420 1105 2448 currens
1138 2407 1377 2460 quaerebas
1410 2408 1571 2450 modo?

708 2520 976 2562 Acanthio

114 2587 176 2630 Tu
206 2591 378 2644 quidem
410 2606 461 2634 ex
491 2606 565 2633 ore
597 2593 839 2633 orationem
873 2591 976 2632 mihi
1008 2592 1151 2646 eripis.

206 2784 268 2817 167
282 2783 440 2819 Hercule
457 2784 487 2820 Ο
574 2784 743 2819 nisiaiam
758 2783 794 2818 B
886 2784 993 2819 babis
1007 2784 1042 2818 B
1137 2785 1200 2818 168
1224 2785 1252 2817 si
1268 2784 1304 2819 B
1397 2785 1571 2828 palpator

118 2837 145 2872 C
236 2841 298 2874 169
323 2841 473 2875 hercule
501 2841 530 2876 C
620 2843 706 2876 Post
729 2842 761 2875 h.
788 2853 818 2876 v.
846 2842 913 2875 168
936 2844 1063 2885 repetit
1090 2841 1122 2873 R
1219 2843 1281 2875 173
1307 2846 1524 2875 ornamenta
1537 2841 1570 2874 B
