1963 3243
0 3211 55 3243 Β,

149 162 211 203 lv,
235 163 267 205 8,
292 162 427 197 58—67
707 161 811 196 Miles
837 162 1032 204 gloriosus.
1528 167 1601 204 121

713 287 1034 330 Palaestrio

1142 359 1259 402 Cane
1292 361 1406 402 istuc
1438 361 1606 403 feceris.

149 434 302 476 Dicent
333 439 375 475 te
411 432 660 474 mendacem
693 446 771 474 nec
803 446 951 474 uerum
985 446 1092 482 esse,
1123 432 1206 474 fide
1238 433 1358 474 nulla
1390 448 1484 474 esse
1517 439 1571 474 te.

150 504 326 560 [Dicant
356 518 583 547 seruorum
617 510 790 558 praeter
823 519 886 546 me
921 518 1012 546 esse
1044 504 1214 546 fidelem
1247 506 1493 556 neminem]

150 578 256 620 Nam
289 578 324 619 si
357 577 537 619 honeste
569 591 770 618 censeam
802 582 845 617 te
878 576 1021 618 facere
1054 591 1192 631 posse,
1225 577 1454 630 suadean1;

150 649 310 692 Uerum
341 664 427 691 non
460 654 624 704 potest3
657 663 764 691 caue
797 648 918 691 faxis.

650 774 1103 829 Pyrgopolinices

718 847 822 899 Abi3
854 848 940 889 iam
971 847 1128 901 patiar,
1160 847 1374 903 quidquid
1407 853 1486 890 est.
1522 859 1608 893 1365

722 972 792 1014 Pa
803 971 878 1013 lae
890 973 1028 1013 strio

150 1046 264 1088 Bene
297 1046 393 1088 uale
425 1046 571 1098 igitur.

651 1171 1101 1226 Pyrgopolinices

554 1245 620 1286 Ire
653 1244 826 1285 meliust
857 1250 1046 1286 strenue.

720 1369 1033 1411 Palaestrio

1174 1442 1319 1484 Etiam
1350 1455 1462 1484 nunc
1492 1442 1605 1484 uale.

662 1568 1103 1621 Pyrgsopolinices

146 1641 254 1682 Ante
301 1640 382 1682 hoc
427 1640 589 1682 factum
636 1640 745 1682 hunc
789 1655 883 1682 sum
930 1640 1168 1682 arbitratus
1214 1654 1387 1694 semper
1434 1655 1607 1683 seruom

1223 1727 1492 1767 pessumum;

145 1784 268 1827 Nunc
314 1785 486 1827 fidelem
533 1784 637 1826 mihi
677 1799 773 1827 esse
810 1785 997 1827 inuenio.
1060 1783 1198 1834 Quom
1240 1792 1409 1839 egomet
1441 1799 1606 1828 mecum

1223 1858 1379 1910 cogito,

145 1928 286 1971 Stulte
317 1929 412 1979 feci,
443 1930 516 1984 qui
549 1929 665 1971 hunc
696 1931 836 1972 amisi.
898 1929 975 1971 Ibo
1007 1930 1108 1972 hinc
1138 1930 1253 1971 intro
1286 1944 1402 1971 nunc
1434 1931 1518 1972 iam

146 2001 209 2042 Ad
227 2014 395 2044 amores
415 2016 551 2054 meos;
568 2002 659 2052 sed,
679 2004 805 2052 sensi,
825 2002 925 2044 hinc
944 2003 1131 2044 sonitum
1153 2002 1351 2044 fecerunt
1372 2002 1498 2044 fores.
1519 2015 1606 2048 1370

235 2185 322 2218 1362
359 2188 457 2219 esset
548 2183 701 2218 fidelent
731 2184 805 2218 ulla
836 2183 882 2227 Β,
915 2184 1023 2219 fidele
1053 2184 1155 2218 nulla
1181 2183 1212 2218 0
1303 2185 1389 2219 1363
1415 2190 1514 2219 esset

145 2242 231 2275 1364
255 2246 405 2275 censeat
507 2241 594 2276 1365
619 2241 755 2275 abilam
783 2241 812 2276 0
915 2243 1002 2276 1366
1028 2240 1099 2274 PA.
1125 2251 1191 2275 om.
1299 2241 1370 2274 PA.
1396 2242 1448 2275 ire
1472 2242 1603 2276 melius

143 2303 162 2333 ἓ
187 2304 318 2332 trenue
344 2297 414 2333 PY.
512 2299 598 2332 1367
625 2297 695 2332 PY.
723 2309 789 2333 om.
885 2299 955 2333 hue
1054 2299 1140 2332 1368
1164 2297 1261 2332 Eum
1353 2296 1460 2332 fidele
1489 2298 1518 2333 G

143 2354 294 2389 inuento
399 2366 467 2400 ego
494 2360 532 2390 et
637 2355 726 2390 1369
750 2355 839 2390 fecit
945 2357 1069 2390 amisit
1172 2356 1440 2390 introuinciam
1464 2354 1501 2390 B

144 2412 231 2447 1370
254 2412 303 2446 At
328 2423 449 2446 mores
474 2411 520 2454 Β,
547 2413 724 2446 Acmores
752 2411 780 2447 G
872 2418 909 2447 et
934 2413 1048 2448 sensit
1142 2411 1233 2447 foris
