1963 3243
0 0 345 514 ξ

743 239 784 274 V.
814 242 1046 276 1027-1069.
1555 250 1634 290 275

149 387 198 395 -
250 368 367 406 1049.
419 362 529 416 Quin
566 364 664 405 hmo
702 366 916 407 meamus?
974 369 1090 419 Seyff.
1133 370 1270 409 Philol.
1314 372 1421 410 XXV
1461 388 1497 424 p
1541 376 1577 412 4
1574 377 1634 413 »1.

147 435 375 475 Salmasius:
429 436 547 485 „quin
577 437 681 473 uiam
714 435 948 475 metimur?“
990 457 1045 463 ——
1088 435 1327 485 militarii83
1376 442 1411 478 in
1452 450 1635 493 promptu

147 508 250 548 est
251 501 526 550 ,militaribus“
562 506 771 553 corrigere,
816 505 883 542 sed
915 504 997 542 fieri
1030 511 1172 556 potest,
1215 512 1257 543 ut
1288 507 1362 553 hic,
1404 513 1447 545 ut
1479 511 1516 545 in
1549 510 1637 547 aliis

147 572 359 618 similibus,
404 575 570 620 utraque
609 571 736 609 forma
774 574 811 609 in
851 586 924 610 usu
962 574 1099 621 fuerit,
1147 587 1181 611 v.
1220 573 1368 612 Ritsch.
1412 575 1552 627 Opusc.
1586 578 1637 614 IV

146 653 184 691 p.
217 640 311 678 464.
358 639 529 688 Langen.
560 639 679 676 Beitr.
707 653 744 689 p.
773 641 851 678 323
883 653 968 690 sqq.
1024 641 1172 679 Milites
1204 643 1417 689 grandibus
1450 645 1637 693 gradibus

146 708 327 746 incedere
358 707 549 747 solebant.
582 708 628 745 cf.
664 707 777 757 Epid.
811 710 880 747 14:
920 713 987 754 ‚ut
1018 713 1060 746 tu
1093 711 1125 746 is
1156 710 1342 760 gradibus
1372 710 1633 761 grandibus'“

147 776 236 815 Lor.
272 773 516 823 ‚,milliariis“
552 775 611 812 ed.
638 796 694 801 —
729 778 846 814 1050.
879 774 1018 826 Atque
1047 775 1200 826 edepol,
1233 778 1279 816 cf.
1303 780 1421 817 1026.
1448 800 1502 805 --
1532 782 1631 818 1051

148 846 267 882 etiam
304 845 344 882 in
374 845 409 881 A
438 843 558 880 fuisse
591 849 767 894 apparet.
833 842 1032 893 triumphi
1072 847 1103 884 si
1144 860 1216 896 pro
1249 849 1426 884 vocativo
1457 849 1634 896 sumitur,

146 913 300 950 ratione
339 915 464 957 caret3
513 912 617 961 quod
658 917 787 951 autem
826 913 870 950 R.
910 913 1113 951 substituit
1155 913 1404 965 „triumphe“
1446 916 1635 953 exclama-

144 981 308 1024 tionem,
341 980 468 1026 credo,
500 984 546 1017 ut
580 982 642 1026 „io
674 980 897 1030 triumphe“
929 982 1021 1020 Hor.
1047 982 1119 1020 Od.
1147 982 1210 1027 IV,
1238 984 1273 1029 2,
1307 985 1373 1026 49,
1406 997 1481 1021 non
1513 987 1637 1034 magis

145 1049 286 1100 placet.
372 1048 587 1086 Genetivus
626 1049 803 1097 videtur3
850 1049 898 1086 ad
941 1049 1129 1099 triumphi
1171 1051 1418 1098 cantharum,
1464 1053 1488 1088 i.
1522 1066 1554 1089 e.
1588 1052 1636 1089 ad

146 1118 366 1155 convivium
397 1118 571 1155 victoriae
603 1130 717 1154 causa
749 1117 1036 1164 celebrandum,
1069 1131 1132 1155 eos
1165 1123 1288 1156 vocat.

263 1186 382 1223 1052.
432 1185 586 1223 Titulus
626 1199 671 1223 ex
703 1186 735 1222 A
767 1185 909 1223 editus.
970 1186 1096 1223 Ballio
1138 1188 1218 1224 exit
1248 1183 1403 1225 omn‘em
1433 1201 1514 1225 rem
1546 1201 1636 1226 con-

145 1254 283 1292 fectam
325 1266 506 1292 censens.
554 1253 824 1303 Pseudoloque
865 1255 1010 1292 nullam
1043 1255 1118 1291 iam
1150 1259 1298 1292 restare
1330 1255 1491 1293 fallendi
1523 1269 1635 1294 occa-

145 1323 295 1360 sionem
331 1322 534 1370 gloriatur.
620 1318 790 1360 Hahahe
833 1322 944 1360 Both.
981 1326 1027 1360 ut
1068 1335 1187 1372 supra
1228 1324 1321 1360 951.
1382 1323 1500 1362 Poen.
1543 1326 1635 1363 767.

145 1390 260 1428 Truc.
287 1391 380 1428 211.
428 1389 583 1427 Terent.
609 1410 665 1415 —
689 1387 793 1428 mihi
824 1388 987 1428 demum
1010 1390 1064 1437 A;
1098 1392 1135 1427 in
1169 1405 1245 1440 quo
1277 1405 1324 1429 ne
1356 1393 1442 1442 quis
1469 1392 1635 1439 dubitet,

145 1460 240 1509 quin
272 1455 436 1496 demum
467 1472 488 1495 a
518 1469 629 1497 mmo
655 1462 831 1510 separari
856 1460 992 1508 possit,
1024 1459 1070 1496 cf.
1090 1459 1194 1497 Trin.
1217 1460 1308 1497 781.
1355 1461 1492 1498 Bacch.
1516 1462 1635 1499 1096.

145 1526 229 1565 Cas.
264 1527 358 1564 446.
393 1527 485 1564 778.
533 1527 622 1564 Ter.
656 1528 779 1564 Andr.
815 1528 906 1565 882.
943 1546 992 1551 —
1026 1523 1111 1565 loco
1143 1529 1206 1565 est
1235 1529 1280 1565 A.
1314 1548 1368 1552 —
1403 1529 1521 1566 1053.
1559 1526 1637 1565 iste

147 1595 280 1642 codd.;
319 1595 378 1633 Fl.
411 1595 489 1632 ille.
523 1615 576 1620 -—
611 1596 731 1633 1054.
763 1590 863 1633 Iube
895 1595 1103 1644 Geppert.‚
1142 1595 1188 1633 cf.
1222 1595 1338 1633 Most.
1373 1597 1472 1633 417:
1518 1596 1636 1643 „Iube

146 1677 247 1702 nunc
276 1660 396 1701 iam“.
457 1662 546 1700 Rud
594 1664 692 1701 708:
730 1663 848 1711 „Iube
881 1663 993 1700 modo
1025 1663 1186 1700 occedat
1215 1663 1379 1713 prope“,
1413 1669 1450 1701 et
1481 1665 1636 1702 omnino

147 1732 194 1770 de
224 1732 459 1782 imperativo
490 1744 569 1769 non
609 1731 656 1769 ad
689 1732 854 1769 alterum
886 1732 1008 1768 relato
1041 1731 1088 1768 ad
1119 1731 1238 1768 Most.
1273 1732 1365 1769 870.
1428 1731 1486 1769 Fl.
1521 1736 1559 1769 et
1589 1732 1635 1769 R.

149 1799 301 1848 „Lubet
320 1830 327 1837 .
349 1830 356 1837 .
377 1829 384 1837 .
402 1802 537 1838 ueniat
564 1799 806 1838 Pseudolus“
842 1801 1084 1849 scripserunt
1113 1804 1156 1836 ut
1191 1800 1310 1837 1061.
1343 1819 1395 1825 -
1425 1796 1634 1846 Scelerum,

147 1867 192 1905 cf.
227 1869 321 1906 821.
363 1887 411 1892 --
455 1867 574 1905 1055.
615 1864 676 1905 Et
704 1864 906 1906 abducere
946 1869 1065 1905 etiam
1098 1869 1143 1905 A.
1204 1867 1526 1905 Coniunctionem
1558 1881 1633 1905 om.

145 1935 260 1974 Both.
301 1956 354 1961 —
398 1937 518 1973 1057.
550 1932 777 1984 periurare
816 1939 856 1973 et
886 1937 920 1972 A
951 1939 991 1972 et
1019 1936 1050 1973 B
1082 1939 1120 1973 et
1151 1936 1190 1983 C,
1237 1936 1283 1972 cf.
1316 1935 1365 1973 ad
1397 1937 1505 1973 Asin.
1541 1936 1633 1973 291.

147 2023 196 2030 -
235 2005 354 2042 1058.
380 2013 458 2053 per
488 2001 774 2052 deridiculum,
807 2004 853 2041 cf.
879 2003 961 2041 Mil.
989 2005 1054 2042 92.
1108 2003 1197 2040 Lor.
1231 2003 1380 2040 confert
1415 2016 1509 2052 „per
1540 2002 1635 2040 ridi-

147 2070 298 2110 culum“
335 2072 493 2110 Trucul.
523 2073 616 2110 262.
675 2071 753 2109 Cic.
780 2071 852 2110 Off.
879 2072 908 2114 Ι,
943 2073 1006 2119 37,
1041 2072 1129 2108 134.
1156 2091 1210 2095 —
1239 2072 1355 2108 1060.
1382 2067 1570 2119 pist-rino
1590 2073 1632 2107 Α.

144 2140 194 2178 ut
221 2136 424 2185 conuenit,
457 2141 562 2178 inter
592 2139 828 2177 Pseudolum
861 2144 900 2177 et
929 2139 1138 2186 Simonem,
1170 2154 1204 2176 v.
1233 2140 1311 2176 534
1336 2152 1394 2187 sq.
1427 2158 1480 2164 —
1516 2140 1633 2176 1061.

144 2205 290 2247 ueniat
319 2208 424 2246 Cam.
458 2228 513 2233 —-
548 2209 667 2245 1062.
706 2205 962 2257 promiscam
992 2207 1038 2252 A,
1077 2208 1102 2244 i.
1136 2220 1167 2243 e.
1202 2207 1469 2244 communiter.
1528 2205 1633 2244 Fest.

146 2276 254 2327 Epit.
286 2290 324 2327 p.
359 2278 460 2314 224:
496 2278 754 2326 „promiscam
787 2275 968 2313 dicebant
998 2287 1069 2325 pro
1099 2272 1361 2324 promiscue“.
1488 2267 1494 2273 ’

263 2345 383 2383 1063.
429 2344 510 2382 Nec
541 2347 574 2382 A
611 2357 681 2382 nec
712 2343 740 2381 C
779 2356 915 2380 novam
954 2355 1108 2380 scenam
1150 2341 1297 2392 incipit.
1371 2342 1475 2380 Simo
1515 2355 1635 2392 quum

145 2415 313 2450 maxime
359 2412 567 2450 adveniens
613 2425 768 2449 servum
814 2410 995 2449 callidum
1041 2424 1126 2448 cum
1167 2409 1281 2448 Ulixe
1326 2415 1546 2459 comparat,
1592 2414 1636 2447 ut

145 2479 285 2518 Bacch.
319 2481 396 2518 941
424 2485 463 2517 et
486 2481 566 2518 944
593 2493 678 2530 sqq.
739 2479 898 2526 Quaerit,
931 2492 1023 2516 num
1048 2481 1137 2526 iam,
1170 2481 1213 2514 ut
1236 2477 1370 2516 Ulixes
1395 2490 1442 2515 ex
1466 2477 1637 2515 Troiana

147 2560 234 2585 arce
259 2547 448 2586 Minervae
479 2549 632 2597 signum
665 2547 837 2592 abstulit,
871 2547 926 2583 ita
957 2546 1022 2582 ille
1054 2559 1099 2582 ex
1126 2545 1274 2582 aedibus
1298 2545 1485 2582 Ballionis
1513 2545 1636 2583 Phoe-

145 2616 288 2654 nicium
322 2615 542 2653 abstulerit.
603 2612 706 2664 quid
734 2624 872 2651 rernm
896 2616 940 2657 A,
972 2614 1018 2650 cf.
1046 2613 1132 2649 Aul.
1163 2613 1226 2649 54.
1274 2612 1378 2650 Men.
1408 2614 1500 2649 777.
1533 2613 1634 2650 Rud.

148 2684 241 2721 897.
274 2703 328 2709 —
357 2693 476 2722 meus
498 2684 544 2720 A.
582 2702 618 2707 -·
668 2683 786 2719 1064.
818 2677 1037 2719 Ballionia
1062 2682 1106 2718 A.
1140 2699 1194 2705 —
1229 2681 1346 2717 1065.
1378 2676 1636 2727 fortunatam

147 2747 242 2789 cedo
273 2750 421 2801 Saupp.
455 2765 501 2789 ex
532 2750 578 2787 A.
611 2769 664 2775 —
702 2750 819 2787 1066.
863 2747 1018 2789 ..Sim0“
1053 2748 1227 2785 codicum
1259 2761 1304 2784 ex
1336 2759 1512 2796 personae
1543 2752 1636 2784 nota

147 2823 275 2856 ortum
308 2824 380 2856 est.
420 2838 476 2844 —
518 2819 636 2856 1069.
685 2815 822 2864 „inde“
865 2817 1045 2853 similiter
1083 2829 1128 2852 ex
1159 2814 1258 2852 male
1290 2815 1504 2863 anticipata
1537 2827 1634 2864 proe·

1304 2890 1363 2923 18*
