1963 3243
337 153 417 192 164
1005 145 1128 180 Plauti
1483 145 1531 188 11,
1556 147 1587 188 3,
1616 140 1793 180 103-112'

935 271 972 312 D
982 285 1004 312 e
1016 285 1055 311 m
1066 271 1081 312 i
1093 286 1118 325 p
1129 270 1157 312 h
1169 285 1192 313 o

333 346 469 388 Nihili
499 345 627 386 facio.

938 443 970 485 C
980 444 1009 485 h
1021 457 1078 485 ar
1087 444 1137 486 in
1146 459 1174 486 u
1184 459 1203 485 s

643 517 971 572 Quinquaginta
1001 517 1152 570 poscit.

936 640 1195 694 Demipho

1186 713 1282 755 Non
1317 718 1489 755 centum
1523 713 1663 755 datur.

334 789 462 830 Potin
494 792 543 828 ut
572 801 625 828 ne
656 785 826 827 licitere
858 785 1094 827 aduorsum
1127 785 1209 826 mei
1238 786 1371 826 animi
1404 785 1713 827 sententiam?-

334 861 581 903 Maxumam
613 857 760 899 hercle
792 857 976 898 habebis
1000 857 1220 910 praedam.
1269 857 1338 898 Ita
1359 857 1432 898 ille
1458 861 1537 906 est,
1569 857 1672 910 quoi
1698 856 1796 897 emi·

1425 932 1511 977 tur,
1544 941 1695 969 senex:
1878 925 1883 933 “

337 1004 478 1046 Sanus
509 1016 595 1044 non
627 1005 693 1043 est
723 1014 775 1042 ex
806 1015 952 1042 amore
983 1001 1124 1053 illius3
1157 1000 1275 1054 quod
1306 1008 1470 1054 posces,
1504 999 1629 1041 feres.
1730 1011 1797 1044 435

942 1125 1208 1167 Charinus

335 1201 464 1243 Certe
496 1199 649 1252 edepol
680 1198 939 1240 adulescens
969 1197 1057 1247 ille,
1091 1197 1192 1250 quoi
1225 1210 1303 1251 ego
1329 1210 1436 1248 emo,
1469 1195 1660 1238 efflictim
1685 1197 1802 1250 perit
1950 1187 1951 1190 ¹

335 1272 442 1314 Eius
472 1285 635 1313 amore.

938 1371 1198 1426 Demipho

676 1445 813 1486 Multo
844 1443 990 1486 hercle
1022 1443 1096 1486 ille
1128 1444 1265 1496 magis
1297 1457 1439 1490 senex,
1473 1443 1508 1485 si
1534 1447 1586 1495 *tu
1617 1443 1741 1484 scias.

574 1611 579 1615 ,
933 1567 1207 1610 Charinus

336 1646 583 1700 Numquam
616 1643 771 1697 edepol
802 1642 888 1684 fuit
917 1655 1058 1696 neque
1089 1640 1165 1682 fiet
1195 1640 1269 1683 ille
1302 1655 1434 1682 senex
1463 1641 1661 1683 insanior

337 1717 401 1759 Ex
443 1730 590 1758 amore
629 1729 762 1771 quam
800 1715 874 1756 ille
915 1713 1183 1765 adulescens,
1223 1714 1323 1766 quoi
1355 1727 1433 1766 ego
1465 1713 1521 1755 do
1553 1713 1665 1754 hanc
1696 1727 1797 1767 ope-

1424 1799 1532 1836 ram,
1562 1790 1701 1839 pater.

939 1888 975 1929 D
988 1903 1010 1930 e
1022 1889 1085 1929 mi
1098 1903 1124 1942 p
1136 1887 1163 1929 h
1175 1902 1198 1929 o

342 1962 538 2015 Quiesce,
569 1963 767 2016 inquam3
798 1962 938 2003 istanc
969 1975 1058 2002 rem
1091 1974 1170 2014 ego
1203 1966 1321 2002 recte
1353 1960 1518 2002 uidero.

939 2099 971 2142 C
982 2101 1010 2142 h
1021 2115 1047 2142 a
1056 2101 1101 2142 ri
1111 2087 1174 2142 nu
1187 2116 1206 2142 s

1364 2171 1477 2221 Quid
1511 2173 1606 2214 ais?

943 2265 979 2305 D
991 2279 1013 2306 e
1025 2265 1085 2306 mi
1098 2280 1125 2318 p
1135 2264 1163 2306 h
1175 2279 1198 2307 o

1464 2336 1578 2386 Quid
1611 2336 1703 2377 est?
1732 2346 1800 2380 440

935 2428 966 2470 C
978 2429 1004 2470 h
1016 2444 1041 2470 a
1054 2444 1074 2470 r
1086 2430 1100 2470 i
1110 2444 1137 2469 n
1149 2443 1177 2470 u
1189 2443 1207 2469 s

339 2502 433 2544 Non
468 2516 546 2555 ego
577 2502 695 2543 illam
730 2503 958 2555 mancupio
993 2502 1156 2555 accepi.

430 2655 498 2687 432
522 2652 623 2687 Nihil
647 2652 682 2686 Β
775 2653 842 2687 433
867 2655 958 2686 nent
982 2651 1018 2686 Β
1111 2652 1244 2686 liceret
1268 2651 1313 2694 B,
1339 2651 1488 2693 litigem
1515 2649 1544 2685 C'
1632 2649 1706 2684 mei
1731 2659 1798 2684 om.
1868 2651 1876 2680 0'
1919 2643 1930 2659 ¹

430 2712 497 2745 434
523 2718 583 2754 qni
610 2710 789 2744 mentitur
812 2708 848 2743 B
948 2710 1015 2743 436
1041 2708 1152 2742 Certo
1179 2707 1208 2742 G
1304 2705 1477 2741 efflectim
1501 2705 1537 2741 B
1630 2707 1699 2740 440
1722 2704 1800 2750 agis
1866 2717 1884 2727 ··

429 2770 502 2821 441¹
523 2768 650 2811 accepi
676 2766 741 2800 sed
766 2766 826 2800 ille
852 2766 957 2800 illam
980 2766 1136 2810 accepit.
1161 2764 1238 2799 DE.
1266 2765 1344 2799 sine
