1963 3243
129 229 171 274 V,
196 231 228 271 2.
256 230 386 264 18-27
750 230 943 266 Mercator.
1500 238 1552 276 20
1568 239 1578 276 1

130 357 277 412 Neque
320 356 421 397 mihi
463 356 551 397 ulla
583 357 770 398 obsistet
802 358 939 399 amnis
973 373 1112 413 neque
1145 373 1265 401 mons
1300 375 1440 414 neque
1474 362 1583 402 :ulcu

1217 446 1347 482 mare,

126 503 213 545 Nec
252 501 371 544 calor
410 515 488 543 nec
526 500 663 555 frigus
703 508 845 544 metuo
888 517 1027 557 neque
1064 509 1242 545 uentum
1281 519 1421 559 neque
1459 518 1584 557 gran-

1213 576 1379 618 dinem:

128 647 310 690 Imbrem
345 647 584 701 perpetiar3
617 647 808 688 laborem
844 647 1060 697 sufferam,
1091 648 1239 692 solem,
1273 650 1403 690 sitim.

126 719 220 761 Non
275 719 511 761 concedam
569 734 710 774 neque
765 721 983 774 quiescam
1041 734 1218 773 usquam
1266 729 1396 763 noctu
1444 737 1582 777 neque

1213 794 1310 835 dius
1516 806 1583 838 850

125 863 248 906 Prius
295 865 502 918 profecto,
549 879 679 918 quam
728 871 803 906 aut
843 866 1026 906 amicam
1067 872 1145 906 aut
1184 872 1365 907 mortem
1405 867 1581 908 inuesti-

1209 951 1384 991 gauere.

712 1017 988 1072 Eutychus

122 1087 276 1130 Nescio
309 1090 437 1143 quoia
470 1104 551 1130 uox
585 1089 639 1130 ad
672 1091 790 1131 auris
823 1090 926 1131 mihi
960 1090 1198 1132 aduolauit.

717 1215 985 1258 Charinus

1245 1290 1406 1332 Inuoco

121 1359 219 1411 Uos,
254 1360 384 1402 Lares
416 1361 567 1411 uiales,
598 1368 645 1403 ut
677 1377 744 1404 me
776 1362 885 1404 bene
918 1363 1091 1405 iuuetis.

708 1487 983 1542 Eutychus

1132 1562 1342 1616 Iuppiter,

118 1629 251 1672 Estne
280 1631 370 1672 illic
401 1629 644 1674 Charinus?

715 1714 983 1757 Charinus

657 1785 796 1839 Ciues,
830 1788 940 1830 bene
972 1788 1128 1830 ualete.

704 1913 980 1968 Eutychus

1138 1988 1241 2030 Ilico

115 2054 203 2106 Sta,
236 2054 434 2099 Charine.

357 2130 364 2140 ⁸
713 2139 979 2182 Charinus

439 2213 518 2263 Qui
552 2228 619 2254 me
651 2214 859 2256 reuocat?

703 2328 974 2383 Eutychus

935 2402 1055 2456 Spes,
1089 2401 1229 2453 Salus,
1262 2401 1467 2443 Victoria.
1500 2415 1567 2447 855

707 2526 973 2569 Charinus

114 2590 222 2642 Quid
255 2611 319 2638 me
352 2598 514 2640 uoltis?

197 2745 264 2778 850
288 2745 372 2780 duis
398 2745 434 2789 Ο,
461 2747 518 2781 uis
543 2747 578 2781 B
690 2749 757 2781 852
782 2748 882 2783 Hinc
908 2760 1017 2793 usque
1042 2750 1092 2784 ad
1115 2750 1250 2784 exitum
1274 2749 1408 2789 tizbuloe
1435 2749 1464 2785 C
1480 2762 1563 2794 per-

112 2807 283 2835 mar-um
305 2808 413 2838 notae
437 2806 588 2846 omittit;
612 2804 652 2838 in
676 2805 806 2839 mediis
831 2807 994 2841 versibus
1017 2809 1142 2848 spacia
1167 2807 1292 2841 relicta
1317 2812 1404 2842 sunt
1505 2808 1562 2842 cui

111 2865 206 2890 noxa
227 2857 263 2892 Β
354 2862 421 2896 853
446 2863 579 2896 umetis
604 2860 649 2902 B,
676 2863 806 2896 tutem·
835 2862 864 2898 C
