1963 3243
320 222 399 262 168
993 216 1112 251 Plauti
1528 215 1592 260 IV,
1617 217 1647 259 2,
1677 216 1810 251 18—=30

280 344 282 346 ’
316 344 427 386 Nam
461 343 506 385 id
538 342 714 397 quidem
743 341 991 393 meditatur,
1022 341 1085 382 illi
1116 345 1165 383 ut
1194 341 1328 383 uerba
1359 340 1489 383 faciet
1519 345 1701 383 mortuo.

317 415 375 457 Et
412 415 532 457 adire
570 414 693 457 lubet
730 413 968 464 hominem,
1018 417 1061 454 et
1105 417 1248 455 autem
1294 414 1421 454 nimis
1468 427 1565 454 eum
1611 411 1809 454 ausculto

1336 484 1504 526 lubens.
1743 495 1810 529 840

878 551 1080 606 Syncer
1096 556 1245 594 astus

318 626 438 669 Haec
469 639 599 680 quom
630 625 701 667 hic
725 624 852 666 uideo
877 623 982 675 fieri,
1016 626 1197 674 crucior,
1230 624 1381 678 pretiis
1408 627 1575 677 emptos
1600 623 1810 665 maxumis

318 698 444 752 Apud
474 712 555 739 nos
588 696 884 751 expeculiatos
917 709 1067 737 seruos
1098 695 1192 737 fieri
1223 696 1310 737 suis
1343 695 1452 746 eris3

318 771 375 813 Et
391 770 446 812 ad
463 773 730 824 postremum
752 768 859 809 nihil
883 770 1085 821 apparet3
1116 767 1229 808 male
1253 771 1427 821 partum
1454 765 1562 807 male
1591 766 1781 820 disperit.

953 846 1180 900 Milphio

319 920 507 963 Proinde
539 919 672 961 habet
702 919 772 960 hic
803 918 1057 970 orationem,
1089 919 1212 971 quasi
1244 918 1337 972 ipse
1371 918 1428 958 sit
1458 916 1570 970 frugi
1599 916 1753 967 bonae,

321 993 402 1044 Qui
433 993 557 1046 ipsus
588 991 735 1032 hercle
766 990 1032 1044 ignauiorem
1064 989 1178 1043 potis
1209 994 1275 1030 est
1305 988 1446 1030 facere
1477 989 1708 1042 ignauiam.
1744 999 1812 1033 845

886 1069 1252 1122 Syncerastus

319 1143 445 1184 Nunc
477 1142 652 1184 domum
682 1141 791 1183 haec
821 1141 875 1182 ab
908 1140 1015 1182 aede
1040 1139 1220 1181 Ueneris
1243 1138 1383 1182 refero
1408 1153 1526 1190 uasa,
1559 1139 1633 1181 ubi
1656 1139 1812 1181 hostiis

319 1215 432 1256 Erus
463 1214 661 1267 nequiuit
691 1214 930 1267 propitiare
962 1211 1176 1253 Uenerem
1207 1226 1283 1253 suo
1315 1210 1426 1253 festo
1459 1211 1539 1252 die.

951 1291 1175 1343 Milphio

320 1350 530 1406 Lepidam
561 1349 791 1392 Uenerem!

895 1404 1246 1458 Syna-erastus

847 1477 957 1519 Nam
988 1477 1236 1518 meretrices
1266 1481 1442 1519 nostrae
1475 1476 1624 1530 primis
1656 1475 1812 1518 hostiis

322 1551 534 1594 Uenerem
567 1551 799 1605 placauere
831 1549 1057 1603 extemplo.

953 1628 1185 1682 Milphio
1697 1679 1701 1683 ῃ

1124 1699 1158 1742 Ο
1190 1700 1378 1754 lepidam
1411 1699 1622 1742 Uenerem
1655 1698 1811 1740 denuo!

891 1771 1246 1826 Syncerastus

323 1831 449 1874 Nunc
483 1831 656 1873 domum
688 1829 771 1872 ibo.

952 1885 1178 1940 Milphio

732 1958 865 2008 Heus,
899 1957 1165 2012 Synceraste.

884 2029 1247 2083 Syncerastus

1128 2100 1434 2156 Syncerastum
1466 2101 1539 2154 qui
1571 2099 1725 2142 uocat?
1749 2110 1817 2144 850

927 2173 1155 2228 Milphio

326 2232 443 2273 Tuus
475 2231 652 2273 amicus.

884 2286 1247 2341 Syncerastus

562 2394 565 2395 ν
604 2359 731 2401 Haud
762 2360 900 2401 amice
931 2359 1048 2410 facis,
1081 2359 1154 2412 qui
1187 2372 1283 2400 cum
1317 2371 1446 2400 onere
1479 2357 1606 2399 offers
1639 2369 1815 2398 moram.

416 2508 481 2543 839
506 2507 559 2541 illi
585 2511 626 2542 ut
650 2505 851 2541 meditatur
873 2504 920 2547 B⁷
948 2504 1007 2539 Illi
1031 2472 1234 2540 meditatgr
1262 2504 1291 2540 O
1387 2503 1495 2539 facite
1519 2507 1666 2538 mortuo
1690 2501 1738 2545 B,
1763 2501 1815 2537 fa-

325 2564 399 2598 cite
423 2567 573 2598 mortua
600 2563 630 2599 O
724 2564 792 2598 840
816 2565 878 2597 aut
904 2562 1002 2596 culto
1096 2563 1163 2596 842
1187 2560 1284 2596 fieris
1310 2561 1458 2596 uisceris
1551 2561 1618 2594 843
1642 2557 1715 2594 Sed

325 2623 516 2664 posterum
542 2619 577 2654 B
675 2631 805 2664 parum
910 2620 978 2653 844
1002 2618 1062 2652 hic
1087 2628 1154 2653 om.
1182 2618 1211 2652 O
1307 2619 1373 2652 845
1398 2617 1519 2652 hercle
1544 2617 1644 2661 ipsus
1738 2615 1817 2660 poti

325 2677 393 2711 846
418 2677 498 2711 aedi
603 2677 671 2712 847
696 2687 742 2711 ne
768 2675 872 2720 quuti
897 2675 941 2717 B,
967 2675 1092 2710 necuti
1120 2674 1148 2710 Ο
1264 2676 1332 2709 848
1357 2674 1384 2708 Β
1409 2678 1443 2709 et
1466 2672 1497 2707 K
1522 2683 1587 2708 om.
1698 2683 1815 2708 mere·
1852 2696 1855 2701 f

325 2733 428 2767 tricis
545 2733 686 2778 primus
711 2732 832 2767 hostis
859 2731 895 2774 Ο,
921 2731 1052 2766 hostiis
1079 2731 1114 2766 Β
1230 2732 1296 2766 849
1322 2731 1490 2775 exemplo
1514 2729 1543 2764 Ο
1655 2730 1723 2764 850
1745 2729 1816 2764 heu

325 2791 388 2824 851
419 2790 592 2834 quiquam
614 2789 660 2833 B,
687 2789 858 2833 cuiquam
886 2787 917 2824 G
1008 2787 1139 2823 offeras
1165 2787 1200 2822 B
