1963 3243
260 262 336 302 316
895 262 1089 298 Poenulus.

257 390 435 438 sequitur
464 393 589 428 totum
621 405 741 438 mare,
773 393 908 439 nubes,
942 392 1075 429 stellae.
1137 389 1343 437 okssssualz
1373 396 1490 431 ctiam
1522 396 1561 431 in
1586 395 1620 431 A
1642 396 1739 444 legit

257 456 395 507 Gepp.,
436 457 502 494 sed
535 461 759 508 corruptum
792 473 950 497 censens
983 459 1125 498 edidit:
1177 460 1288 507 „Non
1322 461 1450 498 hercle
1482 475 1634 499 merear
1663 475 1736 512 pro

257 523 341 570 hoc,
374 524 446 562 ΜΙ.
481 525 566 573 Abi,
593 526 655 563 abi
673 524 827 565 modo“.
847 547 901 553 —-
925 529 1018 565 429.
1036 524 1274 575 Acherunti,
1300 529 1372 575 vel,
1397 530 1429 566 si
1446 531 1609 579 propius
1626 529 1738 567 codd.

257 593 366 640 sequi
396 593 536 638 mavis,
582 593 870 643 „Acherunte“,
915 596 938 632 i.
973 609 1005 632 e.
1038 596 1077 632 in
1108 594 1221 633 Orco.
1263 616 1311 621 —
1359 593 1577 643 Etiamne,
1622 610 1657 634 v.
1691 597 1740 634 ad

256 660 363 696 Asin.
398 661 489 698 707.
526 680 574 686 —-
617 663 711 700 430.
751 659 918 711 aquaist
947 662 1060 701 Both.
1098 661 1373 713 „aquarumst“
1408 664 1520 702 Miill.
1552 685 1606 689 —
1636 659 1738 702 Abi-

257 726 383 764 turun
413 728 457 765 A.
489 748 542 753 —
573 730 667 767 431.
703 725 860 780 Peryin
881 740 1068 779 pomam,
1099 731 1145 768 cf.
1178 730 1319 768 Pseud.
1356 732 1481 770 1250:
1539 732 1739 782 „Pergitin

255 792 458 844 pergere“.
521 796 645 846 Gepp.
679 811 726 834 ex
756 798 925 836 Acidalii
956 800 1055 836 coni.
1092 797 1326 848 „perde1·e“;
1373 801 1477 848 quod
1508 803 1634 837 autem
1666 800 1739 838 hoc

255 862 292 898 in
321 862 355 899 A
379 866 531 899 exstare
557 865 722 912 dixerat,
755 866 794 903 id
821 870 958 916 postea
988 880 1065 904 non
1096 867 1150 902 ita
1182 879 1266 903 esse
1298 867 1493 905 confessus
1524 872 1594 914 est,
1627 867 1737 906 Stud.

254 929 290 966 II
321 943 357 979 p.
394 932 429 968 5.
462 951 516 955 —
554 933 647 970 432.
689 933 800 979 Quod
830 933 954 983 Gepp.
986 935 1054 981 ait,
1087 933 1177 971 inde
1208 933 1256 971 ab
1287 934 1324 972 h.
1356 948 1390 972 v.
1423 948 1547 984 usque
1577 935 1626 972 ad
1658 936 1737 973 438

255 998 293 1034 in
326 984 436 1035 codd.
469 1001 596 1038 omnia
627 1000 876 1050 Agorastocli
907 1001 1051 1048 tribui,
1097 1015 1173 1039 non
1210 1002 1267 1038 ita
1305 1006 1382 1048 est,
1429 1016 1517 1040 nam
1556 1003 1737 1052 pluribus

255 1065 350 1103 locis
381 1067 507 1115 spatia
538 1071 676 1105 vacant
706 1072 898 1107 notarum.
974 1069 1051 1107 Suo
1082 1073 1211 1106 autem
1242 1069 1406 1117 indicio,
1446 1084 1523 1108 non
1563 1071 1738 1109 codicum

255 1135 510 1181 auctoritate,
557 1139 671 1173 notas
710 1141 925 1187 posuerunt
968 1137 1054 1175 edd.
1094 1157 1149 1162 ——
1188 1138 1280 1175 433.
1330 1134 1476 1188 Neque
1505 1135 1579 1177 hoc
1611 1149 1738 1189 neque

254 1197 359 1238 illud
403 1197 475 1251 (sic
519 1199 570 1253 A)
618 1205 867 1252 Agorastocli
921 1205 1129 1253 dederunt,
1187 1206 1253 1255 qui
1306 1207 1337 1243 si
1389 1207 1444 1244 sic
1497 1207 1737 1256 loqueretur,

254 1281 294 1306 se
324 1269 408 1319 ipse
439 1271 598 1309 rideret.
660 1272 890 1324 Milphionis
920 1277 1013 1312 sunt
1042 1274 1101 1311 ius
1130 1273 1335 1311 iurandum
1361 1274 1445 1312 heri
1468 1275 1669 1312 irridentis
1700 1277 1740 1313 et

253 1337 530 1377 subsannantis
559 1342 604 1377 ut
635 1339 747 1391 Epid.
783 1342 858 1379 99:
902 1341 979 1390 „At
1009 1341 1109 1379 enim
1141 1361 1194 1367 —
1225 1341 1300 1379 Bat
1329 1339 1470 1380 enim“.
1532 1343 1603 1381 His
1633 1342 1736 1393 Gep-

253 1407 366 1454 pcrto
398 1409 554 1444 auctore
585 1418 716 1457 neque
747 1409 926 1456 adiunxi,
959 1423 1077 1459 quum
1108 1409 1227 1457 vulgo
1262 1409 1425 1447 edatur:
1471 1411 1570 1458 „ML
1601 1411 1738 1460 Neque

253 1474 453 1511 enimuero
483 1473 636 1523 seri0“;
669 1490 755 1514 nam
791 1491 943 1528 „neque
975 1474 1100 1515 enim“
1131 1481 1171 1515 et
1204 1491 1352 1528 „neque
1382 1477 1498 1516 ver0“
1533 1479 1649 1529 vulgo
1679 1479 1736 1516 di-

253 1544 412 1588 cuntur,
463 1556 610 1593 „neque
657 1543 878 1583 enimvero“
922 1547 998 1584 dici
1043 1546 1219 1596 potuisse
1265 1560 1343 1584 non
1391 1546 1522 1585 credo.
1612 1547 1738 1584 Herus

253 1622 405 1646 servum
444 1611 697 1662 interrumpit
735 1614 836 1651 serio
873 1627 914 1651 se
953 1614 1061 1663 loqui
1101 1613 1310 1652 affirmans.
1352 1635 1405 1639 —
1450 1615 1545 1652 433.
1592 1611 1738 1663 Neque

252 1673 384 1715 hercle
414 1689 532 1726 uero,
576 1680 780 1719 additurus
812 1687 897 1719 erat
931 1686 995 1729 „te
1028 1682 1163 1719 fallere
1196 1686 1262 1719 aut
1295 1684 1547 1730 tergiversari
1579 1681 1734 1732 cupio“.

252 1746 295 1782 In
325 1745 354 1783 C
384 1760 563 1796 personae
595 1750 764 1798 spatium
796 1753 887 1788 ante
918 1749 1000 1787 haec
1030 1750 1230 1798 vocabula,
1265 1764 1340 1788 non
1370 1753 1462 1800 post
1492 1764 1536 1787 ea
1566 1751 1735 1800 positum

252 1817 321 1852 est.
354 1835 409 1839 —
439 1816 533 1853 435.
567 1813 671 1865 quid
698 1815 780 1864 uis,
813 1819 837 1856 i.
865 1831 896 1854 e.
923 1818 1016 1867 quid
1049 1818 1143 1856 velis
1175 1822 1242 1856 aut
1273 1819 1377 1868 quod
1408 1819 1480 1866 vis,
1510 1831 1580 1856 nec
1611 1821 1733 1856 muta-

251 1883 357 1920 tione
397 1896 493 1932 opus
525 1898 608 1922 esse
639 1886 772 1933 credo,
821 1900 856 1923 v.
888 1886 935 1922 ad
976 1886 1115 1936 Amph.
1153 1888 1213 1925 17.
1257 1907 1310 1911 —-
1355 1888 1449 1924 436.
1495 1886 1734 1924 Adulescens

252 1950 432 1988 turbatus
465 1952 597 1989 eodem
630 1954 745 1991 modo
777 1955 982 1991 sententiis
1013 1955 1245 2005 interruptis
1268 1955 1375 2004 loqui
1399 1955 1542 2004 pergit.
1561 1973 1609 1980 —
1639 1955 1732 1992 438.

256 2014 384 2067 Quod,
417 2033 451 2057 v.
486 2021 534 2057 ad
566 2021 652 2058 Aul.
689 2022 780 2060 252.
841 2022 927 2059 Ter.
960 2021 1082 2060 Andr.
1115 2023 1215 2060 454:
1270 2022 1399 2072 „quod
1438 2022 1643 2060 dicendum
1674 2022 1736 2059 hic

252 2086 366 2124 siet“.
401 2108 449 2113 —
491 2090 586 2126 439.
628 2089 755 2138 Vulgo
788 2103 872 2127 cum
907 2089 1018 2127 codd.
1052 2090 1169 2128 Pall.:
1222 2091 1335 2137 „Scin
1367 2090 1510 2141 quam?
1555 2090 1645 2127 uide
1676 2094 1731 2127 tu.

252 2155 385 2192 credin
417 2156 521 2206 quod
553 2170 623 2206 ego
654 2156 862 2196 fabuler‘?“
918 2157 991 2195 Sed
1024 2172 1094 2195 nec
1128 2159 1243 2205 „uide
1274 2156 1342 2196 tu“
1369 2159 1463 2196 ferri
1489 2162 1631 2208 potest,
1665 2172 1735 2196 nec

252 2224 519 2262 coniunctivus
555 2224 752 2271 „fabuler“
787 2226 906 2264 ullam
938 2228 1130 2264 rationem
1169 2226 1304 2274 habet3
1349 2228 1380 2263 si
1420 2230 1546 2264 autem
1589 2225 1732 2263 indica-

250 2293 371 2329 tivum
419 2306 602 2342 reponas,
650 2296 847 2331 sententia
891 2307 967 2332 non
1012 2297 1134 2344 magis
1178 2295 1361 2345 placebit.
1437 2294 1667 2344 Opportune
1698 2294 1732 2331 A

250 2354 416 2397 uidetur
454 2361 622 2410 praebet,
661 2363 763 2400 unde
795 2361 940 2413 Gepp.:
993 2362 1090 2409 „ML
1121 2362 1211 2400 Scin
1250 2361 1392 2412 quam?
1438 2361 1519 2400 AG.
1552 2362 1730 2401 Uidetur.

251 2427 408 2474 Credin,
456 2429 560 2478 quod
600 2441 672 2477 ego
711 2429 915 2468 1011111011)ιι
965 2431 1042 2468 illis
1082 2431 1203 2468 nihilo
1243 2431 1415 2468 meliora.
1498 2430 1583 2478 Ego
1624 2426 1733 2468 credi

251 2497 437 2546 scriptum
477 2498 595 2534 fuisse
633 2502 748 2547 put0,
795 2502 884 2547 post
915 2494 1014 2537 Scin
1053 2503 1180 2536 autem
1223 2500 1456 2537 sententiam
1487 2499 1730 2547 interrumpi,

252 2564 354 2612 quod
385 2564 550 2614 Milphio
581 2570 693 2613 gestu
718 2566 1057 2606 vehementissimo
1082 2566 1361 2616 significaverit
1384 2581 1423 2604 se
1447 2566 1543 2604 nihil
1566 2566 1730 2615 amplius

251 2631 385 2669 audire
425 2634 522 2670 velle
563 2639 599 2670 et
639 2634 747 2671 abire
786 2639 967 2685 paratum
1007 2649 1089 2674 esse
1131 2631 1270 2685 (440);
1317 2635 1418 2673 unde
1455 2634 1730 2682 Agorastocles

252 2701 429 2748 queritur
460 2715 596 2751 parum
629 2702 701 2739 sibi
733 2703 850 2741 credi.
870 2723 923 2728 -
948 2704 1023 2741 441
1053 2717 1109 2753 sq.
1147 2733 1164 2747 .,
1177 2699 1331 2751 Oedipo
1363 2703 1523 2740 Plautus
1557 2701 1728 2740 ablativo

252 2781 340 2805 casu
379 2781 450 2817 pro
475 2769 676 2819 Oedipode
703 2771 741 2808 in
767 2768 966 2808 Poenulo“
989 2771 1175 2809 Priscian.
1204 2771 1253 2807 VI
1284 2783 1321 2819 p.
1352 2771 1430 2808 720
1463 2770 1522 2807 his
1555 2770 1728 2807 versibus

251 2836 390 2874 allatis.
451 2838 554 2875 Ante
590 2838 785 2887 ‚,Oedipo“
821 2839 961 2886 hiatus,
1004 2840 1050 2877 cf.
1084 2839 1236 2888 Proleg.
1268 2851 1307 2888 p.
1343 2839 1439 2885 1833
1481 2839 1517 2875 in
1550 2838 1726 2889 proximo
