1963 3243
226 224 277 263 28
906 219 1029 254 Plauti
1460 218 1489 262 1,
1517 220 1547 262 3,
1573 215 1704 254 69-8'1

824 342 1114 385 Calidorus

227 416 351 467 Perii,
383 429 592 457 annorum
623 414 692 456 lex
724 429 791 456 me
821 415 964 469 perdit
995 416 1370 469 quinauicenaria3

226 487 426 529 Metuunt
457 486 632 528 credere
664 500 823 528 omnes.

877 565 1053 607 Ballio

709 635 872 678 Eadem
904 641 970 679 est
1000 637 1105 678 mihi
1135 638 1224 688 lex;
1256 641 1401 679 metuo
1434 637 1618 678 credere.
1645 647 1712 680 305

823 715 1122 757 Pseudolus

229 786 411 828 Credere
437 787 612 827 autem?
644 786 738 835 eho,
771 800 825 828 an
849 787 1043 840 paenitet
1066 791 1121 838 te,
1155 792 1316 841 quanto
1340 786 1409 828 hic
1432 786 1562 828 fuerit
1585 785 1711 828 usui?

887 873 1062 915 Ballio

230 944 325 985 Non
357 949 421 985 est
451 959 529 985 usu
562 945 792 998 quisquam
824 949 993 986 amator
1022 945 1106 987 nisi
1138 946 1211 999 qui
1242 949 1470 998 perpetuat
1501 944 1616 986 data.

230 1016 324 1066 Det,
356 1015 429 1057 det
460 1030 619 1070 usque;
653 1016 827 1069 quando
859 1016 966 1057 nihil
998 1017 1066 1068 sit,
1098 1016 1225 1058 simul
1256 1031 1399 1057 amare
1432 1016 1612 1058 desinat.

829 1094 1116 1137 Calidorus

230 1166 404 1208 Nihilne
436 1171 479 1208 te
511 1167 715 1208 miseret?

882 1239 1061 1280 Ballio

785 1310 929 1352 Inanis
961 1310 1101 1362 cedis3
1133 1311 1250 1352 dicta
1279 1324 1365 1351 non
1397 1314 1565 1351 sonant.

232 1382 372 1436 Atque
405 1395 482 1435 ego
514 1386 556 1423 te
588 1382 733 1423 uiuom
765 1382 1017 1435 saluomque
1048 1382 1215 1424 uellem.

827 1453 1124 1495 Pseudolus

1039 1524 1145 1575 Eho,
1178 1539 1232 1566 an
1263 1525 1349 1566 iam
1380 1523 1624 1565 mortuust‘?
1649 1534 1717 1568 310

891 1596 1065 1638 Ballio

234 1667 343 1710 Utut
374 1673 453 1719 est,
487 1668 589 1710 mihi
621 1668 793 1722 quidem
823 1669 1017 1722 profecto
1050 1682 1145 1709 cum
1176 1668 1270 1709 istis
1303 1667 1430 1708 dictis
1460 1670 1686 1707 mortuust.

234 1739 339 1780 Ilico
371 1740 481 1781 uixit
513 1746 693 1790 amator,
724 1740 799 1781 ubi
829 1740 973 1782 lenoni
1004 1739 1233 1794 supplicat.

236 1811 412 1865 Semper
443 1817 489 1853 tu
521 1813 575 1853 ad
607 1826 673 1853 me
705 1826 801 1853 cum
832 1816 1062 1864 argentata
1093 1811 1289 1853 accedito
1322 1810 1608 1864 querimonia3

235 1882 343 1924 Nam
375 1884 484 1924 istuc
516 1883 631 1936 quod
662 1897 776 1924 nunc
806 1883 1059 1934 lamentare,
1093 1897 1176 1925 non
1209 1896 1302 1924 esse
1333 1886 1554 1934 argentum
1586 1880 1679 1930 tibi,

235 1954 361 2008 Apud
393 1968 621 1996 nouercam
657 1969 850 2008 querere.

826 2033 1122 2076 Pseudolus

589 2106 681 2147 Eho
714 2120 768 2147 an
799 2119 1004 2160 umquam
1035 2111 1083 2147 tu
1113 2106 1240 2146 huius
1272 2104 1456 2158 nupsisti
1488 2102 1628 2157 patri?
1654 2113 1719 2147 315

886 2192 1066 2234 Ballio

238 2249 289 2290 Di
319 2249 502 2290 meliora
533 2249 680 2291 faxint.

828 2320 861 2362 P
872 2334 890 2361 s
905 2334 926 2362 e
937 2335 964 2362 u
976 2320 1001 2362 d
1015 2320 1099 2362 olu
1111 2335 1129 2361 8

755 2392 868 2434 Face
899 2392 1014 2444 quod
1045 2397 1088 2433 te
1119 2405 1332 2445 rogamus,
1364 2390 1516 2438 Ballio,

327 2507 392 2540 304
416 2509 613 2539 annortum
639 2504 707 2539 BG
804 2505 915 2549 quina
939 2504 1078 2538 uiceria
1102 2503 1150 2546 Β,
1179 2504 1289 2547 quinat
1313 2503 1500 2537 uicenaria
1528 2501 1556 2536 O
1655 2502 1720 2535 305

237 2562 323 2595 mihi
351 2565 407 2596 est
431 2563 463 2595 A
569 2562 634 2595 306
658 2560 789 2596 than
817 2560 846 2596 0
946 2573 1002 2595 me
1029 2560 1058 2595 Ο
1158 2562 1224 2594 307
1249 2565 1363 2594 iustus
1467 2559 1658 2602 quicquam
1687 2557 1719 2591 A

238 2620 303 2653 308
327 2618 470 2662 Detque
497 2629 610 2661 usque
635 2617 705 2651 BG
811 2617 958 2661 quando
985 2627 1049 2652 om.
1075 2617 1110 2650 Β
1219 2617 1285 2650 309
1310 2619 1423 2650 temet
1446 2614 1512 2649 BC
1613 2615 1739 2649 cedes·

238 2675 304 2708 310
327 2677 525 2708 mortumst
549 2675 594 2714 A,
621 2678 763 2707 mortus
791 2677 848 2708 est
872 2673 907 2708 Β
1035 2675 1096 2707 311
1126 2684 1190 2708 om.
1218 2672 1247 2707 C
1366 2684 1475 2716 quom
1500 2671 1534 2706 B
1655 2671 1720 2705 312

237 2733 357 2775 placet
382 2731 448 2765 BC
551 2728 616 2764 313
642 2741 754 2773 quom
778 2729 815 2764 B
931 2732 997 2764 314
1022 2730 1217 2765 clametare
1323 2732 1400 2763 este
1426 2727 1461 2762 Β
1584 2728 1650 2762 316
1677 2727 1720 2761 Di

236 2789 366 2822 melius
392 2788 528 2821 faciant,
553 2786 621 2822 BC
721 2787 777 2822 tec
803 2786 873 2821 hoc
898 2787 996 2830 quod
1023 2786 1089 2821 BG
1180 2785 1289 2819 balbo
1315 2784 1360 2827 Β,
1388 2784 1519 2819 baleho
1547 2783 1575 2818 C
