1963 3243
328 172 376 210 16
991 169 1113 204 Plauti
1512 169 1562 212 II,
1587 170 1618 214 2,
1644 171 1776 204 26-41

902 293 1208 336 Palaestrio

324 365 343 405 I
368 365 439 415 sis,
463 364 562 406 iube
587 366 772 407 transire
798 365 880 406 huc
906 370 1114 418 quantum
1142 367 1288 419 possit,
1321 380 1365 407 se
1388 371 1437 407 ut
1460 366 1639 407 uideant
1663 366 1778 408 domi
1822 415 1828 419 ,

324 436 597 487 Familiares3
630 437 711 477 nisi
744 436 918 490 quidem
949 437 1024 478 illa
1055 451 1133 478 nos
1165 437 1269 488 uolt,
1303 438 1376 491 qui
1406 439 1520 479 serui
1551 452 1707 488 sumus,

325 508 507 562 Propter
538 521 726 549 amorem
756 521 878 549 suum
912 510 1048 550 omnis
1081 509 1279 551 crucibus
1312 509 1637 551 contubernalis
1670 509 1776 551 (lari.

813 622 1288 676 Periplecomenus

326 694 421 735 Dixi
440 708 518 746 ego
537 696 659 743 istuc,
677 694 758 734 nisi
776 694 882 747 quid
899 693 1016 734 aliud
1034 694 1111 735 uis.

894 795 1203 837 Palaestrio

1137 867 1260 909 Uolo.
1315 868 1406 909 Hoc
1438 868 1477 909 ei
1508 867 1652 919 dicito,
1714 880 1777 913 185

326 939 522 981 Profecto
552 944 601 980 ut
633 953 684 980 ne
717 952 937 993 quoquam
970 939 1021 980 (le
1053 940 1225 992 ingenio
1258 940 1536 993 degrediatur
1565 939 1777 990 muliebri,

325 1011 568 1064 Earumque
587 1016 725 1052 artem
745 1016 787 1053 et
804 1011 1080 1065 disciplinam
1097 1012 1293 1065 optineat
1310 1011 1462 1053 colere.

815 1113 1288 1167 Periplecomenus

1350 1184 1484 1234 Quem
1501 1185 1557 1226 ad
1575 1185 1775 1227 modum?

896 1288 1206 1330 Palaestrio

327 1360 384 1402 Ut
414 1374 523 1408 eum,
556 1361 629 1414 qui
661 1374 705 1401 se
738 1360 807 1400 hic
840 1360 964 1411 uidit,
996 1360 1141 1401 uerbis
1172 1361 1330 1410 uincat,
1371 1374 1423 1401 ne
1455 1361 1490 1401 is
1523 1374 1569 1401 se
1602 1360 1774 1401 uiderit.

327 1432 370 1474 Si
402 1432 576 1487 quidem
609 1433 800 1474 centiens
833 1432 902 1473 hic
932 1434 1026 1474 uisa
1058 1434 1125 1483 sit,
1156 1437 1303 1473 tamen
1333 1431 1496 1473 infitias
1529 1438 1619 1483 eat3

327 1505 383 1547 Os
400 1505 545 1553 habet,
570 1504 773 1557 linguam,
799 1504 1037 1558 perfidiam,
1068 1505 1274 1545 malitiam
1294 1508 1424 1556 atque
1443 1504 1680 1554 audaciam,
1714 1515 1777 1548 190

325 1577 652 1627 Confidentiam,
684 1576 1026 1626 confirmitatem,
1058 1576 1406 1617 fraudulentiam.

326 1650 408 1699 Qui
439 1656 592 1701 arguat
623 1663 681 1699 se,
713 1662 808 1690 eum
842 1653 995 1690 contra
1025 1649 1174 1689 uincat
1204 1649 1296 1689 iure
1328 1647 1511 1688 iurando
1545 1662 1635 1689 suo.

327 1721 468 1775 [Domi
502 1721 634 1762 habet
665 1721 853 1762 animum
886 1720 1141 1769 falsilocum,
1173 1719 1414 1769 falsificum,
1449 1720 1719 1769 falsiiurium,

328 1794 447 1835 Domi
483 1792 618 1842 dolos,
649 1793 764 1834 domi
797 1792 1023 1835 delenifica
1054 1793 1179 1844 facta,
1214 1792 1329 1833 domi
1361 1791 1586 1844 fallacias]

326 1866 434 1906 Nam
453 1865 608 1906 mulier
624 1864 798 1906 holitori
815 1878 1047 1919 numquam
1067 1865 1295 1919 supplicat,
1314 1865 1349 1905 si
1367 1878 1453 1917 qua
1470 1868 1535 1905 est
1547 1863 1681 1915 mala;
1717 1874 1779 1908 195

328 1938 451 1979 Domi
468 1937 600 1978 habet
616 1937 789 1978 hortum
806 1941 849 1979 et
867 1937 1144 1978 condimenta
1160 1937 1214 1978 ad
1233 1937 1371 1978 omnis
1390 1950 1529 1978 mores
1546 1935 1778 1978 maleficos.

816 2039 1291 2093 Periplecomenus

328 2113 417 2165 Ego
449 2113 598 2163 istaec,
632 2112 667 2153 si
692 2113 775 2153 erit
798 2111 877 2162 hic,
910 2111 1133 2153 nuntiabo.
1180 2110 1263 2153 Sed
1289 2111 1391 2165 quid
1417 2125 1494 2161 est,
1526 2111 1778 2161 Palaestrio,

330 2184 453 2234 Quod
483 2183 656 2226 uolutas
688 2188 782 2226 tute
814 2189 953 2225 tecum
986 2184 1028 2224 in
1062 2184 1219 2225 corde?

421 2321 485 2354 182
512 2320 595 2354 Istis
622 2320 662 2354 A.
690 2319 746 2354 Sis
771 2319 840 2354 BG
937 2320 1008 2354 huc
1034 2320 1194 2354 transire
1219 2321 1252 2353 A
1351 2320 1497 2365 possint
1521 2320 1556 2354 A
1656 2319 1781 2354 uideat

330 2376 398 2412 BG
490 2377 552 2411 183
579 2376 784 2411 Familiaris
810 2377 854 2418 Β,
880 2376 1061 2411 Famiaris
1090 2377 1119 2412 Ο
1217 2378 1279 2411 184
1305 2388 1430 2411 omnes
1455 2377 1489 2411 A
1581 2377 1778 2413 contuber-

329 2435 429 2468 nales
455 2434 487 2468 A
596 2436 683 2470 clari
712 2434 740 2469 C
846 2435 907 2469 185
933 2434 1017 2469 uolo
1049 2435 1110 2469 hic
1136 2435 1250 2470 dicito
1275 2434 1342 2468 BC
1447 2434 1510 2468 186
1535 2445 1601 2469 om.
1627 2433 1695 2468 BG

332 2493 394 2525 187
420 2492 580 2526 colorem
605 2493 652 2532 B,
678 2492 838 2527 colerem
867 2492 896 2527 Ο
997 2496 1033 2527 et
1064 2491 1373 2537 quemadmodum
1400 2490 1466 2525 BC
1568 2491 1635 2526 188
1658 2491 1718 2525 hic
1743 2502 1781 2525 se

331 2548 398 2583 BC
479 2550 581 2583 uei-ui
608 2550 731 2585 uincta
756 2550 927 2585 uinctane
954 2549 998 2591 B,
1025 2550 1277 2584 ueruisuincta
1301 2549 1475 2584 uinctane
1503 2547 1532 2582 O
1615 2559 1693 2582 esse
1717 2547 1786 2582 BG

426 2608 488 2641 189
514 2618 573 2641 eas
601 2607 629 2642 Ο
722 2609 785 2642 190
809 2607 884 2641 Hos
912 2606 977 2641 BC
1066 2607 1198 2640 militia
1223 2605 1292 2642 ΒΟ
1389 2605 1536 2640 audatia
1562 2604 1628 2640 Bc
1720 2605 1780 2638 191

333 2663 564 2698 confidentia
589 2663 656 2698 BC
746 2664 993 2698 fraudulentia
1017 2663 1084 2698 BC
1182 2665 1243 2698 193
1270 2673 1335 2698 om.
1362 2663 1394 2696 A
1498 2663 1560 2696 194
1586 2660 1783 2695 dolonifica

333 2720 365 2754 Β
461 2721 522 2754 196
546 2721 653 2755 molis
679 2721 746 2756 BC
843 2721 1022 2755 malificos
1049 2722 1093 2764 B,
1118 2721 1285 2755 miliflcos
1315 2720 1343 2755 Ο
1440 2720 1502 2754 197
1528 2720 1600 2753 ista
1625 2719 1692 2754 hec
1717 2717 1784 2752 BG

422 2777 489 2812 hec
518 2777 550 2812 Β
644 2781 707 2813 198
732 2779 860 2814 uolunt
885 2783 1003 2814 astute
1029 2778 1064 2813 Β
