1963 3243
230 215 308 253 332
871 212 1067 248 Poenulus.

227 344 353 378 trema
391 345 586 391 corrupta.
662 341 762 380 Edd.
795 355 880 380 cum
919 341 948 380 C
989 342 1130 390 „illuc“
1171 348 1209 380 et
1246 347 1337 393 post
1376 342 1489 381 Both.
1528 342 1711 392 „Quod“;

227 407 295 446 sed
327 409 388 446 vel
419 409 473 446 sic
502 409 616 447 nimis
646 409 830 459 languide
862 413 901 447 et
931 411 1092 448 obscure
1124 413 1412 460 interrogatur,
1451 412 1531 448 sive
1562 411 1610 448 de
1640 412 1710 450 ho-

228 478 375 513 minum
413 477 495 514 sive
531 476 580 514 de
618 478 708 515 vitae
745 490 887 527 genere
917 479 1157 526 interrogari
1186 482 1313 528 puteS.
1382 478 1504 517 Immo
1539 477 1708 529 „genus“

227 547 453 594 corruptum
480 548 557 592 est,
589 546 728 595 scripsi
750 541 878 595 ydus,
906 546 1010 595 quod
1036 547 1230 584 translate
1255 546 1332 584 dici
1356 546 1514 584 videtur
1539 550 1584 585 ut
1609 548 1713 598 apud

229 612 386 650 Graecos
417 614 532 661 κρύος,
565 625 599 650 v.
618 613 791 662 AEschyl.
817 613 928 650 Eum.
953 615 1050 652 161:
1081 615 1171 664 βάρυ
1202 615 1241 651 τὸ
1272 615 1446 664 περίβαρυ
1476 616 1580 664 κρύος
1612 615 1712 661 ἔχειν.

227 699 280 705 —-
314 681 407 718 830.
449 677 743 726 Acheruntem,
785 695 872 719 nam
905 677 1188 731 apudssinferos
1219 695 1333 720 omne
1362 696 1484 732 genus
1516 683 1712 720 hominum

228 752 299 785 est.
360 749 394 786 A
426 748 541 786 breve
573 752 632 785 est
655 752 700 786 ut
725 750 816 787 341.
846 769 896 774 -
923 751 1014 788 831.
1049 750 1237 787 Extrema
1267 754 1452 801 corrupta
1482 755 1591 798 sunt;
1622 755 1715 801 post

228 816 448 854 Acidalium
488 817 605 866 vulgo
648 817 796 854 editur:
848 831 921 865 „an
960 817 1168 866 fugitiuom
1197 816 1337 866 uelis“,
1378 819 1402 855 i.
1435 832 1467 855 e.
1500 819 1582 856 sive
1611 818 1711 869 fugi'-

227 885 352 922 tivum
397 884 472 921 dici
513 885 636 934 magis
676 886 822 935 placet,
871 898 949 934 qua
993 886 1145 924 ratione
1191 886 1294 936 apud
1335 887 1572 935 posteriores
1614 885 1708 934 ‚‚an“

226 953 397 1002 ponitur,
429 966 464 990 v.
484 952 612 990 Madv.
632 953 679 990 ad
697 953 774 990 Cic.
793 952 880 991 Fin.
897 953 946 1000 II,
968 954 1032 1001 32,
1060 955 1151 1001 104,
1184 958 1252 992 aut
1279 968 1353 1002 „an
1378 951 1527 991 dicam“
1559 958 1602 992 ut
1625 954 1711 992 Liv.

227 1019 370 1066 XXXI,
390 1022 454 1068 29,
474 1021 511 1059 4.
570 1021 665 1058 Veri
688 1022 852 1059 similius
868 1034 939 1070 pro
960 1019 1058 1068 „ad“
1087 1022 1212 1072 Gepp.
1238 1032 1285 1061 ac
1314 1022 1491 1071 scripsit3
1524 1022 1592 1059 sed
1608 1021 1714 1072 quod

227 1100 298 1137 pro
320 1086 466 1134 „uelis“
488 1089 692 1126 substituit
714 1086 932 1136 „inuenis“,
961 1091 1229 1128 coniunctivus
1247 1091 1515 1140 requireretur
1530 1093 1574 1127 ut
1589 1092 1629 1127 in
1647 1103 1713 1127 an-

226 1155 419 1194 tecedenti
452 1170 586 1203 versu3
620 1170 689 1206 ego
713 1154 847 1195 scelus
874 1159 990 1208 posui
1022 1161 1066 1196 ut
1096 1159 1234 1196 Bacch.
1272 1160 1390 1196 1092.
1428 1158 1545 1195 1176.
1579 1158 1627 1195 al.
1661 1178 1715 1182 -—

229 1226 322 1263 832.
347 1221 567 1272 addictum,
599 1226 640 1262 in
670 1226 900 1264 servitutem
932 1230 1094 1277 propter
1126 1239 1177 1264 aes
1207 1227 1388 1264 alienum.
1416 1246 1471 1252 ——
1501 1225 1594 1264 utut
1622 1226 1714 1264 olim

227 1292 493 1341 emendatum,
541 1294 586 1330 cf.
620 1293 670 1330 ad
710 1293 828 1332 Merc.
865 1294 954 1332 348.
999 1315 1051 1320 —
1099 1297 1192 1333 833.
1237 1292 1394 1345 itaque,
1441 1295 1464 1332 i.
1497 1307 1529 1332 e.
1570 1297 1609 1332 et
1645 1295 1712 1340 ita,

228 1361 341 1410 quasi
373 1361 412 1398 in
441 1362 600 1411 popina.
629 1382 673 1387 —
714 1363 807 1400 834.
839 1362 935 1400 Post
956 1360 1120 1411 popina
1149 1363 1303 1410 hiatur3
1337 1363 1460 1413 Gepp.
1498 1362 1624 1409 „haud
1656 1366 1716 1400 est

227 1426 378 1475 secus“,
405 1429 524 1475 male;
557 1430 668 1467 Mffll.
697 1444 734 1480 p.
755 1431 853 1468 683:
891 1430 1020 1479 „haud
1046 1429 1195 1469 secius“
1215 1436 1259 1468 ut
1276 1431 1387 1481 Gapt.
1406 1432 1500 1468 416.
1533 1449 1584 1455 --
1619 1432 1712 1469 835.

226 1493 372 1546 fictiles
403 1493 603 1546 epistulas
643 1498 808 1535 iocando
848 1498 943 1536 dicit
982 1499 1190 1550 amphoras
1221 1500 1430 1548 inscriptas
1459 1499 1603 1536 litteris
1634 1500 1712 1536 vini

225 1579 346 1616 genus
392 1569 431 1602 et
477 1570 630 1603 aetatem
672 1566 958 1614 indicantibus,
1006 1580 1087 1604 rem
1128 1571 1167 1604 et
1205 1581 1251 1605 ex
1291 1567 1550 1617 scriptoribus
1587 1571 1627 1604 et
1667 1581 1714 1605 ex

226 1634 514 1683 exemplaribus
554 1634 801 1685 Pompeianis
839 1640 992 1683 notam,
1032 1650 1067 1673 v.
1100 1635 1345 1685 Marquardt.
1415 1634 1523 1672 Rom.
1557 1635 1711 1672 Privat-

227 1702 355 1740 altert.
388 1702 425 1739 II
455 1717 492 1752 p.
528 1704 577 1739 72
611 1716 669 1752 sq.
730 1702 843 1740 Jahn.
870 1703 1040 1740 Bericht.
1075 1703 1112 1741 d.
1139 1703 1270 1742 Sachs.
1297 1703 1385 1741 Ges.
1416 1704 1521 1741 1857
1553 1718 1590 1753 p.
1624 1705 1713 1741 197.

226 1766 474 1809 Litteratam
505 1770 668 1808 Plautus
707 1771 808 1809 Rud.
841 1772 922 1809 478
961 1785 1097 1809 urnam
1137 1771 1232 1810 dicit
1261 1772 1423 1809 Veneris
1460 1772 1615 1808 nomine
1652 1772 1712 1809 in-

227 1839 430 1889 scriptam,
477 1839 514 1875 in
556 1840 665 1877 cuius
704 1839 876 1877 dominio
915 1843 1009 1876 erat.
1081 1839 1135 1878 Cf.
1169 1841 1309 1877 Athen.
1342 1839 1399 1876 XI
1436 1853 1518 1889 cap.
1554 1840 1618 1878 30.
1660 1859 1714 1864 —

229 1908 321 1945 836.
354 1902 534 1946 cubitum
566 1903 716 1957 lonyis,
750 1908 795 1945 cf.
830 1907 930 1945 Rud.
967 1908 1085 1946 1294.
1118 1928 1170 1933 —-
1204 1909 1296 1946 837.
1338 1904 1613 1954 uinariormn,
1645 1921 1711 1945 va-

226 1988 371 2022 sorum,
403 1976 471 2012 sed
496 1976 570 2013 ioci
602 1988 720 2013 causa
751 1976 861 2024 quasi
893 1975 940 2012 de
973 1976 1141 2014 militum
1172 1990 1312 2026 genere
1343 1976 1519 2026 loquitur
1550 1989 1619 2013 nec
1648 1989 1713 2013 va-

227 2057 358 2081 sorum
390 2055 573 2091 magnum
603 2056 808 2081 numerum
839 2057 879 2081 se
910 2043 1055 2081 habere
1087 2044 1193 2092 dicit,
1224 2044 1292 2082 sed
1324 2045 1563 2082 vinariorum
1595 2044 1712 2081 dilec—

226 2115 309 2149 tum
340 2112 503 2158 habere3
536 2112 582 2149 cf.
615 2111 727 2161 capt.
766 2112 841 2149 159
875 2125 958 2161 sqq.
992 2132 1040 2137 —
1077 2113 1170 2150 838.
1218 2108 1366 2151 Omnia
1397 2108 1506 2150 mira
1535 2112 1645 2157 sunt,
1677 2127 1712 2150 v.

227 2180 275 2218 ad
303 2179 442 2229 Amph.
463 2180 556 2217 279.
617 2179 728 2226 Quod
754 2179 1009 2228 Syncerastus
1041 2181 1095 2217 ita
1126 2181 1279 2218 locutus
1311 2184 1406 2226 erat,
1439 2181 1550 2230 quasi
1581 2180 1713 2218 lauda-

225 2249 373 2286 tionem
403 2248 605 2286 funebrem
637 2247 720 2285 heri
753 2248 1029 2295 meditaretur,
1077 2248 1243 2298 Milphio
1283 2248 1501 2297 concludit,
1548 2262 1635 2285 eum
1665 2250 1713 2286 ab

226 2317 320 2354 hero
359 2316 540 2354 heredem
579 2317 803 2353 institutum
845 2329 946 2363 esse,
993 2330 1081 2354 nam
1121 2316 1275 2354 heredis
1316 2320 1375 2354 est
1413 2317 1636 2354 defunctum
1674 2317 1713 2353 in

227 2385 423 2434 exsequiis
447 2384 619 2421 laudare.
643 2404 698 2409 —
726 2385 818 2422 839.
851 2383 977 2434 Vulgo
1008 2398 1094 2422 cum
1119 2385 1318 2422 Acidalio:
1354 2385 1475 2432 „Nam
1501 2385 1532 2422 is
1557 2384 1711 2434 quidem

227 2453 296 2498 illi,
329 2455 373 2490 ut
403 2453 628 2499 meditatur,
661 2452 781 2490 verba
810 2452 904 2489 facit
935 2452 1154 2490 emortuo“.
1215 2452 1359 2491 Verum
1392 2454 1457 2502 qui
1490 2452 1710 2496 meditatur,

229 2534 303 2557 non
344 2520 463 2557 habet
500 2522 736 2566 orationem,
784 2521 851 2558 sed
891 2520 1098 2558 habiturus
1146 2524 1223 2568 est,
1271 2534 1340 2558 nec
1380 2524 1598 2566 emortuus,
1644 2519 1714 2557 sed

228 2591 404 2625 mortuus
437 2587 631 2634 laudatur,
664 2603 698 2626 v.
732 2588 838 2626 Naev.
877 2589 974 2626 129:
1027 2589 1219 2639 „praefica
1250 2592 1329 2636 est3
1377 2589 1487 2638 quasi
1518 2591 1712 2626 mortuum
1751 2593 1758 2599 '

229 2655 463 2694 collaudnff.
533 2655 668 2706 Itaque
699 2656 875 2694 traiectis
907 2656 1036 2694 verbis
1071 2657 1152 2703 „illi
1183 2655 1248 2694 ut“
1285 2656 1551 2694 scribendum:
1587 2652 1711 2693 medi-

229 2724 355 2769 tatur,
387 2720 454 2762 illo·
484 2724 530 2762 ut
559 2720 687 2762 uerba
717 2721 844 2774 faciet
873 2724 1048 2770 mortuo,
1087 2739 1157 2762 nec
1188 2722 1236 2762 id
1263 2725 1463 2763 sollicitari
1496 2723 1624 2761 debet.
1658 2743 1711 2749 —

231 2794 321 2830 840.
357 2792 395 2830 et
424 2792 571 2839 autem,
604 2807 638 2829 v.
657 2793 705 2829 ad
724 2792 806 2829 Mil.
830 2794 948 2830 1143.
973 2812 1026 2817 -
1060 2794 1135 2830 841
1171 2806 1226 2842 sq.
1261 2792 1490 2830 Lambinus:
1526 2792 1712 2839 „Crucior
