1963 3243
125 171 186 214 lv,
209 172 241 211 6,
265 171 401 206 34—40
662 169 769 204 Miles
795 168 995 213 gloriosus.
1504 170 1580 210 107

666 294 1028 349 Milphidippa

125 371 256 414 Immo
289 369 576 423 opperiamur,
610 368 710 410 dum
742 372 868 409 exeat
899 366 1071 421 aliquis.

634 481 1067 524 Acroteleutium

1199 538 1367 580 Durare
1399 551 1580 591 nequeo,

125 598 236 650 Quin
267 611 361 640 eam
393 598 521 639 intro.

665 675 1029 728 Illilphz'dippa

528 749 738 792 Occlusae
769 754 869 791 sunt
900 749 1027 791 fores.

643 863 1054 906 Acroteleutium

984 935 1249 990 Exfringam.

670 1050 1036 1106 Milphidippa

1255 1107 1370 1151 Sana
1401 1122 1486 1151 non
1519 1122 1576 1150 es.

630 1189 1066 1232 Acroteleutium

122 1265 165 1308 Si
209 1265 375 1307 amauit
420 1277 624 1318 umquam
670 1269 746 1304 aut
790 1264 826 1304 si
873 1277 1023 1317 parem
1065 1262 1324 1316 sapientiam
1364 1262 1498 1304 habet
1529 1275 1581 1304 ac

1161 1333 1358 1384 formam,
1494 1346 1579 1379 1245

119 1409 200 1452 Per
231 1423 420 1452 amorem
454 1409 490 1450 si
521 1408 624 1462 quid
657 1408 813 1458 fecero,
846 1407 1049 1450 clementi
1082 1408 1224 1449 animo
1256 1408 1465 1461 ignoscet.

692 1522 1004 1565 Palaestrio

123 1595 179 1639 Ut
209 1609 370 1651 quaeso
403 1609 548 1638 amore
580 1594 754 1650 perdita
786 1599 853 1636 est
885 1595 1063 1638 misera!

624 1724 1074 1780 Pyrgopolinices

1114 1797 1316 1839 Mutuum
1346 1797 1407 1839 fit.

697 1913 1005 1955 Palaestrio

120 1969 243 2021 Tace,
275 1985 328 2013 ne
359 1970 524 2012 audiat.

662 2050 1033 2104 Milphidippa

490 2123 602 2175 Quid
635 2123 845 2165 adstitisti
878 2123 1146 2177 obstupida?
1178 2136 1255 2164 cur
1286 2137 1370 2164 non
1404 2122 1578 2176 pultas‘?

629 2252 1066 2296 Acroteleutium

121 2325 230 2375 Quia
260 2340 346 2368 non
378 2331 443 2368 est
473 2327 604 2378 intus,
638 2340 764 2381 quem
796 2339 875 2379 ego
907 2325 1021 2367 uolo.

661 2439 1034 2494 Milphidippa

934 2512 1015 2563 Qui
1050 2512 1163 2554 scis?
1234 2538 1237 2541 -

209 2628 295 2661 1243
311 2626 520 2670 operiamur
616 2626 702 2659 1244
718 2625 828 2658 etiam
923 2625 990 2659 ΜΙ.
1009 2636 1074 2660 om.
1171 2624 1261 2658 foris
1357 2623 1428 2658 AC.
1444 2635 1499 2659 om

118 2688 175 2718 est
271 2685 356 2718 1245
381 2683 577 2718 Simulauit
671 2685 799 2726 parent
826 2681 855 2716 C
944 2683 1167 2726 sapientiam
1182 2681 1267 2715 hinc
1282 2680 1329 2724 B,
1358 2681 1577 2725 sapientiam

117 2739 177 2775 hic
203 2740 233 2776 C'
320 2740 460 2775 habent
491 2738 526 2773 Β
625 2739 710 2772 1246
742 2737 862 2772 ferero
889 2738 918 2774 C
1011 2741 1098 2773 1247
1130 2738 1276 2782 perdita
1308 2738 1377 2772 site
1402 2736 1438 2771 Β
1532 2739 1580 2772 sit

122 2795 157 2832 Β
251 2799 338 2833 1248
363 2799 423 2842 qui
450 2795 486 2831 Β
580 2796 799 2840 opstupi...
825 2794 860 2829 B
955 2795 1042 2830 1249
1068 2795 1140 2830 ΡΑ.
1167 2794 1234 2839 Qui
