1963 3243
287 245 368 284 296
398 238 411 261 '·
933 239 1128 274 Poenulus.

283 370 360 408 Cic.
393 370 442 407 ad
472 369 578 407 Fam.
612 369 696 415 VII,
734 370 767 414 l,
802 370 835 405 1.
884 367 1041 404 Becker.
1076 367 1240 406 Chai-iel.
1271 369 1306 405 ΙΙ
1338 383 1375 418 p.
1410 370 1488 405 272
1520 366 1596 417 sq.)
1627 370 1667 404 et
1695 379 1767 415 per

282 450 461 486 magnam
493 438 572 475 diei
603 441 753 486 partem
785 435 1030 486 pertinuisse,
1062 439 1119 481 ut,
1151 437 1218 484 qui
1249 450 1324 473 nou
1356 441 1446 472 ante
1476 436 1603 473 cibum
1635 447 1764 483 sump-

280 507 434 555 sissent,
466 505 579 543 facile
610 505 750 541 famem
783 504 1064 553 experirentur,
1096 503 1141 540 cf.
1175 504 1296 541 Arist.
1328 504 1399 541 Av.
1433 505 1510 541 785
1545 516 1627 553 sqq.

484 572 597 609 Οὐδέν
628 572 697 608 ἐστ’
730 571 871 619 ἄμεινον
901 570 976 606 οὐδ’
1008 571 1103 615 ἥδιον
1133 572 1152 616 ἢ
1183 573 1295 618 φῦσαι
1326 573 1446 620 πτερά.

481 640 594 686 αὐτίχ’
626 640 722 687 ὑμῶν
751 641 819 675 τῶν
847 641 990 675 θεατῶν
1020 641 1050 674 ἐί
1077 654 1127 680 τις
1157 633 1197 684 ἦν
1227 639 1440 689 ὑπόπτερος,

481 706 555 744 εἶτα
586 709 715 743 πεινῶν
744 710 815 749 τοῖς
845 709 988 756 χοροῖσι
1017 708 1084 742 τῶν
1113 707 1304 756 τραγῳδῶν
1334 707 1480 753 ἤχθετο,

482 777 693 823 ἐκπτόμενος
724 776 766 811 ἂν
796 768 896 816 οὗτος
926 774 1113 822 ἠρίστησεν
1144 776 1262 812 ἐλθὼν
1292 776 1421 819 οἴκαδε,

483 838 557 891 κᾷτ’
593 845 634 880 ἂν
664 843 888 891 ἐμπλησθεὶς
920 842 973 889 ἐφ’
1006 843 1094 890 ἡμᾶς
1125 837 1233 885 αὖθις
1264 837 1309 879 αὖ
1339 841 1546 879 κατέπτατο.

280 915 318 950 9.
340 912 542 961 paratum
573 911 636 950 est
665 908 775 961 quod
803 907 888 948 edit
916 910 1076 957 Pareus,
1109 911 1156 948 cf.
1176 910 1223 947 ad
1247 911 1336 949 Aul.
1357 912 1449 949 664.
1475 930 1530 935 —
1558 911 1619 946 ll.
1652 908 1764 945 Hunc

279 993 431 1030 quoque
457 993 610 1018 versum
643 983 681 1016 et
713 978 779 1015 alii
810 982 850 1015 et
872 977 1058 1016 Ribbeck.
1084 977 1200 1015 Ennii
1232 992 1313 1016 esse
1343 981 1553 1028 putarunt,
1583 976 1651 1014 sed
1681 979 1763 1013 tum

276 1048 520 1095 antecedere,
552 1061 630 1085 non
663 1047 852 1096 subsequi
882 1046 1049 1084 debebat
1079 1059 1233 1084 versum
1262 1047 1297 1093 3,
1329 1059 1400 1083 nec
1430 1047 1556 1092 video,
1589 1058 1657 1082 cur
1687 1056 1763 1082 non

278 1116 450 1154 eiusdem
482 1119 609 1165 poetae
640 1128 723 1152 esse
753 1116 897 1165 possit,
945 1115 1012 1164 qui
1049 1116 1088 1151 in
1126 1116 1316 1164 proximis
1353 1115 1516 1152 eundem
1546 1125 1762 1163 praeconem

278 1185 520 1234 alloquatur3
567 1184 612 1221 cf.
644 1183 753 1221 Asin.
786 1184 809 1220 4
842 1196 927 1220 cum
965 1196 1053 1220 ann.
1092 1202 1148 1208 ——-
1191 1180 1259 1232 fac
1293 1178 1452 1230 populo
1493 1177 1762 1226 audientiam,

277 1253 337 1289 fac
367 1256 412 1289 ut
442 1251 586 1290 audiat.
646 1252 768 1288 Paulo
801 1251 914 1288 aliter
938 1250 1016 1288 Cic.
1042 1250 1124 1288 Cat.
1153 1252 1240 1287 mai.
1266 1252 1302 1297 9,
1337 1252 1408 1288 28:
1445 1251 1641 1298 „facitque
1670 1262 1762 1298 per-

278 1333 379 1370 saepe
410 1321 499 1369 ipsa
528 1319 604 1357 sibi
635 1319 873 1357 audientiam
904 1318 1040 1355 diserti
1070 1318 1174 1355 senis
1206 1322 1362 1368 compta
1391 1322 1431 1356 et
1462 1319 1567 1356 mitis
1593 1314 1760 1355 oratio“.

277 1408 329 1413 —-
361 1390 422 1426 13.
455 1398 580 1438 quam
600 1398 691 1437 per,
722 1402 758 1426 v.
786 1387 834 1424 ad
852 1387 992 1437 Amph.
1013 1387 1104 1424 234.
1129 1406 1184 1412 -
1208 1382 1316 1424 cluis
1340 1386 1445 1424 Low.
1471 1386 1584 1424 Anal.
1603 1401 1640 1437 p.
1661 1387 1761 1432 206;

276 1456 407 1494 malim
428 1454 595 1503 „clues“,
616 1455 723 1506 quod
738 1456 902 1493 Plautus
919 1455 1046 1492 dicere
1064 1455 1183 1501 solet-3
1216 1454 1339 1505 Gepp.
1362 1453 1516 1502 „uales“
1538 1455 1761 1503 scripserat.

275 1544 328 1549 -
365 1525 425 1561 14.
461 1520 631 1562 tacitum
656 1524 815 1570 Pareus,
848 1525 872 1560 i.
901 1536 932 1560 e.
958 1526 1163 1569 tacentem,
1197 1523 1243 1560 cf.
1279 1524 1341 1560 32.
1378 1525 1471 1560 905.
1503 1522 1603 1560 Rud.
1641 1523 1759 1559 1114.

277 1592 412 1631 Lowio
436 1593 626 1642 ‘spurium
664 1591 767 1629 hunc
798 1604 952 1628 versum
984 1591 1154 1628 censenti
1186 1591 1369 1628 accedere
1399 1604 1477 1628 non
1507 1603 1676 1641 possum.
1708 1609 1764 1614 --
1813 1636 1817 1640 ρ

281 1662 341 1698 15.
388 1660 630 1707 Praeconem,
671 1662 876 1710 postquam
913 1672 990 1696 vox
1021 1660 1103 1696 eius
1135 1660 1330 1697 silentium
1361 1659 1587 1709 imperavit,
1623 1658 1762 1695 histrio

275 1731 417 1766 iterum
449 1728 619 1766 residere
650 1728 770 1774 iubet,
803 1728 1043 1777 alteramque
1074 1728 1128 1774 ei,
1168 1730 1211 1764 ut
1239 1731 1386 1774 taceat,
1426 1726 1643 1764 mercedem
1673 1739 1762 1776 pro-

276 1798 410 1845 mittit,
442 1798 488 1834 cf.
520 1797 628 1834 Asin.
663 1798 704 1833 5:
736 1796 848 1845 „Age
878 1809 979 1833 nunc
1010 1796 1156 1843 reside3
1189 1809 1283 1832 caue
1315 1795 1430 1832 modo
1460 1808 1509 1832 ne
1539 1792 1717 1844 gratiis“.

394 1866 455 1902 16.
503 1860 673 1902 Bonum
711 1860 880 1911 factum,
921 1863 968 1901 cf.
1001 1865 1067 1901 45.
1143 1863 1302 1901 Sueton.
1335 1863 1429 1901 Caes.
1463 1864 1534 1901 80:
1587 1862 1763 1909 „Bonum

275 1933 430 1980 factum,
448 1946 496 1970 ne
514 1934 600 1982 quis
623 1933 795 1969 senatori
818 1944 919 1969 novo
943 1933 1089 1969 curiam
1115 1935 1334 1969 monstrare
1350 1929 1487 1969 velit“.
1530 1930 1664 1968 Vitell.
1691 1931 1760 1968 14:

281 2001 455 2048 „Bonum
493 2001 658 2046 factum,
705 2013 752 2037 ne
791 1999 974 2038 Vitellius
1012 2000 1119 2037 intra
1157 2000 1323 2037 eundem
1362 1999 1622 2037 Calendarum
1660 1998 1762 2036 diem

277 2082 436 2119 usquam
470 2066 610 2106 esset“.
673 2067 832 2118 Semper
863 2069 1024 2106 verbum
1056 2068 1340 2105 substantivum
1372 2068 1581 2104 omittitur.
1642 2066 1761 2104 Nolui

276 2137 399 2185 igitur
439 2150 523 2174 cum
565 2137 737 2186 antiquis
776 2136 862 2174 edd.
909 2133 1042 2184 „esse“
1086 2137 1126 2173 in
1170 2133 1277 2182 ‚,est“
1326 2138 1497 2183 mutare,
1543 2135 1761 2184 praesertim

276 2218 395 2254 quum
426 2217 504 2242 non
537 2208 616 2251 est,
649 2204 718 2241 sed
749 2205 823 2241 erit
852 2205 1091 2254 requiratur.
1166 2203 1290 2253 Gepp.
1322 2207 1366 2240 ut
1397 2217 1432 2241 v.
1465 2204 1536 2241 45:
1587 2203 1759 2249 „Bonum

275 2273 405 2310 hercle
436 2270 630 2318 factum“;
663 2273 736 2309 sed
765 2273 803 2309 in
831 2272 963 2319 „esse“
991 2272 1096 2309 aliud
1121 2273 1244 2309 latere
1275 2272 1450 2318 videtur3
1484 2280 1579 2320 eryo
1611 2270 1759 2319 scripsi.

275 2360 327 2365 —
373 2341 433 2377 16.
479 2336 635 2378 Edicta
674 2342 755 2377 eius
793 2339 833 2376 id
872 2329 991 2377 unum
1029 2344 1228 2389 spectant,
1274 2344 1319 2377 ut
1352 2343 1594 2389 spectatores
1625 2337 1761 2376 ordine

275 2408 436 2445 sedeant
466 2411 505 2445 et
535 2408 693 2446 silentio
725 2411 923 2458 spectent,
963 2421 1011 2445 ne
1051 2407 1189 2445 fabulae
1229 2409 1330 2445 actio
1362 2412 1429 2444 aut
1458 2408 1625 2456 strepitu
1656 2419 1760 2456 spec-

274 2479 445 2513 tatorum
484 2479 553 2513 aut
582 2476 722 2523 iurgiis
761 2476 941 2512 lictorum
979 2475 1230 2513 immodestos
1269 2476 1529 2512 coercentium
1568 2474 1759 2512 turbetur.

275 2544 407 2581 Romae
454 2547 582 2581 autem
622 2563 678 2568 —
715 2557 786 2581 nec
831 2543 934 2581 enim
978 2543 1214 2581 Benndorfio
1261 2543 1496 2580 credendum
1542 2546 1600 2579 est
1639 2540 1759 2589 (Zeit-

276 2612 413 2649 schrift
450 2611 475 2649 f.
517 2612 742 2649 osterreich.
781 2611 1017 2660 Gymnasien
1055 2611 1182 2648 XXVI
1223 2625 1259 2660 p.
1303 2607 1372 2658 ss»)
1418 2610 1500 2647 haec
1544 2609 1591 2647 de
1628 2609 1762 2647 Graeco

276 2683 393 2728 poeta
424 2680 643 2729 desumpta
665 2692 747 2716 esse
774 2699 826 2704 —
859 2679 1028 2716 nondum
1062 2679 1202 2716 stabile
1234 2679 1430 2716 theatrum
1462 2677 1537 2714 fuit.
1569 2682 1635 2714 aut
1666 2677 1761 2727 lapi-

275 2746 391 2783 dibus
433 2751 644 2794 structum,
693 2747 808 2795 quale
839 2760 957 2796 quum
989 2760 1022 2784 a.
1060 2748 1135 2784 154
1171 2760 1202 2783 a.
1237 2746 1326 2783 Chr.
1359 2760 1395 2782 ιι.
1429 2758 1606 2783 censores
1637 2746 1762 2782 facere

277 2815 406 2851 conati
453 2818 603 2861 essent,
652 2819 810 2853 senatus
851 2815 1085 2852 auctoritate
1130 2813 1371 2864 prohibitum
1413 2816 1483 2850 est.
1559 2812 1686 2849 Cavea
1724 2811 1762 2848 in

1882 867 1904 906 'c
