1963 3243
154 245 181 289 1,
208 246 240 285 3.
269 245 411 286 158-4,
438 245 460 278 7
791 242 1007 277 Pseudolus.
1593 249 1644 287 37

748 368 1046 410 Pseudolus

945 440 1143 494 Temperi
1176 454 1254 494 ego
1287 441 1385 482 faxo
1418 442 1540 484 scies.

152 514 261 556 Nolo
293 513 360 556 bis
393 514 565 564 iterari3
600 517 668 555 sat
699 513 759 554 sic
792 512 946 566 longae
978 511 1087 554 fiunt
1116 512 1303 555 fabulae.

752 606 1041 648 Calidorus

151 680 386 736 Optumum
418 687 549 735 atque
583 680 901 732 aequissumum
937 693 1049 720 oras.

744 773 1053 816 Pseudolus

797 845 998 900 Propera,
1031 845 1173 887 adduc
1204 845 1418 887 hominem
1453 847 1551 888 cito.
1579 858 1646 891 390

736 940 1046 995 [Calidorus

148 1014 280 1056 Pauci
313 1028 364 1056 ex
395 1014 543 1056 multis
576 1021 676 1056 sunt
709 1014 848 1061 amici,
880 1013 1042 1054 homini
1076 1013 1149 1066 qui
1180 1013 1287 1054 certi
1320 1013 1443 1057 sient.

744 1107 1045 1149 Pseudolus

148 1180 239 1233 Ego
271 1182 358 1223 scio
390 1182 523 1230 istuc3
566 1194 667 1234 ergo
700 1187 932 1234 utrumque
964 1180 1043 1222 tibi
1076 1193 1191 1221 nunc
1225 1179 1431 1222 dilectum
1462 1193 1569 1233 para

148 1253 287 1308 Atque
319 1267 371 1294 ex
401 1253 549 1295 mult-is
583 1254 760 1306 exquire
793 1253 878 1294 illis
909 1267 1040 1294 unum
1073 1253 1146 1305 qui
1178 1257 1324 1294 certus
1357 1250 1472 1304 siet]

751 1346 1038 1389 Calidorus

145 1419 236 1462 Iam
271 1419 342 1462 hie
372 1419 471 1462 faxo
503 1420 657 1461 aderit.

745 1499 1043 1541 Pseudolus

600 1571 726 1613 Potin
761 1577 809 1613 ut
841 1572 1004 1613 abeas?
1035 1571 1116 1612 ‘tibi
1147 1584 1312 1612 moram
1346 1570 1472 1611 dictis
1505 1583 1639 1612 creas.

608 1821 939 1865 PSEUDOLL'S
973 1820 1188 1864 SERUOS
1561 1819 1638 1861 DU

145 1945 379 2000 Postquam
409 1946 497 1988 illie
529 1946 628 1988 hinc
661 1948 781 1993 abiit,
815 1952 861 1988 tu
893 1947 1043 1988 adstas
1074 1947 1203 1996 solus,
1237 1946 1466 1987 Pseuclole.
1573 1956 1639 1990 395

146 2017 258 2068 Quid
291 2032 404 2060 nunc
437 2019 638 2060 acturu's.
671 2025 902 2073 postquam
936 2019 1030 2061 erili
1063 2018 1151 2060 filio

145 2089 359 2144 Largitu's
391 2090 518 2132 dictis
552 2091 730 2145 dapsilis
762 2092 1011 2133 lubentias‘?

145 2160 256 2211 Quoi
288 2176 427 2216 neque
459 2169 616 2217 parata
648 2169 771 2216 gutta
804 2164 910 2206 certi
943 2163 1108 2212 consili,

143 2232 294 2288 Neque
326 2234 515 2276 exordiri
547 2236 732 2289 primum
763 2236 878 2277 uncle
911 2237 1102 2289 occipias
1134 2235 1267 2277 habes

143 2304 292 2359 Neque
323 2305 377 2347 ad
410 2306 700 2348 detexundam
732 2308 864 2349 telam
897 2314 1037 2349 certos
1067 2308 1289 2349 terminos.
1571 2316 1639 2350 400

232 2431 393 2473 tempori
419 2429 489 2465 BC
621 2431 686 2466 390
712 2432 830 2466 adhuc
856 2431 922 2466 BC
1050 2434 1145 2467 scito
1172 2408 1213 2474 0,,
1235 2431 1408 2466 celeriter
1433 2430 1465 2463 A
1571 2430 1634 2463 391

144 2483 213 2519 CA.
241 2495 307 2520 om.
402 2487 508 2521 multi
535 2488 568 2522 A
663 2497 761 2523 certe
788 2490 848 2533 qui
876 2489 909 2522 A
1004 2490 1069 2524 392
1096 2490 1132 2524 C.
1159 2489 1240 2532 Ego
1330 2488 1452 2522 istunc
1478 2497 1567 2530 ergo
1592 2486 1636 2526 Α,

142 2542 237 2577 istuc
264 2542 299 2576 P.
328 2554 419 2587 ergo
445 2542 513 2578 BC
605 2546 791 2589 utrimque
818 2545 886 2580 BC
976 2545 1161 2582 delectum
1186 2546 1221 2579 A
1321 2546 1385 2580 393
1412 2546 1532 2588 Atque
1555 2547 1639 2587 post

142 2598 265 2633 multis
284 2601 395 2644 ponit
417 2601 461 2643 A,
488 2611 551 2635 om.
579 2600 647 2636 BC
766 2602 839 2636 illis
869 2603 996 2637 amieis
1021 2604 1056 2638 A
1156 2607 1295 2638 certust
1321 2602 1412 2637 cedo
1436 2601 1471 2635 A
1571 2602 1637 2634 394

142 2654 213 2689 CA.
237 2666 303 2691 om.
332 2656 360 2691 C
451 2656 517 2691 PS.
545 2668 610 2692 om.
707 2659 776 2693 397
801 2660 863 2692 ubi
890 2664 977 2693 sunt
1003 2662 1073 2695 ea‘?

141 2713 208 2747 398
232 2711 301 2755 Qui
326 2713 394 2748 BC
559 2714 654 2758 Quoi
680 2727 747 2750 nec
773 2716 892 2759 parati
919 2722 971 2750 est
999 2719 1194 2762 quiequam
1223 2716 1314 2752 certi
1341 2715 1473 2750 consili
1499 2716 1543 2758 A,
1576 2714 1639 2749 ubi

141 2771 306 2807 sequitur
333 2779 477 2805 versus:
520 2770 650 2816 Neque
684 2772 775 2806 adeo
809 2775 951 2816 argenti
985 2785 1103 2819 neque
1137 2785 1235 2808 nune
1269 2773 1357 2817 quid
1387 2773 1521 2807 faciam
1549 2773 1635 2806 scio.

141 2826 208 2859 399
232 2827 390 2870 accipias
415 2826 552 2862 habeas
579 2827 609 2863 C
