1963 3243
699 197 741 234 V.
768 198 957 234 519-573.
1487 207 1564 244 3:35

111 326 369 365 Desideratur
415 328 610 366 obiectum
656 332 700 366 ut
739 334 831 378 post
871 328 1010 377 „beat“
1054 330 1137 367 Mil.
1179 333 1273 368 470.
1312 332 1423 382 Capt.
1469 336 1566 381 1373

110 396 171 433 hic
213 396 398 434 reflexiva
445 397 547 433 ratio
586 398 714 434 oritur
751 402 795 433 ut
835 398 872 435 in
911 399 1051 447 agendi
1091 403 1130 435 et
1168 400 1383 449 recipiendi
1424 403 1564 449 verbis,

110 477 146 501 v.
173 477 292 513 supra
309 464 357 501 ad
376 466 468 502 490.
489 464 647 503 Goetz.:
681 465 743 510 „id
771 465 1061 503 delectavero“.
1083 486 1130 491 —
1153 469 1245 504 540.
1264 471 1309 514 et,
1335 482 1370 506 v.
1389 471 1436 506 ad
1457 473 1564 509 Asin.

111 533 203 571 564.
230 552 284 558 -
319 534 410 571 541.
442 546 480 571 se
510 534 598 571 bene
627 533 771 579 habere,
804 547 839 570 V.
874 535 923 571 ad
956 536 1043 571 Aul.
1079 537 1171 574 304.
1207 556 1257 561 -
1292 538 1384 575 543.
1421 540 1560 585 „tuae··'

109 602 226 638 etiam
256 603 303 644 A,
344 605 377 639 te
406 615 478 639 em.
513 602 626 639 Both.
659 621 709 626 -
748 603 839 640 544.
870 602 1035 641 Demum
1076 605 1204 650 mitur.
1246 606 1478 656 plerumque
1510 609 1566 645 in—

109 682 221 706 verso
260 670 414 708 ordine.
460 684 494 706 v.
536 670 585 706 ad
624 670 764 720 Amph.
810 672 902 709 207.
942 691 997 697 —
1036 674 1129 710 545.
1182 674 1229 710 Te
1274 675 1463 716 conloctw,
1519 678 1564 715 cf,

107 737 239 775 Vidul.
279 738 325 776 fr.
368 740 404 785 2,
437 738 508 776 20:
574 738 643 785 „In
682 751 780 788 opus
819 747 864 776 ut
901 753 984 777 sese
1026 741 1249 778 conlocauit
1289 756 1406 792 quam
1444 744 1565 783 cit0“.

107 826 162 832 —
183 809 303 854 potes.
337 818 440 844 ames
471 809 514 845 A.
545 826 600 831 —
631 806 818 845 lucrumst
846 810 892 845 A.
926 809 1063 846 Horat..
1096 809 1168 847 Od.
1201 811 1231 853 Ι,
1259 811 1294 856 9,
1327 813 1394 849 14:
1432 813 1566 860 „lucro

108 873 302 925 adpone“.
342 895 396 901 —
438 876 528 914 546.
566 877 671 913 m'm's
706 878 753 913 A.
785 896 840 902 —
879 879 972 914 547.
1036 878 1178 916 Hiatur
1213 875 1253 917 in
1291 893 1449 928 caesura,
1491 884 1566 920 nisi

107 956 193 981 cum
225 942 390 982 Goetzio
426 943 561 991 „med“
597 944 768 981 scribere
800 946 924 982 malis.

222 1014 313 1051 554.
352 1011 471 1050 Novae
511 1025 635 1050 scenae
674 1013 757 1057 DU,
800 1016 824 1051 i.
857 1028 889 1052 e.
923 1015 1156 1062 dhrerbium,
1196 1020 1240 1053 ut
1270 1030 1307 1053 v.
1341 1018 1434 1065 269,
1467 1020 1505 1055 in
1538 1019 1566 1057 C

107 1082 425 1132 superscribitur.
486 1080 660 1118 Senariis
690 1084 839 1132 scripta
870 1088 942 1121 est.
998 1083 1254 1131 Lysimachus
1286 1087 1418 1123 exiens
1449 1087 1566 1125 domo

107 1149 395 1200 Pasicompsam
443 1150 685 1199 adloquitur.
725 1171 780 1176 —
821 1154 912 1190 555.
965 1146 1068 1199 Quid
1110 1153 1198 1190 alls?
1243 1157 1282 1190 et
1327 1167 1415 1191 mox
1465 1150 1568 1202 Quid

107 1219 268 1259 censes?.
308 1231 361 1256 sc.
402 1218 640 1265 faciundum,
681 1221 898 1269 rogationis
938 1222 1094 1258 initium
1131 1223 1300 1265 faciunt,
1339 1236 1457 1271 quam
1491 1224 1565 1261 De-

108 1287 240 1337 mipho
260 1287 505 1336 aliquamdiu
531 1301 608 1325 non
634 1289 834 1336 intelligit,
861 1289 1011 1326 scilicet
1035 1294 1078 1327 ut
1104 1303 1239 1327 cenam
1266 1290 1412 1328 lautam
1437 1298 1562 1342 paret.

106 1375 160 1381 —
190 1355 266 1393 Est
294 1356 432 1394 mulier
462 1356 590 1394 domi?
620 1372 654 1394 v.
690 1357 738 1395 ad
769 1357 854 1394 Mil.
889 1359 980 1395 972.
1016 1377 1067 1383 -—
1102 1360 1194 1396 556.
1227 1371 1341 1396 *mane
1366 1360 1454 1397 add.
1480 1361 1563 1410 Pyl.

106 1443 161 1450 —
193 1426 286 1462 557.
323 1419 435 1471 Quod
463 1429 578 1472 opust
612 1426 727 1471 facto.
767 1439 801 1463 v.
835 1426 884 1464 ad
915 1427 1056 1476 Amph.
1091 1428 1184 1465 501.
1225 1428 1316 1465 add.
1348 1429 1468 1466 Stich.
1499 1432 1564 1468 60.

105 1491 214 1529 Trin.
249 1493 342 1530 586.
376 1491 460 1530 Cat.
494 1493 538 1531 R.
573 1493 617 1531 R.
654 1496 688 1541 2,
725 1495 766 1532 6:
833 1508 956 1544 ⁷quae
995 1509 1092 1545 opus
1123 1497 1226 1533 sient
1258 1497 1401 1542 locam,
1434 1498 1564 1536 locen-

105 1559 213 1598 tur“.
273 1561 362 1598 Ter.
395 1561 517 1599 Andr.
561 1563 654 1600 490.
698 1564 790 1601 523.
851 1563 925 1601 Ad.
969 1565 1063 1601 429.
1098 1563 1191 1602 996.
1254 1564 1348 1603 Caes.
1380 1566 1422 1603 B.
1456 1566 1500 1604 G.
1534 1567 1563 1614 Ι,

107 1629 171 1665 42.
233 1629 348 1667 Corn.
382 1629 496 1668 Eum.
531 1632 565 1668 9.
629 1630 720 1668 Sall.
754 1631 837 1669 Cat.
873 1633 937 1669 46.
999 1633 1084 1670 Liv.
1116 1632 1186 1681 ΙΙΙ,
1221 1635 1283 1681 38,
1316 1636 1362 1683 4;
1401 1634 1467 1682 IV,
1501 1635 1566 1683 27,

108 1698 144 1736 8.
184 1696 283 1736 Gell.
321 1697 426 1744 XIV,
468 1701 504 1747 2,
549 1700 619 1737 16:
664 1713 773 1750 „quae
813 1700 920 1738 dicto
961 1703 1206 1751 quaesitoque
1247 1715 1344 1752 opus
1382 1702 1480 1741 est“.
1514 1724 1569 1730 —

108 1768 201 1805 559.
234 1767 297 1806 illo
327 1766 373 1805 R.
406 1787 460 1793 -—
491 1779 644 1812 ueruex,
679 1770 726 1806 cf.
759 1767 845 1806 Cas.
881 1772 1060 1808 514.·—
1094 1771 1186 1808 560.
1220 1771 1320 1810 ades.
1346 1785 1397 1810 sc.
1423 1774 1567 1815 animo.

106 1847 141 1872 v.
173 1836 222 1873 ad
253 1836 357 1873 Men.
394 1837 486 1874 631.
548 1837 593 1874 R.
637 1838 780 1875 omisso
825 1836 946 1884 „hoc“
982 1842 1071 1876 ante
1107 1839 1334 1886 ‚‚ausculta“
1370 1840 1431 1877 ed.
1469 1840 1567 1886 „huc

106 1902 238 1942 ades“.
271 1925 325 1930 —
360 1907 451 1944 561.
491 1906 592 1953 quod
629 1905 716 1943 edd.
749 1925 803 1930 —
838 1907 931 1944 563.
964 1906 1168 1945 ausculan·
1196 1908 1219 1945 i.
1253 1920 1283 1945 e.
1317 1908 1499 1955 osculari,
1530 1921 1565 1946 v.

107 1971 155 2009 ad
194 1973 335 2011 Bacch.
377 1974 470 2012 892.
511 1993 564 1999 -—
606 1976 699 2012 564.
730 1976 822 2012 siem
859 1975 945 2024 Pyl.
991 1995 1045 2000 —
1095 1976 1186 2013 565.
1227 1988 1349 2013 amem
1380 1975 1566 2025 Scaliger.

107 2059 159 2066 —
193 2042 316 2080 Tanto
355 2044 505 2088 minus.
545 2056 597 2080 sc.
639 2045 695 2080 ita
733 2056 848 2092 agere
889 2048 1062 2094 oportet.
1122 2044 1224 2082 Eum
1267 2058 1397 2082 amare
1436 2049 1566 2094 negat,

105 2112 172 2159 qui
218 2111 372 2148 ieiunus
416 2112 621 2149 mulierem
668 2112 838 2149 osculari
884 2116 1062 2150 conetur.
1108 2132 1164 2138 —
1206 2114 1298 2152 566.
1344 2111 1567 2151 Ιεὶιιηὶΐαίίε

104 2177 254 2216 Nonius
285 2192 322 2229 p.
358 2180 451 2218 233.
485 2199 538 2205 —
572 2181 665 2218 569.
698 2179 785 2218 Seio
817 2182 964 2218 ironice
995 2184 1040 2218 ut
1069 2180 1157 2218 Ter.
1184 2182 1307 2219 Andr.
1343 2182 1435 2219 653.
1472 2184 1564 2220 669.

108 2246 342 2293 „Profecto“
378 2245 510 2298 inquit
545 2262 700 2296 „amare
731 2253 772 2286 te
802 2250 893 2297 scio,
934 2251 1001 2299 qui
1032 2251 1109 2286 ista
1138 2254 1178 2286 te
1209 2250 1404 2288 facturum
1437 2255 1567 2288 osten-

105 2312 213 2354 das“.
272 2316 318 2354 R.
351 2329 439 2354 cum
470 2317 529 2353 ed.
562 2330 623 2367 pr.
657 2317 823 2366 aliisque
861 2317 963 2354 hunc
995 2331 1152 2355 versum
1185 2318 1424 2369 Demiphoni
1457 2319 1566 2369 dant,

105 2383 221 2422 credo
261 2385 353 2434 quia
390 2389 698 2433 praemonstrare
739 2386 922 2423 monendi
955 2385 1278 2436 significationem
1310 2387 1428 2425 habet
1458 2388 1565 2426 Trin.

107 2451 197 2489 343.
256 2451 364 2490 Pers.
408 2454 499 2490 149.
561 2452 637 2491 Sed
669 2455 853 2502 quoniam
885 2454 933 2491 de
965 2449 1234 2504 Demiphonis‚
1267 2468 1343 2492 non
1376 2456 1423 2493 de
1454 2456 1567 2505 Lysi-

105 2520 230 2558 machi
269 2534 402 2558 umore
440 2522 582 2569 agitur,
627 2523 659 2559 si
691 2522 947 2572 Demiphonis
986 2523 1107 2559 verba
1145 2528 1286 2570 essent,
1327 2524 1566 2571 legeremus:

109 2587 187 2635 „Te
226 2601 381 2639 quoque
420 2602 550 2627 amare
589 2590 707 2627 uideo
747 2592 845 2627 cet.“
909 2590 1038 2628 Etiam
1083 2587 1188 2639 Quid
1224 2606 1259 2629 v.
1302 2593 1382 2630 570
1421 2594 1567 2643 princi-

105 2657 212 2705 pium
250 2656 402 2694 indicat
442 2656 646 2696 orationis.
679 2678 732 2683 —
765 2670 897 2697 cenam
934 2659 1080 2705 faciam.
1112 2660 1218 2697 Pius.
1249 2679 1304 2684 —
1338 2661 1429 2698 573.
1460 2672 1566 2698 ama-

110 2726 200 2762 toris
229 2725 361 2771 modo,·
398 2726 453 2764 sic
492 2740 645 2764 versum
687 2728 869 2765 mutilum
901 2728 1102 2778 supplevi3
1134 2728 1252 2778 vulgo
1284 2741 1369 2765 cum
1401 2727 1564 2766 Guieto:

109 2792 312 2842 „loqueris
343 2797 383 2831 et
414 2792 643 2832 amatorie“.
691 2794 827 2833 Goetz.
860 2808 946 2833 cnm
970 2795 1124 2832 Brixioz
1162 2809 1311 2846 „neque
1336 2794 1567 2835 amatorie“.
