<?xml version="1.0" encoding="UTF-8"?>
<!DOCTYPE html PUBLIC "-//W3C//DTD XHTML 1.0 Transitional//EN"
    "http://www.w3.org/TR/xhtml1/DTD/xhtml1-transitional.dtd">
<html xmlns="http://www.w3.org/1999/xhtml" xml:lang="en" lang="en">
 <head>
  <title>
</title>
<meta http-equiv="Content-Type" content="text/html;charset=utf-8" />
  <meta name='ocr-system' content='tesseract 3.04.00' />
  <meta name='ocr-capabilities' content='ocr_page ocr_carea ocr_par ocr_line ocrx_word'/>
</head>
<body>
  <div class='ocr_page' id='page_1' title='image "./comoediaerecensu04plauuoft_0619.png"; bbox 0 0 1963 3243; ppageno 0'>
   <div class='ocr_carea' id='block_1_1' title="bbox 722 222 1591 268">
    <p class='ocr_par' dir='ltr' id='par_1_1' title="bbox 722 222 1591 268">
     <span class='ocr_line' id='line_1_1' title="bbox 722 222 1591 268; baseline 0.014 -12"><span class='ocrx_word' id='word_1_1' title='bbox 722 222 763 256; x_wconf 86' lang='lat' dir='ltr'>V.</span> <span class='ocrx_word' id='word_1_2' title='bbox 789 225 977 259; x_wconf 78' lang='lat'>421—492.</span> <span class='ocrx_word' id='word_1_3' title='bbox 1511 230 1591 268; x_wconf 76' lang='lat'>249</span> 
     </span>
    </p>
   </div>
   <div class='ocr_carea' id='block_1_2' title="bbox 108 350 1588 404">
    <p class='ocr_par' dir='ltr' id='par_1_2' title="bbox 108 350 1588 404">
     <span class='ocr_line' id='line_1_2' title="bbox 108 350 1588 404; baseline 0.001 -14"><span class='ocrx_word' id='word_1_4' title='bbox 108 351 244 390; x_wconf 71' lang='lat' dir='ltr'>saltem</span> <span class='ocrx_word' id='word_1_5' title='bbox 275 350 450 389; x_wconf 81' lang='lat' dir='ltr'>confiteri</span> <span class='ocrx_word' id='word_1_6' title='bbox 481 352 656 401; x_wconf 81' lang='lat' dir='ltr'>cogebat.</span> <span class='ocrx_word' id='word_1_7' title='bbox 699 372 752 378; x_wconf 89' lang='lat'><em>-</em></span> <span class='ocrx_word' id='word_1_8' title='bbox 796 352 876 390; x_wconf 86' lang='lat'>466</span> <span class='ocrx_word' id='word_1_9' title='bbox 937 351 1130 390; x_wconf 84' lang='lat' dir='ltr'>Pseudolo</span> <span class='ocrx_word' id='word_1_10' title='bbox 1172 353 1250 390; x_wconf 81' lang='lat' dir='ltr'>haec</span> <span class='ocrx_word' id='word_1_11' title='bbox 1290 353 1397 390; x_wconf 83' lang='lat' dir='ltr'>dedit</span> <span class='ocrx_word' id='word_1_12' title='bbox 1438 354 1496 392; x_wconf 86' lang='lat' dir='ltr'>ed.</span> <span class='ocrx_word' id='word_1_13' title='bbox 1531 368 1588 404; x_wconf 78' lang='lat' dir='ltr'>pr.</span> 
     </span>
    </p>
   </div>
   <div class='ocr_carea' id='block_1_3' title="bbox 107 419 1592 470">
    <p class='ocr_par' dir='ltr' id='par_1_3' title="bbox 9 419 1592 470">
     <span class='ocr_line' id='line_1_3' title="bbox 107 419 1592 470; baseline 0.002 -12.814"><span class='ocrx_word' id='word_1_14' title='bbox 107 419 256 458; x_wconf 81' lang='lat' dir='ltr'>Ironice</span> <span class='ocrx_word' id='word_1_15' title='bbox 287 421 512 458; x_wconf 77' lang='lat' dir='ltr'><strong>assentitur.</strong></span> <span class='ocrx_word' id='word_1_16' title='bbox 572 419 750 468; x_wconf 82' lang='lat' dir='ltr'>Seyffert.</span> <span class='ocrx_word' id='word_1_17' title='bbox 783 421 923 459; x_wconf 85' lang='lat' dir='ltr'>Philol.</span> <span class='ocrx_word' id='word_1_18' title='bbox 956 420 1102 458; x_wconf 87' lang='lat' dir='ltr'>XXVII</span> <span class='ocrx_word' id='word_1_19' title='bbox 1134 434 1170 470; x_wconf 89' lang='lat' dir='ltr'>p.</span> <span class='ocrx_word' id='word_1_20' title='bbox 1197 423 1296 459; x_wconf 88' lang='lat'>457:</span> <span class='ocrx_word' id='word_1_21' title='bbox 1349 421 1447 467; x_wconf 85' lang='lat' dir='ltr'>„CA.</span> <span class='ocrx_word' id='word_1_22' title='bbox 1484 423 1592 460; x_wconf 68' lang='lat' dir='ltr'><strong>Itane</strong></span> 
     </span>
    </p>
   </div>
   <div class='ocr_carea' id='block_1_4' title="bbox 106 486 1589 539">
    <p class='ocr_par' dir='ltr' id='par_1_4' title="bbox 106 486 1589 539">
     <span class='ocr_line' id='line_1_4' title="bbox 106 486 1589 539; baseline 0.001 -13"><span class='ocrx_word' id='word_1_23' title='bbox 106 486 192 526; x_wconf 77' lang='lat' dir='ltr'>est?</span> <span class='ocrx_word' id='word_1_24' title='bbox 238 486 307 526; x_wconf 85' lang='lat' dir='ltr'>PS.</span> <span class='ocrx_word' id='word_1_25' title='bbox 340 487 421 526; x_wconf 81' lang='lat' dir='ltr'>Iam</span> <span class='ocrx_word' id='word_1_26' title='bbox 452 486 554 526; x_wconf 81' lang='lat' dir='ltr'>cet.“</span> <span class='ocrx_word' id='word_1_27' title='bbox 588 508 642 513; x_wconf 93' lang='grc'><strong>-</strong></span> <span class='ocrx_word' id='word_1_28' title='bbox 673 486 816 532; x_wconf 78' lang='lat' dir='ltr'>sentio.</span> <span class='ocrx_word' id='word_1_29' title='bbox 851 490 897 528; x_wconf 88' lang='lat' dir='ltr'>cf.</span> <span class='ocrx_word' id='word_1_30' title='bbox 931 490 1018 528; x_wconf 77' lang='lat' dir='ltr'>Ter.</span> <span class='ocrx_word' id='word_1_31' title='bbox 1051 488 1172 527; x_wconf 88' lang='lat' dir='ltr'>Andr.</span> <span class='ocrx_word' id='word_1_32' title='bbox 1207 490 1299 526; x_wconf 86' lang='lat'>436.</span> <span class='ocrx_word' id='word_1_33' title='bbox 1348 502 1465 539; x_wconf 80' lang='lat' dir='ltr'>supra</span> <span class='ocrx_word' id='word_1_34' title='bbox 1498 492 1589 528; x_wconf 87' lang='lat'>222.</span> 
     </span>
    </p>
   </div>
   <div class='ocr_carea' id='block_1_5' title="bbox 8 537 1589 607">
    <p class='ocr_par' dir='ltr' id='par_1_5' title="bbox 8 537 1589 607">
     <span class='ocr_line' id='line_1_5' title="bbox 8 537 1589 607; baseline 0.001 -13"><span class='ocrx_word' id='word_1_35' title='bbox 8 537 26 606; x_wconf 62' lang='lat'>³:</span> <span class='ocrx_word' id='word_1_36' title='bbox 106 555 188 595; x_wconf 78' lang='grc' dir='ltr'><strong>Μῑι.</strong></span> <span class='ocrx_word' id='word_1_37' title='bbox 209 556 300 594; x_wconf 83' lang='lat'>581.</span> <span class='ocrx_word' id='word_1_38' title='bbox 320 575 375 582; x_wconf 84' lang='lat'>—</span> <span class='ocrx_word' id='word_1_39' title='bbox 401 558 480 594; x_wconf 82' lang='lat'>467</span> <span class='ocrx_word' id='word_1_40' title='bbox 513 558 690 607; x_wconf 75' lang='lat' dir='ltr'>spurium</span> <span class='ocrx_word' id='word_1_41' title='bbox 721 571 802 595; x_wconf 76' lang='lat' dir='ltr'>esse</span> <span class='ocrx_word' id='word_1_42' title='bbox 822 558 1057 596; x_wconf 70' lang='lat' dir='ltr'>Ribbeckius</span> <span class='ocrx_word' id='word_1_43' title='bbox 1087 557 1198 603; x_wconf 72' lang='lat' dir='ltr'>vidit,</span> <span class='ocrx_word' id='word_1_44' title='bbox 1231 557 1280 594; x_wconf 74' lang='lat' dir='ltr'>cf.</span> <span class='ocrx_word' id='word_1_45' title='bbox 1300 557 1392 594; x_wconf 82' lang='lat'>477.</span> <span class='ocrx_word' id='word_1_46' title='bbox 1418 576 1465 582; x_wconf 91' lang='lat'>—</span> <span class='ocrx_word' id='word_1_47' title='bbox 1496 559 1589 595; x_wconf 64' lang='lat'>469.</span> 
     </span>
    </p>
   </div>
   <div class='ocr_carea' id='block_1_6' title="bbox 104 619 1592 1084">
    <p class='ocr_par' dir='ltr' id='par_1_6' title="bbox 104 619 1592 1084">
     <span class='ocr_line' id='line_1_6' title="bbox 104 619 1590 674; baseline -0.001 -11"><span class='ocrx_word' id='word_1_48' title='bbox 104 619 285 671; x_wconf 64' lang='lat' dir='ltr'>nucinas,</span> <span class='ocrx_word' id='word_1_49' title='bbox 318 637 352 661; x_wconf 87' lang='lat' dir='ltr'>v.</span> <span class='ocrx_word' id='word_1_50' title='bbox 386 624 446 662; x_wconf 77' lang='lat' dir='ltr'>ad.</span> <span class='ocrx_word' id='word_1_51' title='bbox 480 624 617 663; x_wconf 78' lang='lat' dir='ltr'>Bacch.</span> <span class='ocrx_word' id='word_1_52' title='bbox 653 626 745 663; x_wconf 98' lang='lat'>152.</span> <span class='ocrx_word' id='word_1_53' title='bbox 805 625 851 663; x_wconf 86' lang='lat' dir='ltr'>Iu</span> <span class='ocrx_word' id='word_1_54' title='bbox 880 625 916 663; x_wconf 88' lang='lat' dir='ltr'>A</span> <span class='ocrx_word' id='word_1_55' title='bbox 950 624 1157 672; x_wconf 81' lang='lat' dir='ltr'>„uociuas“</span> <span class='ocrx_word' id='word_1_56' title='bbox 1193 627 1381 674; x_wconf 85' lang='lat' dir='ltr'>scriptum</span> <span class='ocrx_word' id='word_1_57' title='bbox 1413 629 1492 669; x_wconf 75' lang='lat' dir='ltr'>eet,</span> <span class='ocrx_word' id='word_1_58' title='bbox 1524 625 1590 662; x_wconf 79' lang='lat' dir='ltr'>sed</span> 
     </span>
     <span class='ocr_line' id='line_1_7' title="bbox 109 689 1592 744; baseline 0.001 -15"><span class='ocrx_word' id='word_1_59' title='bbox 109 689 179 740; x_wconf 79' lang='lat' dir='ltr'>„a“</span> <span class='ocrx_word' id='word_1_60' title='bbox 213 705 331 742; x_wconf 75' lang='lat' dir='ltr'>supra</span> <span class='ocrx_word' id='word_1_61' title='bbox 361 694 562 742; x_wconf 81' lang='lat' dir='ltr'>scriptum,</span> <span class='ocrx_word' id='word_1_62' title='bbox 594 706 627 730; x_wconf 90' lang='lat' dir='ltr'>v.</span> <span class='ocrx_word' id='word_1_63' title='bbox 661 693 766 731; x_wconf 72' lang='lat' dir='ltr'>Lew.</span> <span class='ocrx_word' id='word_1_64' title='bbox 794 694 905 731; x_wconf 80' lang='lat' dir='ltr'>Anal.</span> <span class='ocrx_word' id='word_1_65' title='bbox 931 707 968 744; x_wconf 91' lang='lat' dir='ltr'>p.</span> <span class='ocrx_word' id='word_1_66' title='bbox 1000 694 1089 731; x_wconf 89' lang='lat'>167.</span> <span class='ocrx_word' id='word_1_67' title='bbox 1123 713 1176 718; x_wconf 90' lang='lat'>—</span> <span class='ocrx_word' id='word_1_68' title='bbox 1208 694 1302 731; x_wconf 88' lang='lat'>472.</span> <span class='ocrx_word' id='word_1_69' title='bbox 1336 689 1437 731; x_wconf 81' lang='lat' dir='ltr'>Tam</span> <span class='ocrx_word' id='word_1_70' title='bbox 1466 695 1512 731; x_wconf 87' lang='lat' dir='ltr'>A.</span> <span class='ocrx_word' id='word_1_71' title='bbox 1537 713 1592 718; x_wconf 90' lang='lat'>—</span> 
     </span>
     <span class='ocr_line' id='line_1_8' title="bbox 107 756 1590 812; baseline 0 -14"><span class='ocrx_word' id='word_1_72' title='bbox 107 761 200 798; x_wconf 89' lang='lat'>473.</span> <span class='ocrx_word' id='word_1_73' title='bbox 234 756 380 799; x_wconf 83' lang='lat' dir='ltr'><strong>Hercle</strong></span> <span class='ocrx_word' id='word_1_74' title='bbox 412 758 494 810; x_wconf 81' lang='lat' dir='ltr'>qui,</span> <span class='ocrx_word' id='word_1_75' title='bbox 526 775 562 799; x_wconf 88' lang='lat' dir='ltr'>v.</span> <span class='ocrx_word' id='word_1_76' title='bbox 597 761 645 798; x_wconf 85' lang='lat' dir='ltr'>ad</span> <span class='ocrx_word' id='word_1_77' title='bbox 670 762 810 812; x_wconf 89' lang='lat' dir='ltr'>Amph.</span> <span class='ocrx_word' id='word_1_78' title='bbox 836 763 929 800; x_wconf 83' lang='lat'>769.</span> <span class='ocrx_word' id='word_1_79' title='bbox 962 781 1016 787; x_wconf 94' lang='lat'>—-</span> <span class='ocrx_word' id='word_1_80' title='bbox 1049 762 1140 799; x_wconf 87' lang='lat'>474.</span> <span class='ocrx_word' id='word_1_81' title='bbox 1173 757 1257 799; x_wconf 76' lang='lat' dir='ltr'>alio</span> <span class='ocrx_word' id='word_1_82' title='bbox 1286 758 1418 806; x_wconf 81' lang='lat' dir='ltr'>modo,</span> <span class='ocrx_word' id='word_1_83' title='bbox 1453 762 1590 811; x_wconf 83' lang='lat' dir='ltr'>inquit,</span> 
     </span>
     <span class='ocr_line' id='line_1_9' title="bbox 106 824 1589 880; baseline 0 -14"><span class='ocrx_word' id='word_1_84' title='bbox 106 840 178 876; x_wconf 84' lang='lat' dir='ltr'>ego</span> <span class='ocrx_word' id='word_1_85' title='bbox 208 824 488 867; x_wconf 80' lang='lat' dir='ltr'>te&#39;verberare</span> <span class='ocrx_word' id='word_1_86' title='bbox 519 829 644 876; x_wconf 82' lang='lat' dir='ltr'>soleo,</span> <span class='ocrx_word' id='word_1_87' title='bbox 678 843 728 867; x_wconf 85' lang='lat' dir='ltr'>sc.</span> <span class='ocrx_word' id='word_1_88' title='bbox 761 829 913 880; x_wconf 80' lang='lat' dir='ltr'>flagris,</span> <span class='ocrx_word' id='word_1_89' title='bbox 947 830 1023 867; x_wconf 81' lang='lat' dir='ltr'>alio</span> <span class='ocrx_word' id='word_1_90' title='bbox 1054 834 1098 867; x_wconf 83' lang='lat' dir='ltr'>tu</span> <span class='ocrx_word' id='word_1_91' title='bbox 1129 843 1188 866; x_wconf 92' lang='lat' dir='ltr'>me</span> <span class='ocrx_word' id='word_1_92' title='bbox 1220 828 1374 876; x_wconf 80' lang='lat' dir='ltr'>studes3</span> <span class='ocrx_word' id='word_1_93' title='bbox 1421 829 1466 867; x_wconf 87' lang='lat' dir='ltr'>cf.</span> <span class='ocrx_word' id='word_1_94' title='bbox 1501 829 1589 867; x_wconf 78' lang='lat' dir='ltr'>Ter.</span> 
     </span>
     <span class='ocr_line' id='line_1_10' title="bbox 105 896 1590 947; baseline 0 -13"><span class='ocrx_word' id='word_1_95' title='bbox 105 896 263 935; x_wconf 80' lang='lat' dir='ltr'>Phorm.</span> <span class='ocrx_word' id='word_1_96' title='bbox 293 897 393 935; x_wconf 89' lang='lat'>327:</span> <span class='ocrx_word' id='word_1_97' title='bbox 431 897 561 945; x_wconf 85' lang='lat' dir='ltr'>„Quot</span> <span class='ocrx_word' id='word_1_98' title='bbox 586 911 647 934; x_wconf 91' lang='lat' dir='ltr'>me</span> <span class='ocrx_word' id='word_1_99' title='bbox 679 911 813 935; x_wconf 83' lang='lat' dir='ltr'><strong>censes</strong></span> <span class='ocrx_word' id='word_1_100' title='bbox 844 899 1020 936; x_wconf 84' lang='lat' dir='ltr'>homines</span> <span class='ocrx_word' id='word_1_101' title='bbox 1051 900 1125 935; x_wconf 83' lang='lat' dir='ltr'>iam</span> <span class='ocrx_word' id='word_1_102' title='bbox 1158 897 1438 935; x_wconf 80' lang='lat' dir='ltr'>deuerberasse</span> <span class='ocrx_word' id='word_1_103' title='bbox 1469 911 1590 947; x_wconf 81' lang='lat' dir='ltr'>usque</span> 
     </span>
     <span class='ocr_line' id='line_1_11' title="bbox 106 963 1591 1016; baseline 0 -13"><span class='ocrx_word' id='word_1_104' title='bbox 106 965 154 1003; x_wconf 78' lang='lat' dir='ltr'>ad</span> <span class='ocrx_word' id='word_1_105' title='bbox 184 963 371 1003; x_wconf 79' lang='lat' dir='ltr'>necem?“</span> <span class='ocrx_word' id='word_1_106' title='bbox 405 985 459 991; x_wconf 95' lang='lat'>—</span> <span class='ocrx_word' id='word_1_107' title='bbox 491 967 585 1004; x_wconf 89' lang='lat'>475.</span> <span class='ocrx_word' id='word_1_108' title='bbox 617 963 787 1016; x_wconf 59' lang='lat' dir='ltr'>mystas,</span> <span class='ocrx_word' id='word_1_109' title='bbox 821 966 866 1003; x_wconf 90' lang='lat' dir='ltr'>cf.</span> <span class='ocrx_word' id='word_1_110' title='bbox 900 966 987 1003; x_wconf 85' lang='lat' dir='ltr'>Ter.</span> <span class='ocrx_word' id='word_1_111' title='bbox 1022 967 1162 1003; x_wconf 81' lang='lat' dir='ltr'>Heaut.</span> <span class='ocrx_word' id='word_1_112' title='bbox 1192 967 1292 1003; x_wconf 74' lang='lat'>007:</span> <span class='ocrx_word' id='word_1_113' title='bbox 1330 965 1460 1012; x_wconf 82' lang='lat' dir='ltr'>„Quid</span> <span class='ocrx_word' id='word_1_114' title='bbox 1491 979 1591 1003; x_wconf 90' lang='lat' dir='ltr'>nunc</span> 
     </span>
     <span class='ocr_line' id='line_1_12' title="bbox 105 1030 1589 1084; baseline 0 -14"><span class='ocrx_word' id='word_1_115' title='bbox 105 1033 231 1071; x_wconf 75' lang='lat' dir='ltr'>facere</span> <span class='ocrx_word' id='word_1_116' title='bbox 262 1031 465 1083; x_wconf 76' lang='lat' dir='ltr'>cogitas?“</span> <span class='ocrx_word' id='word_1_117' title='bbox 528 1033 662 1073; x_wconf 83' lang='lat' dir='ltr'>Cicero</span> <span class='ocrx_word' id='word_1_118' title='bbox 694 1035 847 1084; x_wconf 69' lang='lat' dir='ltr'>saepius.</span> <span class='ocrx_word' id='word_1_119' title='bbox 882 1053 930 1060; x_wconf 90' lang='grc'>--</span> <span class='ocrx_word' id='word_1_120' title='bbox 972 1036 1066 1072; x_wconf 92' lang='lat'>477.</span> <span class='ocrx_word' id='word_1_121' title='bbox 1110 1030 1260 1083; x_wconf 72' lang='lat' dir='ltr'>Quom,</span> <span class='ocrx_word' id='word_1_122' title='bbox 1302 1047 1336 1071; x_wconf 87' lang='lat' dir='ltr'>v.</span> <span class='ocrx_word' id='word_1_123' title='bbox 1370 1033 1418 1071; x_wconf 83' lang='lat' dir='ltr'>ad</span> <span class='ocrx_word' id='word_1_124' title='bbox 1451 1034 1589 1084; x_wconf 89' lang='lat' dir='ltr'>Amph.</span> 
     </span>
    </p>
   </div>
   <div class='ocr_carea' id='block_1_7' title="bbox 21 1099 1590 1152">
    <p class='ocr_par' dir='ltr' id='par_1_7' title="bbox 21 1099 1590 1152">
     <span class='ocr_line' id='line_1_13' title="bbox 21 1099 1590 1152; baseline -0.001 -13"><span class='ocrx_word' id='word_1_125' title='bbox 21 1126 30 1131; x_wconf 86' lang='lat'><strong>·</strong></span> <span class='ocrx_word' id='word_1_126' title='bbox 106 1101 198 1140; x_wconf 87' lang='lat'>636.</span> <span class='ocrx_word' id='word_1_127' title='bbox 231 1120 287 1127; x_wconf 89' lang='lat'><strong>—</strong></span> <span class='ocrx_word' id='word_1_128' title='bbox 324 1099 380 1149; x_wconf 81' lang='lat' dir='ltr'>ei,</span> <span class='ocrx_word' id='word_1_129' title='bbox 412 1101 687 1151; x_wconf 83' lang='lat' dir='ltr'>bissyllabum,</span> <span class='ocrx_word' id='word_1_130' title='bbox 721 1102 910 1140; x_wconf 84' lang='lat' dir='ltr'>Fleckeis.</span> <span class='ocrx_word' id='word_1_131' title='bbox 943 1103 1041 1140; x_wconf 87' lang='lat' dir='ltr'>Anu.</span> <span class='ocrx_word' id='word_1_132' title='bbox 1076 1102 1170 1151; x_wconf 90' lang='lat' dir='ltr'>phil.</span> <span class='ocrx_word' id='word_1_133' title='bbox 1203 1102 1287 1139; x_wconf 86' lang='lat' dir='ltr'>XCI</span> <span class='ocrx_word' id='word_1_134' title='bbox 1320 1115 1356 1151; x_wconf 91' lang='lat' dir='ltr'>p.</span> <span class='ocrx_word' id='word_1_135' title='bbox 1391 1103 1489 1150; x_wconf 90' lang='lat'>253,</span> <span class='ocrx_word' id='word_1_136' title='bbox 1524 1103 1590 1152; x_wconf 91' lang='lat' dir='ltr'>qui</span> 
     </span>
    </p>
   </div>
   <div class='ocr_carea' id='block_1_8' title="bbox 107 1167 1592 1220">
    <p class='ocr_par' dir='ltr' id='par_1_8' title="bbox 107 1167 1592 1220">
     <span class='ocr_line' id='line_1_14' title="bbox 107 1167 1592 1220; baseline 0 -13"><span class='ocrx_word' id='word_1_137' title='bbox 107 1167 252 1218; x_wconf 88' lang='lat' dir='ltr'>„fides“</span> <span class='ocrx_word' id='word_1_138' title='bbox 278 1172 424 1208; x_wconf 86' lang='lat' dir='ltr'>retinet</span> <span class='ocrx_word' id='word_1_139' title='bbox 453 1171 565 1220; x_wconf 81' lang='lat' dir='ltr'>quasi</span> <span class='ocrx_word' id='word_1_140' title='bbox 596 1172 775 1219; x_wconf 85' lang='lat' dir='ltr'>genetivo</span> <span class='ocrx_word' id='word_1_141' title='bbox 807 1184 916 1216; x_wconf 80' lang='lat' dir='ltr'>casu;</span> <span class='ocrx_word' id='word_1_142' title='bbox 949 1170 1017 1208; x_wconf 81' lang='lat' dir='ltr'>sed</span> <span class='ocrx_word' id='word_1_143' title='bbox 1049 1171 1128 1208; x_wconf 85' lang='lat' dir='ltr'>haec</span> <span class='ocrx_word' id='word_1_144' title='bbox 1155 1172 1278 1208; x_wconf 76' lang='lat' dir='ltr'>forma</span> <span class='ocrx_word' id='word_1_145' title='bbox 1305 1171 1416 1206; x_wconf 81' lang='lat' dir='ltr'>nimis</span> <span class='ocrx_word' id='word_1_146' title='bbox 1442 1171 1592 1207; x_wconf 83' lang='lat' dir='ltr'>incerta</span> 
     </span>
    </p>
   </div>
   <div class='ocr_carea' id='block_1_9' title="bbox 15 1227 1591 1287">
    <p class='ocr_par' dir='ltr' id='par_1_9' title="bbox 15 1227 1591 1287">
     <span class='ocr_line' id='line_1_15' title="bbox 15 1227 1591 1287; baseline 0.001 -13"><span class='ocrx_word' id='word_1_147' title='bbox 15 1227 33 1274; x_wconf 13' lang='lat' dir='ltr'>b.</span> <span class='ocrx_word' id='word_1_148' title='bbox 103 1243 181 1286; x_wconf 84' lang='lat' dir='ltr'><strong>est;</strong></span> <span class='ocrx_word' id='word_1_149' title='bbox 228 1242 295 1276; x_wconf 84' lang='lat' dir='ltr'>aut</span> <span class='ocrx_word' id='word_1_150' title='bbox 338 1235 438 1287; x_wconf 74' lang='lat' dir='ltr'>fidei</span> <span class='ocrx_word' id='word_1_151' title='bbox 481 1239 730 1277; x_wconf 82' lang='lat' dir='ltr'>scribendum</span> <span class='ocrx_word' id='word_1_152' title='bbox 775 1243 834 1277; x_wconf 79' lang='lat' dir='ltr'>est</span> <span class='ocrx_word' id='word_1_153' title='bbox 872 1243 939 1277; x_wconf 87' lang='lat' dir='ltr'>aut</span> <span class='ocrx_word' id='word_1_154' title='bbox 974 1233 1074 1287; x_wconf 78' lang='lat' dir='ltr'>fide,</span> <span class='ocrx_word' id='word_1_155' title='bbox 1122 1252 1156 1275; x_wconf 92' lang='lat' dir='ltr'>v.</span> <span class='ocrx_word' id='word_1_156' title='bbox 1198 1238 1305 1275; x_wconf 88' lang='lat' dir='ltr'>Neue</span> <span class='ocrx_word' id='word_1_157' title='bbox 1344 1238 1591 1276; x_wconf 81' lang='lat' dir='ltr'>Formen1.1</span> 
     </span>
    </p>
   </div>
   <div class='ocr_carea' id='block_1_10' title="bbox 103 1303 1589 1358">
    <p class='ocr_par' dir='ltr' id='par_1_10' title="bbox 103 1303 1589 1358">
     <span class='ocr_line' id='line_1_16' title="bbox 103 1303 1589 1358; baseline 0 -14"><span class='ocrx_word' id='word_1_158' title='bbox 103 1321 141 1358; x_wconf 87' lang='lat' dir='ltr'>p.</span> <span class='ocrx_word' id='word_1_159' title='bbox 176 1307 254 1344; x_wconf 82' lang='lat'>377</span> <span class='ocrx_word' id='word_1_160' title='bbox 287 1320 344 1357; x_wconf 90' lang='lat' dir='ltr'>sq.</span> <span class='ocrx_word' id='word_1_161' title='bbox 377 1327 426 1332; x_wconf 96' lang='lat'><strong>—</strong></span> <span class='ocrx_word' id='word_1_162' title='bbox 460 1303 551 1345; x_wconf 70' lang='lat' dir='ltr'>Sine</span> <span class='ocrx_word' id='word_1_163' title='bbox 581 1307 686 1345; x_wconf 83' lang='lat' dir='ltr'>Brix.</span> <span class='ocrx_word' id='word_1_164' title='bbox 719 1309 819 1346; x_wconf 88' lang='lat' dir='ltr'>Anu.</span> <span class='ocrx_word' id='word_1_165' title='bbox 852 1307 946 1358; x_wconf 92' lang='lat' dir='ltr'>phil.</span> <span class='ocrx_word' id='word_1_166' title='bbox 980 1306 1027 1344; x_wconf 86' lang='lat' dir='ltr'>CI</span> <span class='ocrx_word' id='word_1_167' title='bbox 1054 1320 1090 1356; x_wconf 92' lang='lat' dir='ltr'>p.</span> <span class='ocrx_word' id='word_1_168' title='bbox 1118 1309 1210 1351; x_wconf 89' lang='grc'><strong>774,</strong></span> <span class='ocrx_word' id='word_1_169' title='bbox 1244 1308 1289 1344; x_wconf 85' lang='lat' dir='ltr'>cf.</span> <span class='ocrx_word' id='word_1_170' title='bbox 1320 1307 1438 1345; x_wconf 86' lang='lat'>1304.</span> <span class='ocrx_word' id='word_1_171' title='bbox 1487 1306 1589 1344; x_wconf 85' lang='lat' dir='ltr'>Men.</span> 
     </span>
    </p>
   </div>
   <div class='ocr_carea' id='block_1_11' title="bbox 102 1371 1592 1562">
    <p class='ocr_par' dir='ltr' id='par_1_11' title="bbox 102 1371 1592 1562">
     <span class='ocr_line' id='line_1_17' title="bbox 106 1371 1592 1426; baseline -0.001 -13"><span class='ocrx_word' id='word_1_172' title='bbox 106 1375 198 1414; x_wconf 90' lang='grc'><strong>346.</strong></span> <span class='ocrx_word' id='word_1_173' title='bbox 251 1374 336 1413; x_wconf 79' lang='lat' dir='ltr'>Cas.</span> <span class='ocrx_word' id='word_1_174' title='bbox 369 1377 463 1414; x_wconf 87' lang='grc'>414.</span> <span class='ocrx_word' id='word_1_175' title='bbox 506 1396 561 1401; x_wconf 89' lang='lat'>-—</span> <span class='ocrx_word' id='word_1_176' title='bbox 599 1377 693 1414; x_wconf 87' lang='lat'>479.</span> <span class='ocrx_word' id='word_1_177' title='bbox 741 1373 843 1426; x_wconf 71' lang='lat' dir='ltr'>quid</span> <span class='ocrx_word' id='word_1_178' title='bbox 873 1371 974 1413; x_wconf 74' lang='lat' dir='ltr'>ais?</span> <span class='ocrx_word' id='word_1_179' title='bbox 1017 1371 1120 1424; x_wconf 76' lang='lat' dir='ltr'>quid</span> <span class='ocrx_word' id='word_1_180' title='bbox 1149 1372 1221 1413; x_wconf 80' lang='lat' dir='ltr'>hoc</span> <span class='ocrx_word' id='word_1_181' title='bbox 1252 1372 1363 1425; x_wconf 77' lang='lat' dir='ltr'>quod</span> <span class='ocrx_word' id='word_1_182' title='bbox 1391 1375 1428 1413; x_wconf 81' lang='lat' dir='ltr'>te</span> <span class='ocrx_word' id='word_1_183' title='bbox 1457 1371 1592 1424; x_wconf 73' lang='lat' dir='ltr'>royo?</span> 
     </span>
     <span class='ocr_line' id='line_1_18' title="bbox 102 1440 1590 1494; baseline -0.002 -11"><span class='ocrx_word' id='word_1_184' title='bbox 102 1443 323 1494; x_wconf 83' lang='lat' dir='ltr'>Utrumque</span> <span class='ocrx_word' id='word_1_185' title='bbox 363 1445 616 1494; x_wconf 83' lang='lat' dir='ltr'>coniungitur</span> <span class='ocrx_word' id='word_1_186' title='bbox 655 1446 770 1482; x_wconf 82' lang='lat' dir='ltr'>etiam</span> <span class='ocrx_word' id='word_1_187' title='bbox 811 1444 918 1481; x_wconf 86' lang='lat' dir='ltr'>Trin.</span> <span class='ocrx_word' id='word_1_188' title='bbox 953 1444 1046 1481; x_wconf 86' lang='lat'>930.</span> <span class='ocrx_word' id='word_1_189' title='bbox 1092 1464 1146 1468; x_wconf 96' lang='lat'><strong>—</strong></span> <span class='ocrx_word' id='word_1_190' title='bbox 1192 1444 1266 1481; x_wconf 84' lang='lat' dir='ltr'>Pro</span> <span class='ocrx_word' id='word_1_191' title='bbox 1306 1440 1347 1481; x_wconf 78' lang='lat' dir='ltr'>Si</span> <span class='ocrx_word' id='word_1_192' title='bbox 1383 1441 1486 1493; x_wconf 77' lang='lat' dir='ltr'>quid</span> <span class='ocrx_word' id='word_1_193' title='bbox 1520 1440 1590 1481; x_wconf 73' lang='lat' dir='ltr'>uis</span> 
     </span>
     <span class='ocr_line' id='line_1_19' title="bbox 104 1511 1589 1562; baseline -0.001 -13"><span class='ocrx_word' id='word_1_194' title='bbox 104 1512 162 1550; x_wconf 90' lang='lat' dir='ltr'>Fl.</span> <span class='ocrx_word' id='word_1_195' title='bbox 195 1516 234 1550; x_wconf 81' lang='lat' dir='ltr'>et</span> <span class='ocrx_word' id='word_1_196' title='bbox 263 1512 375 1551; x_wconf 84' lang='lat' dir='ltr'>Miill.</span> <span class='ocrx_word' id='word_1_197' title='bbox 413 1511 634 1562; x_wconf 85' lang='lat' dir='ltr'>„quiduis“.</span> <span class='ocrx_word' id='word_1_198' title='bbox 678 1532 726 1538; x_wconf 93' lang='lat'>—</span> <span class='ocrx_word' id='word_1_199' title='bbox 775 1513 868 1550; x_wconf 90' lang='lat'>480.</span> <span class='ocrx_word' id='word_1_200' title='bbox 918 1512 1043 1549; x_wconf 81' lang='lat' dir='ltr'><strong>Tanta</strong></span> <span class='ocrx_word' id='word_1_201' title='bbox 1079 1511 1154 1549; x_wconf 90' lang='lat' dir='ltr'>fide</span> <span class='ocrx_word' id='word_1_202' title='bbox 1193 1515 1231 1549; x_wconf 86' lang='lat' dir='ltr'>et</span> <span class='ocrx_word' id='word_1_203' title='bbox 1262 1512 1428 1549; x_wconf 80' lang='lat' dir='ltr'>veritate</span> <span class='ocrx_word' id='word_1_204' title='bbox 1459 1525 1499 1548; x_wconf 86' lang='lat' dir='ltr'>se</span> <span class='ocrx_word' id='word_1_205' title='bbox 1531 1524 1589 1548; x_wconf 84' lang='lat' dir='ltr'>re-</span> 
     </span>
    </p>
   </div>
   <div class='ocr_carea' id='block_1_12' title="bbox 102 1580 1588 1838">
    <p class='ocr_par' dir='ltr' id='par_1_12' title="bbox 102 1580 1588 1838">
     <span class='ocr_line' id='line_1_20' title="bbox 103 1580 1588 1631; baseline -0.001 -12"><span class='ocrx_word' id='word_1_206' title='bbox 103 1593 336 1631; x_wconf 76' lang='lat' dir='ltr'>sponsurum</span> <span class='ocrx_word' id='word_1_207' title='bbox 370 1581 478 1629; x_wconf 82' lang='lat' dir='ltr'>dicit,</span> <span class='ocrx_word' id='word_1_208' title='bbox 512 1594 626 1630; x_wconf 80' lang='lat' dir='ltr'>quam</span> <span class='ocrx_word' id='word_1_209' title='bbox 660 1582 690 1618; x_wconf 87' lang='lat' dir='ltr'>si</span> <span class='ocrx_word' id='word_1_210' title='bbox 723 1581 866 1630; x_wconf 86' lang='lat' dir='ltr'>Apollo</span> <span class='ocrx_word' id='word_1_211' title='bbox 900 1580 1109 1630; x_wconf 83' lang='lat' dir='ltr'>Delphicus</span> <span class='ocrx_word' id='word_1_212' title='bbox 1142 1584 1262 1626; x_wconf 87' lang='lat' dir='ltr'><strong>esset;</strong></span> <span class='ocrx_word' id='word_1_213' title='bbox 1295 1580 1342 1617; x_wconf 91' lang='lat' dir='ltr'>cf.</span> <span class='ocrx_word' id='word_1_214' title='bbox 1361 1580 1447 1617; x_wconf 85' lang='lat' dir='ltr'>Ter.</span> <span class='ocrx_word' id='word_1_215' title='bbox 1467 1580 1588 1618; x_wconf 79' lang='lat' dir='ltr'>Andr.</span> 
     </span>
     <span class='ocr_line' id='line_1_21' title="bbox 106 1649 1587 1699; baseline -0.001 -12"><span class='ocrx_word' id='word_1_216' title='bbox 106 1650 208 1688; x_wconf 91' lang='lat'>698:</span> <span class='ocrx_word' id='word_1_217' title='bbox 250 1649 363 1696; x_wconf 90' lang='lat' dir='ltr'>„Non</span> <span class='ocrx_word' id='word_1_218' title='bbox 392 1649 586 1699; x_wconf 80' lang='lat' dir='ltr'>Apollinis</span> <span class='ocrx_word' id='word_1_219' title='bbox 618 1652 743 1699; x_wconf 82' lang='lat' dir='ltr'>magis</span> <span class='ocrx_word' id='word_1_220' title='bbox 776 1662 913 1686; x_wconf 86' lang='lat' dir='ltr'>uerum</span> <span class='ocrx_word' id='word_1_221' title='bbox 945 1653 1062 1697; x_wconf 84' lang='lat' dir='ltr'>atque</span> <span class='ocrx_word' id='word_1_222' title='bbox 1094 1649 1165 1687; x_wconf 89' lang='lat' dir='ltr'>hoc</span> <span class='ocrx_word' id='word_1_223' title='bbox 1196 1653 1504 1698; x_wconf 74' lang='lat' dir='ltr'>responsumst”.</span> <span class='ocrx_word' id='word_1_224' title='bbox 1539 1649 1587 1685; x_wconf 75' lang='lat' dir='ltr'>al.</span> 
     </span>
     <span class='ocr_line' id='line_1_22' title="bbox 103 1713 1588 1767; baseline -0.002 -11"><span class='ocrx_word' id='word_1_225' title='bbox 103 1737 159 1743; x_wconf 88' lang='lat'>—-</span> <span class='ocrx_word' id='word_1_226' title='bbox 189 1714 327 1756; x_wconf 73' lang='lat' dir='ltr'>dicito.</span> <span class='ocrx_word' id='word_1_227' title='bbox 389 1718 434 1756; x_wconf 91' lang='lat' dir='ltr'>R.</span> <span class='ocrx_word' id='word_1_228' title='bbox 471 1715 679 1765; x_wconf 86' lang='lat' dir='ltr'>,‚ducit0“;</span> <span class='ocrx_word' id='word_1_229' title='bbox 711 1731 788 1755; x_wconf 91' lang='lat' dir='ltr'>non</span> <span class='ocrx_word' id='word_1_230' title='bbox 819 1731 930 1767; x_wconf 84' lang='lat' dir='ltr'>opus.</span> <span class='ocrx_word' id='word_1_231' title='bbox 963 1737 1016 1742; x_wconf 89' lang='lat'>—</span> <span class='ocrx_word' id='word_1_232' title='bbox 1054 1718 1147 1755; x_wconf 91' lang='lat'>481.</span> <span class='ocrx_word' id='word_1_233' title='bbox 1188 1713 1377 1755; x_wconf 70' lang='lat' dir='ltr'>Adzcorte</span> <span class='ocrx_word' id='word_1_234' title='bbox 1408 1716 1588 1754; x_wconf 83' lang='lat' dir='ltr'>Beroald.</span> 
     </span>
     <span class='ocr_line' id='line_1_23' title="bbox 102 1783 1586 1838; baseline -0.002 -13"><span class='ocrx_word' id='word_1_235' title='bbox 102 1785 171 1838; x_wconf 72' lang='lat' dir='ltr'>fac</span> <span class='ocrx_word' id='word_1_236' title='bbox 198 1784 261 1824; x_wconf 80' lang='lat' dir='ltr'>sis</span> <span class='ocrx_word' id='word_1_237' title='bbox 283 1783 487 1835; x_wconf 71' lang='lat' dir='ltr'>promissi</span> <span class='ocrx_word' id='word_1_238' title='bbox 518 1787 576 1824; x_wconf 89' lang='lat' dir='ltr'>ed.</span> <span class='ocrx_word' id='word_1_239' title='bbox 608 1800 669 1836; x_wconf 90' lang='lat' dir='ltr'>pr.</span> <span class='ocrx_word' id='word_1_240' title='bbox 715 1805 769 1811; x_wconf 93' lang='lat'>—</span> <span class='ocrx_word' id='word_1_241' title='bbox 815 1787 908 1824; x_wconf 80' lang='lat'>483.</span> <span class='ocrx_word' id='word_1_242' title='bbox 956 1786 1014 1822; x_wconf 79' lang='grc' dir='ltr'>ναὶ</span> <span class='ocrx_word' id='word_1_243' title='bbox 1044 1786 1135 1835; x_wconf 73' lang='grc' dir='ltr'><em>γάρ,</em></span> <span class='ocrx_word' id='word_1_244' title='bbox 1179 1786 1224 1823; x_wconf 83' lang='lat' dir='ltr'>cf.</span> <span class='ocrx_word' id='word_1_245' title='bbox 1258 1786 1350 1823; x_wconf 86' lang='lat'>443.</span> <span class='ocrx_word' id='word_1_246' title='bbox 1396 1803 1445 1809; x_wconf 91' lang='lat'>-</span> <span class='ocrx_word' id='word_1_247' title='bbox 1494 1785 1586 1822; x_wconf 85' lang='lat'>484.</span> 
     </span>
    </p>
   </div>
   <div class='ocr_carea' id='block_1_13' title="bbox 106 1853 1592 1903">
    <p class='ocr_par' dir='ltr' id='par_1_13' title="bbox 15 1830 1592 1905">
     <span class='ocr_line' id='line_1_24' title="bbox 106 1853 1592 1903; baseline -0.002 -10.173"><span class='ocrx_word' id='word_1_248' title='bbox 106 1854 241 1893; x_wconf 83' lang='lat' dir='ltr'>Graeca</span> <span class='ocrx_word' id='word_1_249' title='bbox 271 1855 334 1893; x_wconf 82' lang='lat' dir='ltr'>bio</span> <span class='ocrx_word' id='word_1_250' title='bbox 365 1859 404 1892; x_wconf 86' lang='lat' dir='ltr'>et</span> <span class='ocrx_word' id='word_1_251' title='bbox 434 1854 514 1893; x_wconf 90' lang='lat'>488</span> <span class='ocrx_word' id='word_1_252' title='bbox 546 1855 722 1892; x_wconf 82' lang='lat' dir='ltr'>restituit</span> <span class='ocrx_word' id='word_1_253' title='bbox 751 1854 864 1892; x_wconf 89' lang='lat' dir='ltr'>Both.</span> <span class='ocrx_word' id='word_1_254' title='bbox 897 1873 954 1878; x_wconf 94' lang='lat'>—</span> <span class='ocrx_word' id='word_1_255' title='bbox 992 1854 1092 1900; x_wconf 89' lang='lat'>485,</span> <span class='ocrx_word' id='word_1_256' title='bbox 1133 1855 1199 1903; x_wconf 89' lang='lat' dir='ltr'>qui</span> <span class='ocrx_word' id='word_1_257' title='bbox 1231 1854 1331 1891; x_wconf 83' lang='lat' dir='ltr'>infra</span> <span class='ocrx_word' id='word_1_258' title='bbox 1364 1854 1442 1891; x_wconf 88' lang='lat'>528</span> <span class='ocrx_word' id='word_1_259' title='bbox 1474 1853 1592 1901; x_wconf 88' lang='lat' dir='ltr'>redit,</span> 
     </span>
    </p>
   </div>
   <div class='ocr_carea' id='block_1_14' title="bbox 106 1921 1592 1973">
    <p class='ocr_par' dir='ltr' id='par_1_14' title="bbox 106 1921 1592 1973">
     <span class='ocr_line' id='line_1_25' title="bbox 106 1921 1592 1973; baseline -0.003 -12"><span class='ocrx_word' id='word_1_260' title='bbox 106 1922 152 1961; x_wconf 85' lang='lat' dir='ltr'>R.</span> <span class='ocrx_word' id='word_1_261' title='bbox 183 1936 256 1973; x_wconf 90' lang='lat' dir='ltr'>pro</span> <span class='ocrx_word' id='word_1_262' title='bbox 287 1924 419 1973; x_wconf 83' lang='lat' dir='ltr'>spurio</span> <span class='ocrx_word' id='word_1_263' title='bbox 450 1924 628 1970; x_wconf 85' lang='lat' dir='ltr'>seclusit;</span> <span class='ocrx_word' id='word_1_264' title='bbox 660 1923 753 1961; x_wconf 91' lang='lat' dir='ltr'>mihi</span> <span class='ocrx_word' id='word_1_265' title='bbox 784 1924 917 1972; x_wconf 87' lang='lat' dir='ltr'>potius</span> <span class='ocrx_word' id='word_1_266' title='bbox 948 1923 1072 1960; x_wconf 80' lang='lat' dir='ltr'>altero</span> <span class='ocrx_word' id='word_1_267' title='bbox 1097 1922 1182 1959; x_wconf 88' lang='lat' dir='ltr'>loco</span> <span class='ocrx_word' id='word_1_268' title='bbox 1207 1921 1396 1959; x_wconf 83' lang='lat' dir='ltr'>delendus</span> <span class='ocrx_word' id='word_1_269' title='bbox 1425 1921 1592 1958; x_wconf 87' lang='lat' dir='ltr'>videtur.</span> 
     </span>
    </p>
   </div>
   <div class='ocr_carea' id='block_1_15' title="bbox 7 1990 1593 2056">
    <p class='ocr_par' dir='ltr' id='par_1_15' title="bbox 7 1990 1593 2056">
     <span class='ocr_line' id='line_1_26' title="bbox 7 1990 1593 2056; baseline -0.003 -26"><span class='ocrx_word' id='word_1_270' title='bbox 7 2032 27 2056; x_wconf 43' lang='grc' dir='ltr'>Ἴ</span> <span class='ocrx_word' id='word_1_271' title='bbox 105 2011 161 2016; x_wconf 87' lang='grc'><strong>-</strong></span> <span class='ocrx_word' id='word_1_272' title='bbox 191 1992 285 2030; x_wconf 91' lang='grc'><strong>486.</strong></span> <span class='ocrx_word' id='word_1_273' title='bbox 319 1991 463 2030; x_wconf 83' lang='lat' dir='ltr'>Hiatur</span> <span class='ocrx_word' id='word_1_274' title='bbox 494 1993 532 2029; x_wconf 89' lang='lat' dir='ltr'>in</span> <span class='ocrx_word' id='word_1_275' title='bbox 565 2005 723 2030; x_wconf 77' lang='lat' dir='ltr'>caesura.</span> <span class='ocrx_word' id='word_1_276' title='bbox 788 1991 908 2040; x_wconf 77' lang='lat' dir='ltr'>„ego“</span> <span class='ocrx_word' id='word_1_277' title='bbox 943 2003 1015 2028; x_wconf 90' lang='lat' dir='ltr'>om.</span> <span class='ocrx_word' id='word_1_278' title='bbox 1050 1990 1092 2027; x_wconf 84' lang='lat' dir='ltr'>R.</span> <span class='ocrx_word' id='word_1_279' title='bbox 1132 2010 1186 2014; x_wconf 96' lang='lat'><strong>—</strong></span> <span class='ocrx_word' id='word_1_280' title='bbox 1224 1991 1318 2027; x_wconf 92' lang='lat'>487.</span> <span class='ocrx_word' id='word_1_281' title='bbox 1362 1999 1465 2038; x_wconf 75' lang='lat' dir='ltr'>quas</span> <span class='ocrx_word' id='word_1_282' title='bbox 1505 1999 1593 2027; x_wconf 82' lang='lat' dir='ltr'>meo</span> 
     </span>
    </p>
   </div>
   <div class='ocr_carea' id='block_1_16' title="bbox 104 2056 1595 2177">
    <p class='ocr_par' dir='ltr' id='par_1_16' title="bbox 104 2056 1595 2177">
     <span class='ocr_line' id='line_1_27' title="bbox 104 2056 1593 2110; baseline -0.002 -12"><span class='ocrx_word' id='word_1_283' title='bbox 104 2059 228 2109; x_wconf 66' lang='lat' dir='ltr'>quate</span> <span class='ocrx_word' id='word_1_284' title='bbox 258 2059 318 2098; x_wconf 86' lang='lat' dir='ltr'>ed.</span> <span class='ocrx_word' id='word_1_285' title='bbox 349 2074 409 2110; x_wconf 86' lang='lat' dir='ltr'>pr.</span> <span class='ocrx_word' id='word_1_286' title='bbox 442 2080 498 2085; x_wconf 93' lang='lat'><strong>—</strong></span> <span class='ocrx_word' id='word_1_287' title='bbox 527 2056 612 2110; x_wconf 77' lang='lat' dir='ltr'>qui,</span> <span class='ocrx_word' id='word_1_288' title='bbox 645 2073 679 2097; x_wconf 76' lang='lat' dir='ltr'>v,</span> <span class='ocrx_word' id='word_1_289' title='bbox 712 2059 760 2097; x_wconf 85' lang='lat' dir='ltr'>ad</span> <span class='ocrx_word' id='word_1_290' title='bbox 792 2058 931 2108; x_wconf 88' lang='lat' dir='ltr'>Amph.</span> <span class='ocrx_word' id='word_1_291' title='bbox 961 2059 1053 2095; x_wconf 86' lang='lat'>257.</span> <span class='ocrx_word' id='word_1_292' title='bbox 1094 2058 1195 2094; x_wconf 81' lang='lat' dir='ltr'>infra</span> <span class='ocrx_word' id='word_1_293' title='bbox 1221 2059 1312 2096; x_wconf 86' lang='lat'>816.</span> <span class='ocrx_word' id='word_1_294' title='bbox 1341 2059 1432 2095; x_wconf 88' lang='lat'>831.</span> <span class='ocrx_word' id='word_1_295' title='bbox 1475 2057 1593 2095; x_wconf 84' lang='lat' dir='ltr'>Poen.</span> 
     </span>
     <span class='ocr_line' id='line_1_28' title="bbox 111 2125 1595 2177; baseline -0.003 -10"><span class='ocrx_word' id='word_1_296' title='bbox 111 2129 230 2167; x_wconf 88' lang='lat'>1378.</span> <span class='ocrx_word' id='word_1_297' title='bbox 291 2129 380 2166; x_wconf 85' lang='lat' dir='ltr'>Aul.</span> <span class='ocrx_word' id='word_1_298' title='bbox 421 2129 514 2166; x_wconf 89' lang='lat'>494.</span> <span class='ocrx_word' id='word_1_299' title='bbox 577 2127 688 2177; x_wconf 80' lang='lat' dir='ltr'>Capt.</span> <span class='ocrx_word' id='word_1_300' title='bbox 730 2128 823 2165; x_wconf 89' lang='lat'>998.</span> <span class='ocrx_word' id='word_1_301' title='bbox 886 2127 968 2164; x_wconf 86' lang='lat' dir='ltr'>Mil.</span> <span class='ocrx_word' id='word_1_302' title='bbox 1006 2127 1095 2164; x_wconf 88' lang='lat'>139.</span> <span class='ocrx_word' id='word_1_303' title='bbox 1156 2125 1243 2163; x_wconf 85' lang='lat' dir='ltr'>Ter.</span> <span class='ocrx_word' id='word_1_304' title='bbox 1276 2125 1396 2163; x_wconf 78' lang='lat' dir='ltr'>Andr.</span> <span class='ocrx_word' id='word_1_305' title='bbox 1432 2127 1468 2163; x_wconf 90' lang='lat'>6.</span> <span class='ocrx_word' id='word_1_306' title='bbox 1502 2127 1595 2163; x_wconf 88' lang='lat'>512.</span> 
     </span>
    </p>
   </div>
   <div class='ocr_carea' id='block_1_17' title="bbox 0 2176 1596 2243">
    <p class='ocr_par' dir='ltr' id='par_1_17' title="bbox 0 2176 1596 2243">
     <span class='ocr_line' id='line_1_29' title="bbox 0 2176 1596 2243; baseline -0.004 -7"><span class='ocrx_word' id='word_1_307' title='bbox 0 2176 26 2210; x_wconf 31' lang='grc' dir='ltr'>Ξ·</span> <span class='ocrx_word' id='word_1_308' title='bbox 107 2216 163 2222; x_wconf 83' lang='grc'>-</span> <span class='ocrx_word' id='word_1_309' title='bbox 206 2198 301 2235; x_wconf 88' lang='grc'><strong>488.</strong></span> <span class='ocrx_word' id='word_1_310' title='bbox 354 2192 502 2235; x_wconf 72' lang='lat' dir='ltr'>Fatere</span> <span class='ocrx_word' id='word_1_311' title='bbox 547 2202 620 2234; x_wconf 84' lang='lat' dir='ltr'>cet.</span> <span class='ocrx_word' id='word_1_312' title='bbox 709 2195 814 2233; x_wconf 91' lang='lat' dir='ltr'>Simo</span> <span class='ocrx_word' id='word_1_313' title='bbox 860 2197 982 2232; x_wconf 79' lang='lat' dir='ltr'>iratus</span> <span class='ocrx_word' id='word_1_314' title='bbox 1028 2194 1262 2232; x_wconf 86' lang='lat' dir='ltr'>Pseudolum</span> <span class='ocrx_word' id='word_1_315' title='bbox 1318 2194 1390 2231; x_wconf 90' lang='lat' dir='ltr'>hoc</span> <span class='ocrx_word' id='word_1_316' title='bbox 1443 2206 1596 2243; x_wconf 90' lang='lat' dir='ltr'>quoque</span> 
     </span>
    </p>
   </div>
   <div class='ocr_carea' id='block_1_18' title="bbox 0 2198 71 3243">
    <p class='ocr_par' dir='ltr' id='par_1_18' title="bbox 0 2198 71 3243">
     <span class='ocr_line' id='line_1_30' title="bbox 0 2198 71 3243; baseline 0 0"><span class='ocrx_word' id='word_1_317' title='bbox 0 2198 71 3243; x_wconf 95' lang='lat' dir='ltr'> </span> 
     </span>
    </p>
   </div>
   <div class='ocr_carea' id='block_1_19' title="bbox 106 2261 1594 2312">
    <p class='ocr_par' dir='ltr' id='par_1_19' title="bbox 106 2261 1594 2312">
     <span class='ocr_line' id='line_1_31' title="bbox 106 2261 1594 2312; baseline -0.003 -9"><span class='ocrx_word' id='word_1_318' title='bbox 106 2265 225 2303; x_wconf 80' lang='lat' dir='ltr'>fateri</span> <span class='ocrx_word' id='word_1_319' title='bbox 261 2266 371 2304; x_wconf 84' lang='lat' dir='ltr'>iubet</span> <span class='ocrx_word' id='word_1_320' title='bbox 402 2269 441 2303; x_wconf 87' lang='lat' dir='ltr'>et</span> <span class='ocrx_word' id='word_1_321' title='bbox 479 2265 616 2302; x_wconf 80' lang='lat' dir='ltr'>iisdem</span> <span class='ocrx_word' id='word_1_322' title='bbox 648 2263 793 2301; x_wconf 86' lang='lat' dir='ltr'>Graecis</span> <span class='ocrx_word' id='word_1_323' title='bbox 825 2263 973 2309; x_wconf 79' lang='lat' dir='ltr'>verbis,</span> <span class='ocrx_word' id='word_1_324' title='bbox 1020 2262 1162 2312; x_wconf 83' lang='lat' dir='ltr'>quibus</span> <span class='ocrx_word' id='word_1_325' title='bbox 1193 2266 1339 2308; x_wconf 85' lang='lat' dir='ltr'>cetera,</span> <span class='ocrx_word' id='word_1_326' title='bbox 1388 2261 1594 2299; x_wconf 78' lang='lat' dir='ltr'>affirmare.</span> 
     </span>
    </p>
   </div>
   <div class='ocr_carea' id='block_1_20' title="bbox 16 2316 1596 2876">
    <p class='ocr_par' dir='ltr' id='par_1_20' title="bbox 16 2316 1596 2876">
     <span class='ocr_line' id='line_1_32' title="bbox 20 2316 1594 2381; baseline -0.005 -7"><span class='ocrx_word' id='word_1_327' title='bbox 20 2316 31 2363; x_wconf 45' lang='grc' dir='ltr'>’ἶ</span> <span class='ocrx_word' id='word_1_328' title='bbox 107 2333 238 2381; x_wconf 62' lang='lat' dir='ltr'>Both„</span> <span class='ocrx_word' id='word_1_329' title='bbox 270 2333 329 2380; x_wconf 85' lang='lat' dir='ltr'>R.,</span> <span class='ocrx_word' id='word_1_330' title='bbox 362 2337 472 2372; x_wconf 52' lang='lat' dir='ltr'>ceth:</span> <span class='ocrx_word' id='word_1_331' title='bbox 519 2330 718 2380; x_wconf 82' lang='lat' dir='ltr'>‚,Fatere?</span> <span class='ocrx_word' id='word_1_332' title='bbox 751 2332 825 2369; x_wconf 91' lang='lat' dir='ltr'>dic.</span> <span class='ocrx_word' id='word_1_333' title='bbox 873 2331 944 2369; x_wconf 89' lang='lat' dir='ltr'>PS.</span> <span class='ocrx_word' id='word_1_334' title='bbox 977 2330 1092 2374; x_wconf 71' lang='grc' dir='ltr'><strong>Καὶ“.</strong></span> <span class='ocrx_word' id='word_1_335' title='bbox 1134 2332 1174 2367; x_wconf 89' lang='lat' dir='ltr'>in</span> <span class='ocrx_word' id='word_1_336' title='bbox 1206 2330 1345 2379; x_wconf 83' lang='lat' dir='ltr'>quibus</span> <span class='ocrx_word' id='word_1_337' title='bbox 1377 2343 1446 2367; x_wconf 87' lang='lat' dir='ltr'>uec</span> <span class='ocrx_word' id='word_1_338' title='bbox 1477 2330 1594 2379; x_wconf 83' lang='lat' dir='ltr'>gemi-</span> 
     </span>
     <span class='ocr_line' id='line_1_33' title="bbox 22 2387 1590 2449; baseline -0.005 -7"><span class='ocrx_word' id='word_1_339' title='bbox 22 2387 38 2413; x_wconf 32' lang='grc' dir='ltr'>ζ’</span> <span class='ocrx_word' id='word_1_340' title='bbox 108 2407 201 2442; x_wconf 79' lang='lat' dir='ltr'>nata</span> <span class='ocrx_word' id='word_1_341' title='bbox 232 2407 367 2441; x_wconf 81' lang='lat' dir='ltr'>contra</span> <span class='ocrx_word' id='word_1_342' title='bbox 405 2401 549 2439; x_wconf 85' lang='lat' dir='ltr'>codicis</span> <span class='ocrx_word' id='word_1_343' title='bbox 587 2401 854 2438; x_wconf 80' lang='lat' dir='ltr'>testimonium</span> <span class='ocrx_word' id='word_1_344' title='bbox 895 2399 1104 2436; x_wconf 80' lang='lat' dir='ltr'>affirmatio</span> <span class='ocrx_word' id='word_1_345' title='bbox 1134 2403 1227 2449; x_wconf 80' lang='lat' dir='ltr'>apta</span> <span class='ocrx_word' id='word_1_346' title='bbox 1258 2403 1335 2444; x_wconf 81' lang='lat' dir='ltr'>est,</span> <span class='ocrx_word' id='word_1_347' title='bbox 1376 2411 1445 2435; x_wconf 86' lang='lat' dir='ltr'>nec</span> <span class='ocrx_word' id='word_1_348' title='bbox 1479 2395 1590 2445; x_wconf 90' lang='lat' dir='ltr'>„dic“</span> 
     </span>
     <span class='ocr_line' id='line_1_34' title="bbox 16 2465 1593 2531; baseline -0.005 -21"><span class='ocrx_word' id='word_1_349' title='bbox 16 2499 46 2531; x_wconf 69' lang='lat'>-1.&#39;</span> <span class='ocrx_word' id='word_1_350' title='bbox 109 2473 163 2510; x_wconf 81' lang='lat' dir='ltr'>sic</span> <span class='ocrx_word' id='word_1_351' title='bbox 193 2470 295 2509; x_wconf 85' lang='lat' dir='ltr'>nude</span> <span class='ocrx_word' id='word_1_352' title='bbox 326 2471 499 2520; x_wconf 84' lang='lat' dir='ltr'>positum</span> <span class='ocrx_word' id='word_1_353' title='bbox 531 2469 626 2506; x_wconf 84' lang='lat' dir='ltr'>ferri</span> <span class='ocrx_word' id='word_1_354' title='bbox 656 2473 806 2518; x_wconf 82' lang='lat' dir='ltr'>potest3</span> <span class='ocrx_word' id='word_1_355' title='bbox 842 2467 989 2505; x_wconf 88' lang='lat' dir='ltr'><strong>Becker</strong></span> <span class='ocrx_word' id='word_1_356' title='bbox 1015 2468 1052 2504; x_wconf 90' lang='lat' dir='ltr'>in</span> <span class='ocrx_word' id='word_1_357' title='bbox 1070 2467 1242 2504; x_wconf 79' lang='lat' dir='ltr'>Studem.</span> <span class='ocrx_word' id='word_1_358' title='bbox 1262 2465 1408 2504; x_wconf 89' lang='lat' dir='ltr'>Stud.1</span> <span class='ocrx_word' id='word_1_359' title='bbox 1435 2479 1473 2515; x_wconf 92' lang='lat' dir='ltr'>p.</span> <span class='ocrx_word' id='word_1_360' title='bbox 1496 2466 1593 2503; x_wconf 88' lang='lat'>132:</span> 
     </span>
     <span class='ocr_line' id='line_1_35' title="bbox 21 2532 1594 2591; baseline -0.005 -13"><span class='ocrx_word' id='word_1_361' title='bbox 21 2560 35 2591; x_wconf 59' lang='lat'>3</span> <span class='ocrx_word' id='word_1_362' title='bbox 113 2539 310 2588; x_wconf 61' lang='lat' dir='ltr'>„Fata-in,</span> <span class='ocrx_word' id='word_1_363' title='bbox 343 2535 446 2576; x_wconf 83' lang='lat' dir='ltr'>dic“.</span> <span class='ocrx_word' id='word_1_364' title='bbox 478 2557 534 2563; x_wconf 96' lang='lat'><strong>—</strong></span> <span class='ocrx_word' id='word_1_365' title='bbox 565 2538 659 2575; x_wconf 89' lang='lat'>489.</span> <span class='ocrx_word' id='word_1_366' title='bbox 702 2532 894 2574; x_wconf 72' lang='lat' dir='ltr'>Fatetur!</span> <span class='ocrx_word' id='word_1_367' title='bbox 938 2535 1110 2572; x_wconf 86' lang='lat' dir='ltr'>Miratur</span> <span class='ocrx_word' id='word_1_368' title='bbox 1140 2534 1341 2583; x_wconf 73' lang='lat' dir='ltr'>Callipho,</span> <span class='ocrx_word' id='word_1_369' title='bbox 1373 2533 1502 2582; x_wconf 64' lang='lat' dir='ltr'><strong>Both„</strong></span> <span class='ocrx_word' id='word_1_370' title='bbox 1534 2532 1594 2579; x_wconf 91' lang='lat' dir='ltr'>R.,</span> 
     </span>
     <span class='ocr_line' id='line_1_36' title="bbox 30 2601 1596 2654; baseline -0.006 -8"><span class='ocrx_word' id='word_1_371' title='bbox 30 2603 53 2654; x_wconf 52' lang='grc' dir='ltr'>’χ</span> <span class='ocrx_word' id='word_1_372' title='bbox 110 2611 202 2646; x_wconf 82' lang='lat' dir='ltr'>cett.</span> <span class='ocrx_word' id='word_1_373' title='bbox 234 2607 382 2646; x_wconf 90' lang='lat' dir='ltr'>Simoni</span> <span class='ocrx_word' id='word_1_374' title='bbox 414 2606 618 2644; x_wconf 35' lang='lat' dir='ltr'>dederunt..</span> <span class='ocrx_word' id='word_1_375' title='bbox 658 2625 713 2629; x_wconf 96' lang='lat'><strong>—</strong></span> <span class='ocrx_word' id='word_1_376' title='bbox 750 2605 843 2642; x_wconf 87' lang='lat'>490.</span> <span class='ocrx_word' id='word_1_377' title='bbox 892 2603 968 2641; x_wconf 84' lang='lat' dir='ltr'>Cui·</span> <span class='ocrx_word' id='word_1_378' title='bbox 1000 2617 1096 2649; x_wconf 86' lang='lat' dir='ltr'>non,</span> <span class='ocrx_word' id='word_1_379' title='bbox 1130 2604 1276 2651; x_wconf 85' lang='lat' dir='ltr'>inquit,</span> <span class='ocrx_word' id='word_1_380' title='bbox 1310 2602 1389 2638; x_wconf 85' lang='lat' dir='ltr'>haec</span> <span class='ocrx_word' id='word_1_381' title='bbox 1420 2601 1487 2638; x_wconf 93' lang='lat' dir='ltr'>ubi</span> <span class='ocrx_word' id='word_1_382' title='bbox 1517 2602 1596 2650; x_wconf 80' lang='lat' dir='ltr'>pri·</span> 
     </span>
     <span class='ocr_line' id='line_1_37' title="bbox 110 2667 1596 2720; baseline -0.007 -5.562"><span class='ocrx_word' id='word_1_383' title='bbox 110 2689 213 2714; x_wconf 88' lang='lat' dir='ltr'>mum</span> <span class='ocrx_word' id='word_1_384' title='bbox 244 2675 457 2720; x_wconf 79' lang='lat' dir='ltr'>rescivisti,</span> <span class='ocrx_word' id='word_1_385' title='bbox 496 2673 589 2711; x_wconf 89' lang='lat' dir='ltr'>mihi</span> <span class='ocrx_word' id='word_1_386' title='bbox 621 2671 830 2710; x_wconf 79' lang='lat' dir='ltr'>indicasti?</span> <span class='ocrx_word' id='word_1_387' title='bbox 898 2667 1039 2710; x_wconf 79' lang='lat' dir='ltr'>Celata</span> <span class='ocrx_word' id='word_1_388' title='bbox 1076 2680 1138 2707; x_wconf 84' lang='lat' dir='ltr'>me</span> <span class='ocrx_word' id='word_1_389' title='bbox 1168 2669 1267 2707; x_wconf 74' lang='lat' dir='ltr'>sunt</span> <span class='ocrx_word' id='word_1_390' title='bbox 1298 2670 1393 2705; x_wconf 87' lang='lat' dir='ltr'>mire</span> <span class='ocrx_word' id='word_1_391' title='bbox 1424 2674 1482 2715; x_wconf 88' lang='lat' dir='ltr'>et,</span> <span class='ocrx_word' id='word_1_392' title='bbox 1523 2669 1596 2706; x_wconf 88' lang='lat' dir='ltr'>nisi</span> 
     </span>
     <span class='ocr_line' id='line_1_38' title="bbox 19 2724 1593 2797; baseline -0.007 -14"><span class='ocrx_word' id='word_1_393' title='bbox 19 2724 50 2797; x_wconf 30' lang='grc' dir='ltr'>’,ἱ</span> <span class='ocrx_word' id='word_1_394' title='bbox 110 2744 238 2790; x_wconf 75' lang='lat' dir='ltr'>fallor,</span> <span class='ocrx_word' id='word_1_395' title='bbox 271 2743 448 2781; x_wconf 82' lang='lat' dir='ltr'>inaudite</span> <span class='ocrx_word' id='word_1_396' title='bbox 467 2742 629 2788; x_wconf 79' lang='lat' dir='ltr'>dicitur3</span> <span class='ocrx_word' id='word_1_397' title='bbox 661 2753 752 2778; x_wconf 91' lang='lat' dir='ltr'>num</span> <span class='ocrx_word' id='word_1_398' title='bbox 775 2737 918 2786; x_wconf 87' lang='lat' dir='ltr'>„mihi“</span> <span class='ocrx_word' id='word_1_399' title='bbox 940 2740 1013 2775; x_wconf 88' lang='lat' dir='ltr'>suit</span> <span class='ocrx_word' id='word_1_400' title='bbox 1039 2743 1079 2775; x_wconf 89' lang='lat' dir='ltr'>ut</span> <span class='ocrx_word' id='word_1_401' title='bbox 1099 2737 1211 2775; x_wconf 91' lang='lat' dir='ltr'>Corn.</span> <span class='ocrx_word' id='word_1_402' title='bbox 1232 2736 1328 2786; x_wconf 87' lang='lat' dir='ltr'>Nep.</span> <span class='ocrx_word' id='word_1_403' title='bbox 1347 2736 1537 2774; x_wconf 77' lang='lat' dir='ltr'>Alcibiad.</span> <span class='ocrx_word' id='word_1_404' title='bbox 1560 2739 1593 2774; x_wconf 92' lang='lat'>5.</span> 
     </span>
     <span class='ocr_line' id='line_1_39' title="bbox 30 2800 1594 2876; baseline -0.008 -24"><span class='ocrx_word' id='word_1_405' title='bbox 30 2815 51 2876; x_wconf 40' lang='grc' dir='ltr'>ἑξ</span> <span class='ocrx_word' id='word_1_406' title='bbox 110 2810 204 2850; x_wconf 74' lang='lat' dir='ltr'>Caes.</span> <span class='ocrx_word' id='word_1_407' title='bbox 238 2811 282 2850; x_wconf 93' lang='grc' dir='ltr'><strong>Β.</strong></span> <span class='ocrx_word' id='word_1_408' title='bbox 312 2811 423 2849; x_wconf 84' lang='lat' dir='ltr'>Alex.</span> <span class='ocrx_word' id='word_1_409' title='bbox 459 2811 480 2847; x_wconf 95' lang='lat'><strong>7</strong></span> <span class='ocrx_word' id='word_1_410' title='bbox 513 2813 721 2859; x_wconf 84' lang='lat' dir='ltr'>corruptus</span> <span class='ocrx_word' id='word_1_411' title='bbox 753 2812 822 2845; x_wconf 86' lang='lat' dir='ltr'>est.</span> <span class='ocrx_word' id='word_1_412' title='bbox 862 2826 897 2831; x_wconf 87' lang='lat'>-—</span> <span class='ocrx_word' id='word_1_413' title='bbox 949 2806 1043 2843; x_wconf 83' lang='lat'>492.</span> <span class='ocrx_word' id='word_1_414' title='bbox 1076 2800 1276 2855; x_wconf 71' lang='lat' dir='ltr'>proyiynz&#39;</span> <span class='ocrx_word' id='word_1_415' title='bbox 1314 2802 1499 2854; x_wconf 80' lang='lat' dir='ltr'>Scaliger.</span> <span class='ocrx_word' id='word_1_416' title='bbox 1540 2823 1594 2829; x_wconf 85' lang='lat'>—</span> 
     </span>
    </p>
   </div>
  </div>
 </body>
</html>
