1963 3243
127 146 188 191 IV,
216 149 246 189 l.
270 146 405 181 20—28
706 141 813 176 Miles
837 140 1029 185 gloriosus.
1533 142 1584 181 79

633 266 1082 322 Pyrgopolinices

130 329 261 382 Euge.

702 415 1013 457 Palaestrio

325 489 490 545 Lepida
521 494 565 531 et
594 487 765 530 liberali
797 487 938 529 forma
967 491 1046 528 est.

637 613 1086 668 Pyrgopolinices

1105 683 1220 727 Caue
1251 684 1535 725 mendacium.

706 812 1022 854 Palaestrio

137 887 200 929 Ad
234 891 352 928 tuam
384 885 562 927 formam
595 885 670 926 illa
701 899 788 926 una
819 884 1006 937 dignast.

642 1010 1094 1064 Pyrgopolinices

941 1082 1096 1124 Hercle
1127 1082 1323 1136 pulcram
1355 1081 1596 1134 praedicas.

139 1140 223 1184 Sed
255 1141 350 1194 quis
383 1154 435 1183 ea
466 1140 564 1183 est?

717 1231 1026 1274 Palaestrio

411 1305 532 1348 Senis
557 1304 684 1346 huius
711 1318 821 1346 uxor
845 1304 1186 1358 Periplecomeni
1211 1305 1253 1346 in
1280 1318 1501 1358 proxumo.
1534 1316 1600 1350 965

142 1375 206 1419 Ea
235 1378 471 1418 demoritur
503 1384 544 1419 te
577 1383 707 1433 atque
740 1377 794 1419 ab
826 1377 900 1419 illo
934 1378 1054 1432 cupit
1085 1377 1228 1427 abire;
1261 1377 1353 1419 odit
1384 1392 1542 1419 senem.

143 1448 267 1490 Nunc
298 1454 340 1490 te
372 1463 498 1492 orare
530 1456 660 1503 atque
694 1450 921 1492 obsecrare
954 1450 1093 1492 iussit.
1127 1455 1175 1491 ut
1206 1464 1302 1491 eam
1333 1450 1503 1503 copiam

144 1520 234 1563 Sibi
266 1526 612 1576 potestatemque
643 1522 790 1564 facias.

648 1648 1100 1704 Pyrgopolinices

733 1721 870 1776 Cupio
902 1722 1048 1782 hercle
1082 1722 1294 1776 equidem.
1326 1723 1361 1763 si
1392 1722 1469 1763 illa
1499 1722 1605 1763 uolt.

719 1847 1034 1890 Palaestrio

150 1902 267 1954 Quae
299 1904 430 1958 cupit.

655 1996 1104 2051 Pyrgopolinices

517 2068 629 2119 Quid
660 2070 735 2111 illa
767 2070 976 2112 faciemus
1008 2069 1250 2111 concubina
1281 2083 1391 2124 quae
1424 2070 1610 2112 domist?

726 2196 1039 2238 Palaestrio

156 2265 269 2316 Quin
298 2272 346 2309 tu
377 2268 495 2310 illam
527 2269 626 2310 iube
657 2268 737 2310 abs
769 2274 811 2311 te
844 2268 964 2311 abire
986 2283 1071 2322 quo
1095 2268 1229 2314 lubet,
1262 2269 1374 2309 sicut
1396 2281 1519 2309 soror
1547 2279 1616 2312 970

157 2341 259 2384 Eius
282 2341 365 2383 huc
387 2343 560 2395 gemina
582 2342 702 2383 uenit
719 2341 936 2395 Ephesum
961 2346 1004 2382 et
1020 2346 1160 2382 mater
1176 2346 1488 2394 arcessuntque
1506 2354 1613 2382 eam.

248 2491 315 2525 963
346 2489 470 2534 lepide
495 2489 531 2524 B
646 2490 713 2524 964
741 2489 940 2535 pulchrum
1057 2489 1123 2524 965
1155 2488 1235 2522 haec
1262 2491 1297 2521 st
1323 2486 1357 2521 B
1473 2487 1539 2522 965
1565 2497 1616 2531 sq.

159 2548 495 2593 periplectomenm’.
520 2547 578 2582 ΡΙ.
607 2557 798 2591 proxumo.
811 2545 884 2580 ΡΑ.
909 2546 963 2580 Ea
1033 2547 1099 2581 966
1122 2540 1254 2579 abillo
1277 2545 1408 2589 incipit
1430 2544 1476 2585 B,
1504 2545 1619 2578 ahilo-

160 2605 252 2650 cipit
278 2605 306 2640 G
407 2606 474 2640 967
500 2606 686 2640 obsettare
714 2603 744 2639 G
846 2605 991 2649 cupiam
1017 2603 1068 2646 B,
1107 2604 1250 2647 capiam
1276 2601 1304 2635 C
1406 2603 1472 2636 969
1497 2601 1559 2636 illa
1583 2601 1619 2635 B

252 2663 500 2698 concubinam
607 2663 756 2706 quando
789 2662 891 2695 misit
925 2660 967 2704 B,
1004 2661 1154 2706 quando
1181 2661 1268 2693 mist
1299 2658 1327 2693 C'
1427 2660 1496 2693 970
1520 2659 1617 2703 quod

161 2719 265 2755 iubet
334 2721 457 2755 sicunt
483 2719 514 2755 0
578 2720 642 2753 971
671 2719 904 2763 uggeminam
930 2719 1054 2753 uenite
1149 2723 1186 2751 et
1210 2727 1278 2751 om.
1304 2715 1332 2750 G
1423 2722 1619 2750 accersunt

163 2787 257 2822 quae
285 2777 314 2813 C
