1963 3243
111 184 226 277 ξω,
248 228 282 274 4,
305 227 419 263 9—17
807 226 1003 264 Poenulus.
1564 235 1641 276 159

319 398 328 404 ,
729 351 761 395 C
772 353 842 396 011
855 353 938 396 abi
954 368 973 396 s
984 367 1043 396 cu
1057 368 1077 397 s

158 425 318 470 Eadem
348 424 536 468 narrabo
565 424 648 468 tibi
678 439 747 468 res
779 424 1081 480 Spartiaticas.

822 505 991 559 Lycus

158 575 269 628 Quin
300 590 482 632 sequere
513 589 581 619 me
613 589 729 630 ergo.

723 654 1075 699 Collabiscus

781 727 959 770 Abduce
989 728 1125 782 intr0;
1157 729 1380 772 addictum
1409 735 1541 773 tenes.

709 807 1096 860 Agorastocles

159 879 271 931 Quid
301 893 416 922 nunc
447 878 551 921 mihi
583 883 787 922 auctores
819 879 954 921 estis?

763 958 1036 1000 Aduocati

971 1031 1029 1074 Ut
1058 1031 1172 1086 frugi
1203 1033 1298 1074 sies.
1579 1044 1647 1078 720

699 1110 1095 1164 Agorastocles

103 1215 106 1217 Α
159 1182 282 1234 Quid,
315 1183 350 1224 si
382 1183 551 1224 animus
583 1196 676 1224 esse
707 1196 791 1224 non
823 1182 954 1225 sinit?

766 1262 802 1304 A
814 1262 840 1304 d
851 1277 876 1304 u
889 1276 912 1303 0
925 1276 947 1304 c
957 1276 982 1303 a
992 1263 1034 1304 ti

1000 1334 1118 1386 Esto,
1148 1338 1198 1376 ut
1227 1335 1341 1377 sinit.

706 1413 1094 1466 Agorastocles

160 1483 372 1540 [Uidistis‚
402 1485 500 1528 leno
532 1499 662 1539 quom
693 1499 844 1528 aurum
877 1486 1077 1541 accepit?

762 1565 1035 1608 Aduocati

1132 1635 1341 1680 Uidimus.

706 1708 1102 1763 Agorastocles

92 1781 93 1786 ’
153 1779 262 1822 Eum
292 1793 371 1823 uos
402 1794 544 1823 meum
576 1794 674 1823 esse
705 1795 877 1823 seruom
908 1780 1057 1823 scitis?

765 1876 801 1918 A
814 1876 840 1918 d
850 1891 878 1918 u
888 1890 912 1918 o
923 1890 946 1918 c
956 1877 1031 1918 ati

1109 1947 1286 1990 Scimus.

101 2078 111 2087 ·
704 2026 1095 2079 Agorastocles

93 2158 99 2167 Ι
155 2096 260 2140 Rem
290 2098 503 2142 aduorsus
534 2099 684 2154 populi
715 2112 844 2153 saepe
875 2099 1005 2152 leges.

766 2180 799 2220 A
811 2177 838 2219 d
847 2192 875 2220 u
885 2192 909 2221 ο
921 2191 943 2220 c
953 2192 979 2220 a
989 2179 1030 2220 ti

1093 2248 1320 2292 Sciuimus.

703 2321 1092 2376 Agorastocles

153 2390 245 2444 Em,
273 2393 410 2436 istaec
439 2393 540 2436 uolo
573 2407 674 2448 ergo
705 2407 783 2436 uos
814 2407 892 2436 con
899 2393 1142 2435 meminisse
1175 2393 1330 2442 omnia,
1576 2402 1644 2437 '725

101 2516 110 2525 ι
153 2461 254 2506 Mox
281 2478 414 2519 quom
444 2465 500 2508 ad
533 2471 779 2521 praetorem
809 2479 912 2507 usus
942 2465 1100 2507 ueniet.

758 2545 794 2586 A
806 2545 833 2586 d
846 2558 873 2586 u
885 2558 909 2586 o
919 2557 942 2586 c
951 2557 977 2586 a
986 2546 1030 2586 ti

1169 2611 1474 2667 Meminimus]

242 2751 311 2786 718
333 2751 538 2796 spartiacas
565 2750 596 2787 C'
687 2751 754 2785 719
779 2750 899 2786 abduc
1016 2750 1084 2784 720
1108 2749 1273 2784 auctoris
1380 2758 1464 2792 spes
1574 2749 1641 2783 ‘725

120 2828 122 2831 -
151 2802 236 2841 hem
261 2805 293 2842 0
378 2808 446 2843 '726
468 2807 757 2843 memiminimue
780 2805 817 2842 B
1238 2812 1243 2816 '
