1963 3243
324 152 402 191 178
996 147 1115 182 Plauti
1141 127 1144 130 ’
1509 147 1577 188 111,
1601 148 1623 181 3
1657 147 1772 182 6—19

867 273 1222 327 Lysimachus

724 347 844 388 Itane
876 359 995 395 uero,
1026 344 1219 386 ueruex?
1249 345 1362 385 intro
1394 344 1496 385 eas‘?

916 469 953 511 D
964 483 987 511 e
997 469 1061 510 mi
1071 484 1098 522 p
1109 469 1139 510 h
1148 483 1173 510 o

317 543 429 593 Quid
461 543 582 585 aliud
612 543 799 585 faciam?

868 641 1223 697 Lysimachus

876 715 1001 757 Prius
1033 715 1116 755 hoc
1147 714 1359 765 ausculta,
1390 719 1522 769 atque
1554 716 1676 767 ades;
1706 728 1773 762 560

316 790 440 831 Prius
473 790 603 830 etiam
637 793 702 830 est
733 788 849 842 quod
879 792 924 829 te
955 787 1100 828 facere
1132 800 1211 838 ego
1244 799 1428 840 aequom
1460 801 1626 829 censeo.

316 861 427 903 Nam
458 875 572 903 nunc
603 861 639 902 si
669 860 745 902 illo
776 861 891 902 intro
922 859 1038 909 ieris,
1071 857 1276 911 amplecti
1307 858 1442 909 uoles,

316 933 598 975 Confabulari
630 936 761 987 atque
793 931 1025 974 ausculari.

920 1056 1174 1110 Demipho

1065 1129 1131 1170 Tu
1162 1128 1338 1183 quidem

317 1205 463 1246 Meum
494 1204 686 1244 animum
717 1207 885 1256 gestas;
917 1203 1016 1249 scis,
1049 1201 1155 1255 quid
1186 1205 1364 1242 acturus
1397 1201 1510 1242 siem.

867 1349 902 1391 L
914 1365 942 1405 y
951 1351 1045 1392 sim
1055 1363 1081 1392 a
1093 1363 1116 1392 c
1124 1349 1154 1391 h
1164 1364 1192 1390 u
1203 1363 1223 1391 s

315 1425 527 1466 Peruorse
557 1423 706 1465 facies.

916 1523 1173 1578 Demipho

792 1595 974 1646 Quodne
1005 1596 1175 1638 amem?

869 1720 1220 1775 Lysimachus

1866 520 1879 539 a
1866 496 1876 509 ω
1865 388 1894 434 ..r-
1863 336 1891 377 qu
1859 225 1890 325 ’κων
1844 195 1860 212 ”

1231 1794 1372 1836 Tanto
1403 1794 1558 1835 minus.
1707 1805 1772 1838 565
1789 1813 1797 1816 ·
1868 1812 1878 1822 ’

316 1867 564 1910 Ieiunitatis
597 1867 762 1922 plenus,
795 1867 941 1908 anima
971 1866 1148 1916 foetida,

316 1941 456 1982 Senex
486 1940 694 1991 hircosus,
726 1943 774 1981 tu
806 1939 1032 1981 ausculere
1063 1939 1319 1981 mulierem?

317 2012 447 2054 Utine
479 2013 715 2054 adueniens
747 2012 961 2053 uomitum
994 2012 1190 2053 excutias
1225 2011 1424 2053 mulieri?

318 2083 415 2126 Scio
447 2085 519 2139 pol
551 2089 594 2126 te
627 2098 786 2135 amare,
820 2097 948 2138 quom
981 2084 1121 2125 istaec
1151 2087 1480 2137 praemonstras
1512 2082 1629 2124 mihi.

917 2219 1173 2274 Demipho

316 2293 428 2344 Quid
461 2295 496 2335 si
526 2294 660 2347 igitur
691 2307 841 2335 cenam
874 2291 1062 2334 faciam?
1103 2293 1195 2334 Hoc
1227 2293 1263 2334 si
1295 2306 1458 2342 censes,
1491 2305 1675 2345 coquom
1706 2301 1773 2336 570

315 2367 514 2420 Aliquem
547 2366 824 2419 arripiamus,
858 2365 1091 2419 prandium
1124 2366 1197 2418 qui
1230 2369 1468 2419 percoquat

315 2438 440 2492 Apud
473 2443 515 2479 te
547 2438 618 2479 hic
649 2451 786 2492 usque
818 2437 874 2478 ad
906 2451 1150 2490 uesperum.

405 2597 470 2631 559
496 2596 636 2631 uerbex
662 2595 691 2631 Ο
769 2596 836 2631 560
861 2598 971 2641 atque
995 2595 1066 2631 hoc
1092 2595 1180 2631 ades
1208 2595 1238 2631 0
1313 2596 1377 2630 561
1405 2605 1478 2640 quo
1504 2593 1540 2635 G.
1567 2600 1627 2639 qffi
1652 2593 1687 2628 B

315 2655 382 2688 562
407 2653 492 2688 illuc
518 2653 554 2688 Β
657 2654 826 2689 introiris
854 2652 882 2688 Ο
985 2654 1050 2687 563
1075 2653 1280 2687 auscultari
1304 2652 1340 2687 Β
1443 2653 1508 2686 564
1534 2651 1601 2685 sim
1705 2649 1772 2685 565

315 2722 412 2745 ames
530 2711 596 2745 566
621 2710 701 2745 Iam
727 2711 836 2746 etatis
862 2710 908 2753 B,
933 2711 1110 2744 ianutatis
1137 2710 1166 2744 Ο
1277 2710 1344 2744 567
1369 2709 1611 2753 uirquosustu
1636 2708 1672 2743 B

315 2770 381 2803 569
407 2781 464 2812 qm
493 2769 528 2802 Β
622 2770 688 2802 570
714 2780 825 2802 unum
852 2767 987 2802 factum
1015 2767 1060 2810 B,
1086 2779 1198 2801 unum
1225 2766 1359 2801 factam
1386 2765 1415 2800 C
