1963 3243
730 227 772 261 V.
796 228 986 263 745—786.
1516 237 1597 276 263

114 350 322 403 quentibus
362 356 546 392 iunctum.
621 355 732 393 Hunc
771 358 946 406 sequitui·
989 358 1076 395 Lor.
1111 359 1159 395 de
1199 361 1397 410 triumpho
1438 362 1596 399 Romani

114 423 362 471 imperatoris
399 424 588 472 cogitans.
663 424 739 462 Sed
771 425 806 462 h.
840 426 886 471 l.‚
932 426 1014 464 sive
1055 430 1181 464 totum
1221 428 1347 465 locum
1386 432 1595 478 genuinum

114 490 274 537 habeas,
321 493 402 530 sive
448 492 496 529 ad
542 496 714 530 nostram
752 495 984 531 senteutiam
1025 508 1083 532 vv.
1127 497 1204 532 765
1245 510 1301 545 sq.
1343 510 1414 546 pro
1453 501 1597 548 spuriis

112 558 236 605 tollas,
269 558 316 597 do
349 561 432 609 ipso
464 561 614 610 praelio,
656 574 733 598 non
765 561 812 598 de
844 562 1047 612 triumpho
1071 566 1188 612 poeta
1212 563 1397 613 loquitur.
1424 585 1475 590 —-
1505 570 1594 605 765.

112 624 257 665 ordine
286 627 471 678 Scaliger,
503 629 642 666 ultima
667 630 873 679 producta,
907 643 940 667 v.
959 629 1062 668 Prol.
1081 643 1118 680 p.
1142 632 1239 678 195;
1271 632 1450 682 Kampm.
1471 635 1593 682 ‚‚ego‘⁴

113 695 293 734 addebat.
339 716 395 722 —
440 699 539 737 760.
581 698 628 734 cf.
660 697 777 747 Epid.
815 699 902 737 185.
969 698 1088 746 ‚‚aue“
1133 711 1268 737 versus
1308 713 1424 738 causa
1461 702 1596 749 Both.;

110 763 208 802 Non.
240 778 279 815 p.
314 767 393 803 334
426 765 527 803 hunc
568 769 606 803 et
644 766 865 816 proximum
906 779 1060 804 versum
1102 767 1267 805 laudans
1302 768 1415 816 ‚‚ab“.
1446 790 1493 795 -
1526 785 1596 817 „ex

112 845 195 870 mea
225 832 443 871 sententia“
479 833 593 871 Both.
639 853 687 859 —-
730 835 823 871 767.
874 848 1005 882 „mens
1037 833 1147 872 niea“
1183 835 1280 873 Non.
1313 856 1366 862 —
1408 840 1498 875 769.
1541 838 1595 876 Si-

110 903 236 948 miam,
261 913 312 940 ue
335 898 438 952 quid
460 898 608 940 titubet
631 901 695 949 (cf.
713 903 798 940 Mil.
818 898 931 951 942),
957 893 1122 941 docebit.
1149 923 1202 929 —
1232 901 1341 952 ferat
1370 901 1595 955 fallaciam,

108 970 156 1008 cf.
188 970 306 1008 Poen.
345 973 434 1009 195.
495 971 583 1008 Ter.
616 971 738 1009 Andr.
772 972 873 1009 432:
917 971 1014 1018 „Hic
1047 985 1147 1010 nunc
1177 986 1236 1010 me
1268 973 1395 1011 credit
1425 975 1594 1024 aliquam

108 1038 181 1075 sibi
213 1038 406 1076 fallaciam
438 1037 639 1090 p01·tai·e“.
689 1040 791 1078 471:
829 1039 959 1079 ..Haec
990 1041 1158 1089 primum
1189 1041 1367 1079 adfertur
1393 1044 1467 1079 iam
1501 1043 1594 1080 mihi

107 1106 154 1143 ab
180 1107 251 1144 hoc
278 1105 471 1145 fallacia“.
530 1107 610 1146 Liv.
636 1107 776 1154 XXIV,
812 1109 875 1155 38,
896 1109 918 1145 8
946 1107 1081 1146 codd.:
1113 1110 1294 1156 vitandae,
1327 1123 1401 1147 non
1426 1111 1594 1149 serendae

105 1174 295 1213 fi·audis“.
322 1195 369 1201 —
402 1177 494 1214 770.
527 1176 688 1214 Numeri
719 1175 909 1215 duriores.
961 1175 1126 1214 Guietus
1152 1178 1274 1228 „ego“
1303 1179 1446 1226 omisit,
1480 1179 1591 1216 Both.

0 1259 9 1267 .
36 1239 38 1242 ’
109 1241 301 1294 „ipsum“,
331 1244 375 1282 R.
411 1242 548 1293 ‚,hoc“.

220 1451 311 1487 771.
351 1450 444 1487 Exit
474 1450 623 1488 lenonis
653 1463 761 1500 puer,
795 1454 834 1487 et
865 1450 1021 1500 quidem
1054 1450 1263 1488 admodum
1293 1464 1409 1501 puer,
1447 1446 1593 1501 quippe

104 1519 172 1568 qui
202 1531 273 1568 per
304 1521 456 1555 aetatem
491 1517 664 1555 nondum
697 1519 934 1567 prostitutus
966 1520 1038 1565 sit3
1077 1519 1144 1557 sed
1177 1520 1212 1556 ei
1243 1532 1395 1569 quoque
1428 1521 1592 1557 maxima

27 1615 31 1620 .
106 1586 208 1623 mala
252 1587 340 1624 leno
387 1587 558 1624 minatus
604 1591 674 1634 est,
721 1587 796 1624 uisi
842 1587 1068 1624 natalicium
1114 1587 1187 1625 sibi
1223 1600 1362 1625 munus
1403 1587 1587 1625 dedisset.

103 1654 228 1692 Scena
272 1655 497 1693 foedissima
540 1659 580 1692 et
616 1667 778 1705 prorsus
818 1667 1126 1705 supervacanea,
1184 1657 1214 1692 si
1255 1655 1410 1705 quidem
1447 1656 1590 1692 similia

104 1723 226 1762 multo
251 1724 421 1774 lepidius
446 1735 631 1774 expressa
653 1727 745 1761 sunt
767 1736 803 1761 v.
826 1724 900 1761 171
921 1736 1006 1774 sqq.
1054 1723 1182 1770 Quare
1204 1723 1375 1761 libenter
1398 1723 1591 1761 Lorenzio

103 1793 331 1829 accesserim
368 1806 405 1842 p.
448 1793 497 1829 24
537 1805 593 1841 sq.
635 1795 759 1829 totam
806 1805 961 1830 scenam
1006 1805 1078 1841 pro
1123 1793 1257 1841 spuria
1302 1791 1474 1829 habenti.
1550 1791 1590 1829 Si

20 1879 43 1897 ·.
104 1858 233 1897 Plauti
278 1864 353 1906 est,
408 1873 469 1898 vv.
502 1861 696 1898 785—86
752 1864 792 1897 et
838 1861 916 1897 772
965 1860 1221 1910 interpolatos
1276 1859 1417 1898 iudico.
1510 1861 1589 1898 772

102 1926 302 1965 damnavit
347 1927 543 1979 Sauppius
588 1931 628 1965 et
671 1931 808 1978 postea
852 1929 935 1978 ipse
981 1928 1025 1966 R.
1065 1928 1166 1966 Mus.
1210 1928 1281 1966 Rh.
1313 1927 1385 1965 XV
1423 1942 1461 1978 p.
1492 1927 1587 1965 430.

103 1995 196 2042 Quis
233 1999 398 2046 quaeret,
445 2011 536 2035 num
578 1996 734 2034 lenonio
772 2008 895 2045 puero
932 1996 1141 2046 turpitudo
1179 1995 1378 2034 addatur?
1410 2015 1463 2020 —
1495 1997 1588 2033 773.

102 2061 225 2102 corde
256 2061 480 2114 conspicio,
513 2069 558 2103 ut
583 2064 660 2103 Cic.
697 2065 850 2111 „animo
882 2065 1147 2113 contemplor“
1183 2069 1221 2101 et
1250 2064 1404 2102 similia.
1422 2083 1476 2089 —
1494 2065 1587 2101 776.

15 2140 27 2151 “
97 2130 369 2183 praefulcior,
401 2135 424 2172 i.
451 2148 483 2172 e.
515 2133 713 2179 subiicior,
746 2135 965 2170 sustentare
997 2145 1124 2182 cogor,
1157 2133 1203 2170 cf.
1232 2132 1336 2170 Pers.
1359 2133 1427 2169 12:
1465 2132 1589 2179 „Quin

101 2201 196 2239 mihi
227 2205 406 2252 imperet,
439 2203 533 2252 quin
566 2215 624 2239 me
655 2202 735 2238 suis
767 2201 935 2249 negotiis
965 2199 1233 2250 praefulciat“;
1265 2199 1313 2238 ad
1345 2201 1454 2237 cuius
1484 2201 1588 2237 simi-

0 2259 34 2330 *J-
101 2269 307 2308 litudinem
344 2271 544 2308 Acidalius
584 2274 623 2307 et
661 2269 705 2306 R.
745 2269 782 2306 h.
815 2269 840 2307 l.
873 2281 944 2319 pro
983 2265 1191 2314 miseriis,
1238 2269 1262 2306 i.
1303 2283 1334 2306 e.
1374 2268 1588 2314 laboribus,

7 2331 39 2357 “¹
107 2325 384 2386 {ministeriiffl
428 2340 691 2388 scripserunt3
737 2350 815 2375 non
855 2349 963 2386 opus.
998 2356 1047 2361 —
1092 2338 1185 2374 777.
1231 2333 1418 2374 inuenire
1456 2331 1590 2374 ullum

102 2405 280 2455 Pylades.
305 2426 359 2431 —
387 2408 478 2443 778.
512 2416 630 2444 “urer
661 2405 840 2443 Gulielm.
866 2425 921 2429 —
947 2406 1039 2442 782.
1070 2400 1184 2442 Eum
1214 2404 1274 2441 ed.
1294 2417 1353 2454 pr.
1382 2423 1436 2429 —
1463 2399 1588 2450 „Per-

30 2522 48 2533 Γ
103 2469 226 2512 bitere
248 2474 414 2513 Plautus
441 2488 512 2525 pro
538 2475 666 2525 perire
690 2471 864 2524 posuit“,
899 2473 1002 2510 Fest.
1027 2472 1134 2522 Epit.
1153 2486 1189 2522 p.
1211 2473 1303 2517 215,
1336 2472 1381 2509 cf.
1410 2471 1459 2509 ad
1476 2471 1587 2510 Cure.

13 2573 26 2586 Α.
106 2543 196 2580 141.
266 2542 321 2580 De
359 2544 544 2594 praesenti
583 2542 774 2580 infinitivo
805 2554 878 2592 pro
923 2542 1056 2579 futuro
1094 2553 1129 2578 v.
1172 2540 1220 2578 ad
1258 2541 1366 2577 Asin.
1409 2541 1503 2577 439.
1534 2560 1590 2565 —

15 2599 27 2638 ’ἐ
102 2611 196 2648 783.
228 2608 332 2661 quid
361 2612 462 2658 edd.,
495 2611 541 2648 cf.
561 2610 645 2648 Cas.
667 2610 768 2647 867:
807 2623 901 2656 „nec
929 2609 1024 2659 quid
1049 2620 1161 2657 again
1190 2609 1286 2645 meis
1317 2607 1433 2646 rebus
1464 2606 1586 2646 scio“.

101 2698 155 2704 -—
175 2680 266 2717 784.
299 2675 418 2726 illud,
451 2684 494 2717 ut
519 2684 656 2730 stupio
681 2678 832 2727 aliquid
859 2689 1042 2726 quaeram.
1065 2695 1113 2701 —
1135 2678 1212 2714 785
1231 2689 1287 2725 sq.
1320 2688 1474 2713 versum
1506 2678 1585 2714 787

16 2742 31 2769 t
102 2761 125 2786 a
156 2749 234 2786 784
268 2749 322 2785 ita
353 2747 557 2794 divellunt,
589 2751 634 2784 ut
664 2747 758 2783 ferri
790 2758 866 2783 non
897 2745 1060 2795 possint.
1132 2743 1176 2782 R.
1208 2747 1298 2781 ante
1331 2745 1408 2781 784
1441 2746 1585 2793 posuit,

23 2808 46 2854 if,
102 2817 169 2854 sed
199 2821 241 2854 ut
268 2813 394 2854 Num·
424 2817 463 2853 in
496 2813 642 2863 „“Nam
678 2819 859 2852 mutaret.
888 2833 940 2838 ——
971 2809 1134 2861 srucms·
1164 2807 1368 2863 stillomus
1399 2812 1492 2862 quid
1523 2813 1585 2859 sit,
