1963 3243
45 38 51 44 θ
66 0 83 28 5

0 0 67 244 ξ

808 259 1001 294 Poenulus.
1561 265 1641 303 295

159 388 335 437 quamvis
368 387 626 436 etymologica
656 391 759 425 ratio
791 389 935 438 duplex
963 389 972 425 l
1000 389 1229 437 requireret.
1258 407 1312 413 —-
1337 390 1373 426 6.
1410 390 1501 427 Post
1530 387 1644 436 furto

156 455 307 502 hiatus;
340 454 464 506 Gepp.
501 458 697 505 ‚‚itaque‘⁴.

770 696 1022 740 Prologum

154 796 317 834 Poenuli
352 810 426 834 non
459 797 505 833 ab
531 799 615 846 ipso
640 797 781 835 Plauto
809 799 994 848 scripturn
1021 812 1220 836 censemus
1247 804 1323 835 tam
1348 802 1511 848 propter
1536 811 1641 835 men-

155 866 297 902 tionem
330 866 468 901 factam
502 867 716 913 tragoediae
748 866 876 912 Ennii,
910 868 975 916 qui
1002 867 1141 904 Plauto
1168 867 1368 916 aliquanto
1397 868 1523 903 minor
1555 866 1642 909 fuit,

153 947 268 983 quam
308 935 399 983 quin
439 938 543 971 totus
584 935 738 984 prologi
780 934 887 971 color
924 949 946 971 a
984 934 1133 972 Casinae
1175 935 1336 985 prologo
1377 934 1536 984 paulum
1578 934 1639 971 ab·

152 1003 298 1048 horret,
332 1017 366 1039 v.
393 1002 546 1049 Proleg.
571 1017 609 1052 p.
639 1004 728 1040 163.
790 1002 864 1040 Sed
897 1016 972 1040 non
1005 1005 1060 1040 ita
1090 1004 1225 1040 multis
1257 1005 1368 1040 annis
1398 1007 1490 1053 post
1514 1003 1643 1040 Plauti

152 1077 315 1108 mortem
347 1072 601 1120 compositum
634 1085 729 1116 esse,
769 1071 942 1108 ostendit
974 1084 1008 1108 v.
1044 1073 1106 1116 79,
1147 1071 1250 1108 unde
1283 1075 1448 1121 apparet
1479 1071 1641 1108 Cartha-

150 1141 277 1188 ginem
310 1138 480 1177 nondum
513 1153 686 1176 eversam
714 1152 808 1186 esse,
840 1152 967 1189 neque
992 1141 1038 1186 ei,
1071 1141 1137 1190 qui
1162 1140 1242 1177 haec
1269 1141 1438 1190 scripsit,
1471 1140 1509 1176 in
1536 1153 1641 1177 men—

150 1213 226 1245 tem
260 1209 369 1244 venit
400 1208 482 1244 fore
514 1212 556 1244 ut
587 1208 697 1244 brevi
730 1211 987 1244 everteretur.
1062 1208 1254 1257 Prologus
1298 1209 1435 1258 incipit
1465 1209 1511 1245 ab
1544 1208 1642 1245 alius

150 1276 291 1314 fabulae
323 1276 616 1324 recordatione,
655 1289 770 1325 quam
802 1276 969 1313 fortasse
1002 1276 1103 1314 idem
1135 1276 1276 1313 histrio
1308 1275 1518 1325 aliquando
1552 1277 1643 1326 egit,

150 1349 253 1381 certe
285 1344 574 1393 spectatoribus
612 1348 743 1382 notam
782 1358 865 1382 esse
904 1349 943 1381 et
981 1346 1178 1382 memoriae
1219 1358 1351 1382 eorum
1392 1346 1506 1381 etiarn
1540 1357 1643 1381 nunc

149 1414 348 1451 obversari
381 1416 525 1450 censet.
601 1412 659 1449 Ea
698 1414 903 1462 tragoedia
941 1417 1000 1450 est
1031 1413 1073 1459 Q.
1109 1413 1243 1460 Ennii,
1292 1413 1352 1450 cui
1383 1426 1524 1450 nomen
1557 1416 1643 1450 erat

147 1477 332 1519 Achilles
363 1477 624 1527 Aristarchi,
659 1483 748 1530 quia
781 1481 828 1518 ab
861 1481 1090 1518 Aristarcho
1122 1481 1307 1529 Tegeata,
1341 1482 1406 1531 qui
1438 1480 1640 1531 Euripidis

149 1550 309 1599 aequalis
340 1550 480 1590 fuerat,
513 1562 595 1585 eam
628 1548 778 1586 Ennius
811 1551 1095 1598 interpretatus
1127 1553 1223 1587 erat.
1299 1549 1476 1586 Eandem
1506 1548 1643 1586 laudat

148 1618 265 1654 etiam
306 1616 446 1654 Festus
487 1632 524 1667 p.
559 1618 651 1655 242.
727 1619 912 1655 Auctoris
959 1622 1086 1655 autem
1135 1631 1271 1655 nomen
1312 1618 1488 1663 Latinus-
1523 1621 1641 1667 poeta

148 1685 236 1723 ideo
268 1685 441 1730 addidit‚
482 1691 545 1731 ut,
585 1699 704 1735 quum
745 1688 855 1736 prius
889 1687 1053 1723 alteram
1087 1686 1249 1723 Achillis
1280 1687 1435 1724 nomine
1468 1686 1639 1722 fabulam

146 1753 353 1796 docuisset,
394 1755 590 1802 posterior
621 1754 668 1790 ab
699 1755 766 1791 illu
799 1755 1129 1803 distingueretur;
1175 1762 1215 1791 et
1246 1759 1404 1791 exstant
1434 1755 1640 1804 utriusque

145 1823 375 1871 fragmenta.
403 1842 456 1846 —
486 1820 754 1860 commentari
786 1829 846 1859 est.
879 1824 916 1859 in
950 1824 1176 1860 memoriam
1203 1836 1384 1861 revocare
1411 1823 1637 1872 repetend0‚

145 1890 191 1928 cf.
225 1890 384 1927 Trucul.
419 1892 511 1927 723.
587 1890 663 1927 Cic.
698 1890 796 1927 Phil.
830 1891 896 1937 XI,
932 1893 967 1936 6,
1006 1893 1073 1928 13:
1111 1891 1235 1935 „alter
1266 1896 1549 1929 commentatus
1580 1896 1640 1928 est

145 1959 294 2004 mimos,
329 1958 430 1995 alter
462 1960 540 2007 egit
571 1958 852 2006 tragoediam“.
916 1959 1073 1996 Sueton.
1107 1960 1236 1997 Gram.
1273 1963 1317 1997 2:
1368 1965 1435 2008 „ut
1466 1961 1639 1997 carmina

144 2040 283 2076 parum
323 2026 448 2063 adhuc
488 2027 691 2076 divulgata
719 2057 726 2064 .
756 2058 762 2064 .
792 2058 798 2065 .
825 2028 1054 2076 diligentius
1094 2031 1351 2065 retractarent
1390 2042 1433 2065 ac
1471 2028 1636 2076 legendo

145 2094 522 2144 commentandoque
562 2097 680 2132 etiam
720 2097 858 2132 ceteris
891 2100 984 2133 nota
1017 2093 1231 2133 facerentf‘.
1273 2117 1323 2121 —-
1365 2098 1400 2133 2.
1449 2092 1633 2134 Inde...

146 2172 196 2200 θα·
226 2172 293 2209 ea,
333 2166 575 2213 epexegnsis,
620 2164 665 2200 cf.
701 2165 764 2201 78.
813 2184 865 2188 —
914 2166 948 2200 3.
999 2159 1204 2212 Sileteqzcc
1244 2164 1282 2201 et
1312 2163 1456 2204 tacete.
1504 2164 1636 2201 Graece

146 2233 231 2281 σῖγα
264 2232 395 2267 σιώπα.
442 2251 496 2255 ——
544 2232 580 2268 4.
627 2228 790 2269 Audire
820 2227 930 2269 iubet
960 2242 1036 2269 uos
1067 2228 1310 2280 imperator,
1358 2232 1438 2269 haec
1479 2245 1636 2281 quoque

144 2299 260 2337 Ennii
300 2313 383 2337 esse
421 2299 624 2346 videntur;
672 2301 839 2337 comicus
882 2300 1017 2337 addita
1066 2313 1156 2337 voce
1202 2297 1403 2345 histrieus
1444 2302 1482 2336 in
1528 2313 1635 2337 suain

145 2380 225 2404 rem
257 2369 463 2405 convertit.
525 2367 635 2405 Mull.
671 2381 804 2405 versus
837 2381 972 2405 causa:
1010 2381 1104 2413 „uos
1135 2368 1282 2406 iubet“.
1317 2389 1371 2393 —
1404 2370 1553 2406 5—10.
1588 2369 1635 2405 Hi

145 2448 279 2473 versus
318 2437 373 2472 ita
415 2437 697 2473 sententiarum
737 2442 912 2473 tenorem
951 2435 1111 2473 turbare
1143 2437 1378 2474 videbantur
1409 2437 1634 2486 Geppertio,

145 2508 189 2541 ut
219 2517 284 2540 eos
315 2509 404 2553 post
436 2518 471 2541 v.
508 2505 554 2540 16
588 2510 775 2553 poneret3
821 2505 909 2551 sed,
952 2504 1068 2541 modo
1110 2504 1372 2554 intelligamus
1404 2518 1463 2542 vv.
1498 2506 1634 2542 7—10

145 2571 400 2621 parenthesin
425 2572 563 2616 facere,
597 2575 635 2608 et
659 2573 863 2621 iungamus
885 2572 1094 2622 „Bonoque
1120 2576 1163 2609 ut
1186 2573 1315 2609 animo
1340 2572 1504 2610 sedeant
1528 2586 1635 2622 spec-

144 2642 306 2685 tatores,
338 2652 516 2688 exsurge,
547 2642 717 2688 pi·aeco“.
752 2639 877 2677 locum
909 2644 1083 2676 tuentur.
1109 2659 1161 2664 -
1189 2638 1361 2678 sedeant
1383 2645 1423 2677 et
1448 2638 1633 2679 esurien-

145 2707 206 2744 tes
236 2707 323 2744 edd.
349 2727 403 2732 —
436 2709 472 2744 8.
504 2702 675 2754 fabulis.
726 2707 829 2744 Low.
859 2708 972 2745 Anal.
998 2722 1036 2757 p.
1064 2708 1141 2744 206
1179 2706 1353 2753 ‚,12usus“
1388 2710 1516 2759 inquit
1550 2714 1635 2757 „est

145 2774 422 2812 vocabulorum
461 2775 617 2812 fabulae
652 2780 690 2812 et
722 2774 928 2821 fabulae“;
976 2788 1051 2812 non
1083 2776 1220 2816 credo„
1243 2796 1297 2800 —
1328 2776 1493 2815 Constat
1522 2778 1635 2816 ludos

146 2846 186 2879 et
214 2842 318 2892 apud
350 2841 504 2880 Graecos
543 2847 583 2880 et
617 2843 718 2892 apud
754 2843 949 2881 Romanos
980 2855 1091 2881 mane
1122 2844 1313 2894 incepisse
1346 2840 1400 2888 (v.
1433 2845 1533 2883 infra
1567 2847 1628 2882 21.
