1963 3243
260 230 308 268 12
937 226 1058 261 P1auti
1490 227 1523 272 1,
1552 229 1582 271 1,
1607 207 1740 262 83—'96

855 350 1144 393 Calidorus

257 423 411 465 Actum
444 427 510 465 est
542 423 594 464 de
627 436 692 464 me
723 423 820 464 iam.
884 422 968 464 Sed
1000 428 1124 477 potes
1156 428 1203 465 tu
1235 428 1429 466 mutuam
1617 478 1620 480 v

256 494 545 536 Draehumam
579 494 682 536 dare
714 508 843 536 unam
871 495 989 545 mihi,
1022 509 1152 549 quam
1185 509 1282 537 eras
1312 495 1493 537 reddam
1523 494 1634 537 tibi?

849 607 1148 649 Pseudolus

258 678 340 720 Uix
370 678 515 720 hercle
546 680 712 731 opinor,
745 679 778 720 si
810 692 877 719 me
909 692 1122 732 opponam
1153 679 1334 733 pignori.

257 750 340 792 Sed
373 749 477 803 quid
509 764 560 792 ea
592 748 829 791 drachuma
859 750 1000 791 facere
1031 751 1123 792 uis?

860 857 1010 901 Calid
1024 873 1145 900 orus

1188 931 1351 973 Restim
1384 930 1484 973 uolo

257 1004 364 1044 Mihi
396 1017 549 1044 emere.

856 1073 1150 1115 Pseudolus

602 1144 739 1195 Quam
772 1145 825 1186 ob
857 1146 986 1187 rem?

858 1262 1146 1304 Calidorus

1050 1334 1132 1384 Qui
1163 1348 1231 1375 me
1261 1332 1420 1375 faciam
1451 1334 1670 1388 pensilem.
1700 1346 1745 1379 90

261 1407 436 1448 Certum
469 1411 533 1448 est
564 1405 668 1446 mihi
701 1411 801 1446 ante
832 1405 1036 1447 tenebras
1068 1405 1273 1447 tenebras
1304 1407 1518 1460 persequi.

852 1507 884 1548 P
898 1521 916 1548 s
927 1521 949 1548 e
961 1522 988 1548 u
999 1506 1026 1547 d
1037 1507 1085 1548 ol
1097 1521 1123 1548 u
1134 1521 1152 1547 s

259 1581 363 1632 Quis
394 1579 499 1622 mihi
529 1580 662 1632 igitur
694 1577 971 1620 drachumam
1003 1579 1167 1627 reddet,
1201 1579 1234 1620 si
1268 1579 1425 1620 dedero
1456 1578 1538 1621 tibi
1549 1579 1567 1620 ἶ)

257 1653 339 1707 [An
370 1658 418 1693 tu
448 1656 490 1693 te
524 1665 575 1693 ea
607 1664 739 1692 eausa
769 1650 835 1691 uis
869 1651 1007 1691 sciens
1041 1650 1316 1704 suspendere,

255 1725 313 1767 Ut
343 1739 408 1765 me
441 1723 684 1773 defraudes,
717 1721 998 1763 drachumam
1029 1722 1065 1763 si
1096 1722 1288 1764 dederim
1318 1720 1447 1775 tibi?]

857 1823 1145 1865 Calidorus

257 1897 457 1939 Profecto
488 1896 604 1938 nullo
637 1901 765 1949 pacto
798 1909 971 1950 possum
1001 1896 1164 1946 uiuere,
1698 1906 1744 1940 95

260 1970 304 2012 Si
338 1969 414 2010 illa
446 1983 470 2010 a
501 1982 567 2009 me
600 1968 872 2010 abalienatur
903 1973 1033 2021 atque
1066 1967 1308 2009 abducitur.

850 2069 1149 2111 Pseudolus

260 2143 372 2193 Quid
404 2142 493 2191 fles,
527 2142 711 2183 oucule?
741 2142 880 2183 uiues.

858 2242 1145 2285 Calidorus

943 2315 1053 2365 Quid
1087 2329 1163 2368 ego
1196 2316 1239 2356 ni
1271 2314 1407 2365 fleam,

261 2389 370 2439 Quoi
401 2402 480 2430 nec
512 2391 693 2441 paratus
725 2400 921 2428 nummus
953 2387 1122 2439 argenti
1154 2387 1234 2428 siet

258 2462 408 2515 Neque
438 2459 605 2502 libellai
636 2472 737 2513 spes
771 2459 828 2500 sit
858 2471 1046 2512 usquam
1077 2458 1298 2511 gentium?

350 2626 392 2659 86
417 2624 527 2659 hodie
554 2625 625 2658 iam
653 2623 697 2658 de
724 2634 780 2657 me
808 2627 862 2657 est
887 2622 954 2657 BC
1041 2623 1089 2667 qd
1114 2622 1150 2657 B
1241 2627 1345 2667 potes
1371 2633 1467 2656 nunc
1492 2625 1656 2655 mutuam
1680 2619 1749 2655 Bo

260 2684 303 2716 87
333 2683 455 2716 darem
472 2681 499 2714 B
571 2681 660 2715 mihi
682 2691 792 2714 unam
806 2678 874 2714 BC
941 2681 985 2713 88
1011 2686 1029 2714 e
1054 2680 1083 2713 si
1154 2681 1197 2714 89
1222 2679 1331 2723 quide
1351 2690 1371 2712 a
1391 2677 1461 2713 BG
1527 2676 1596 2711 CA.
1620 2687 1684 2712 om.
1711 2676 1746 2711 Β

260 2740 304 2771 90
330 2738 399 2771 CA.
417 2749 481 2771 om.
499 2737 524 2771 C
594 2728 636 2772 92
662 2745 683 2772 n
705 2736 845 2781 (po-osi)
862 2736 890 2771 o
957 2736 1121 2770 dederim
1142 2735 1208 2770 Ro
1265 2737 1308 2770 94
1334 2733 1553 2769 defrudesB
1620 2733 1748 2768 drach-

260 2806 354 2828 mam
383 2794 424 2835 A,
453 2793 654 2828 draehuma
681 2793 709 2828 G
787 2794 830 2827 97
857 2792 925 2836 Qui
949 2792 985 2826 B
1068 2792 1110 2826 98
1136 2804 1208 2836 quo
1234 2793 1270 2825 in
1297 2792 1385 2826 haec
1413 2790 1441 2825 C
1530 2792 1573 2825 99
1597 2790 1743 2824 libellae
