1963 3243
157 241 186 284 I,
213 241 244 282 8,
269 240 403 274 28-40
793 238 1007 273 Pseudolus.
1588 245 1642 283 25

145 412 150 419 ,
744 363 1051 406 Pseudolus

158 436 297 479 Nosce
330 435 482 478 saltem
514 435 628 477 hunc
661 436 754 490 quis
787 442 864 477 est.

813 548 992 590 Ballio

158 622 247 664 Iam
282 621 352 663 diu
385 622 474 663 scio
508 621 580 674 qui
612 620 714 671 fuit;
746 634 859 662 nunc
885 621 954 675 qui
984 621 1040 661 sit
1065 621 1182 674 ipsus
1206 621 1327 662 sciat*
1375 619 1560 661 Ambula
1584 625 1644 661 tu.

749 737 1052 779 Pseudolus

158 811 282 853 Potin
316 815 362 851 ut
394 809 527 851 semel
558 809 698 859 modo,
730 808 883 858 Ballio,
916 809 1000 850 huo
1032 822 1127 851 cum
1160 808 1280 850 lucro
1312 810 1549 864 respicias?
1582 821 1648 854 265

812 925 990 967 Ballio

160 1000 403 1054 Respiciam
436 1000 545 1040 istoc
576 999 739 1052 preti03
770 1012 868 1040 nam
901 999 935 1039 si
968 997 1205 1040 sacrificem
1237 1012 1401 1040 summo
1435 998 1528 1040 Ioui

159 1073 298 1126 Atque
330 1072 373 1112 in
406 1070 604 1112 manibus
637 1075 737 1112 exta
767 1075 938 1112 teneam
970 1074 1019 1112 ut
1049 1070 1294 1124 porriciam,
1327 1070 1497 1112 interea
1527 1069 1607 1111 loci

159 1143 201 1185 Si
233 1143 340 1185 lucri
373 1142 474 1197 quid
509 1142 646 1188 detur,
680 1143 825 1196 potius
856 1156 946 1183 rem
979 1141 1170 1183 diuinam
1204 1142 1414 1184 deseram.

159 1215 252 1257 Non
286 1219 429 1268 potest
459 1215 613 1269 pietati
646 1213 797 1256 obsisti
828 1212 940 1265 huic,
970 1218 1019 1255 ut
1048 1228 1117 1256 res
1150 1218 1251 1256 sunt
1283 1218 1463 1257 ceterae.

755 1338 822 1380 Ps
835 1338 1055 1380 cadolus

158 1412 269 1454 Deos
288 1410 474 1465 quidem,
505 1424 614 1464 quos
635 1424 832 1453 maxume
857 1424 1040 1464 aequom
1060 1415 1125 1453 est
1144 1415 1345 1461 metuere,
1373 1425 1444 1452 eos
1472 1411 1649 1451 minumi

1176 1482 1291 1524 facit.
1585 1493 1653 1526 270

817 1576 850 1618 B
863 1577 993 1619 allio

164 1649 443 1704 Conpellabo.
507 1648 632 1690 Salue
666 1648 860 1695 multum,
896 1663 1018 1691 serue
1053 1649 1234 1691 Athenis
1265 1662 1480 1703 pessume.

756 1777 1059 1819 Pseudolus

163 1849 215 1891 Di
247 1853 288 1891 te
321 1849 514 1903 deaeque
549 1854 693 1891 ament
723 1849 793 1890 uel
825 1849 951 1891 huius
983 1850 1202 1892 arbitratu
1233 1848 1301 1890 uel
1332 1862 1448 1899 meo3

163 1920 255 1971 Uel,
287 1922 322 1963 si
355 1921 520 1975 dignu's
555 1921 640 1963 alio
672 1926 814 1975 pacto,
847 1935 986 1975 neque
1019 1925 1164 1963 ament
1193 1934 1272 1962 nec
1302 1920 1466 1962 faciant
1496 1919 1617 1962 bene.

820 2037 854 2079 B
867 2038 997 2080 allio

166 2108 275 2159 Quid
307 2111 461 2164 agitur,
496 2109 725 2152 Calidore?

764 2226 1055 2269 Calidorus

791 2299 971 2341 Amatur
1002 2304 1133 2353 atque
1166 2302 1317 2351 egetur
1348 2298 1518 2339 acriter.

820 2415 998 2458 Ballio

166 2487 382 2538 Misereat,
416 2489 450 2529 si
482 2486 690 2529 familiam
722 2487 838 2529 alere
871 2489 1033 2542 possim
1068 2486 1375 2529 misericordia.
1590 2498 1658 2531 275

256 2645 322 2679 264
347 2645 427 2679 dius
565 2646 625 2689 qui
652 2645 741 2679 estis
767 2644 836 2679 BC
958 2645 1072 2689 ipsius
1101 2645 1130 2680 Ο
1263 2646 1329 2678 265
1354 2644 1450 2678 hunc
1590 2645 1656 2677 267

165 2701 339 2744 por-itiam
412 2702 478 2735 268
504 2701 548 2736 de
575 2706 686 2736 stram
713 2700 759 2745 B,
786 2701 951 2735 dextram
979 2700 1007 2735 C
1087 2703 1152 2736 269
1178 2701 1213 2735 Ρ.
1242 2700 1323 2735 Non
1350 2700 1385 2735 B
1464 2706 1571 2745 potes
1592 2700 1662 2735 BG

271 2759 337 2791 270
362 2757 425 2792 Ps
454 2769 519 2792 om.
638 2757 737 2802 quod
763 2757 791 2792 C
898 2758 1049 2792 minime
1077 2757 1105 2792 G
1228 2758 1293 2792 273
1320 2768 1339 2790 a
1365 2761 1487 2791 mente
1592 2759 1658 2791 275

166 2813 379 2847 misereatur
405 2814 432 2849 C
