1963 3243
96 223 140 266 11,
167 224 198 265 3,
224 224 336 257 8—18
656 223 762 257 Miles
788 224 985 267 gloriosus.
1496 229 1548 266 23

666 349 976 392 Palaestrio

1259 409 1323 449 Tu
1354 407 1434 449 sali

96 478 240 530 Solus;
268 494 364 520 nain
392 494 469 532 ogo
495 480 621 520 istam
647 478 905 520 insulturam
925 484 967 520 et
985 478 1249 521 desulturam
1272 480 1374 521 nihil
1394 494 1547 521 moror.

681 581 970 623 Sceledrus

93 654 246 697 Nescis
272 660 317 696 tu
344 655 536 705 fortasse,
568 654 683 708 apud
709 668 788 696 nos
813 653 980 695 facinus
1007 654 1120 708 quod
1154 659 1347 696 natumst
1378 670 1548 697 nouom.

665 755 976 797 Palaestrio

93 829 216 880 Quod
249 830 291 872 id
325 834 391 871 est
422 829 619 872 facinus?

677 916 737 958 So
749 915 826 957 ele
839 915 864 957 d
877 929 898 957 r
911 929 937 956 u
950 929 968 956 s

701 987 970 1042 Inpudioum.

663 1090 975 1133 Palaestrio

1048 1163 1156 1205 Tute
1191 1164 1300 1206 scias
1333 1163 1412 1205 soli
1447 1163 1549 1214 tibi;

89 1237 195 1279 Mihi
227 1252 278 1279 ne
311 1238 445 1289 dixis3
478 1237 588 1279 seire
619 1237 731 1280 nolo.

677 1338 968 1382 Sceledrus

728 1411 822 1454 Non
856 1413 968 1454 enim
1000 1410 1158 1453 faciam
1190 1412 1294 1466 quin
1326 1412 1449 1454 scias.
1481 1423 1547 1456 285

91 1485 268 1528 Simiam
301 1485 430 1528 hodie
463 1500 558 1528 sum
592 1489 787 1527 sectatus
819 1495 1014 1527 nostram
1046 1485 1089 1525 in
1120 1483 1273 1526 horum
1306 1484 1476 1538 tegulis.

659 1588 973 1630 Palaestrio

88 1661 268 1716 Edepol,
302 1661 517 1715 Sceledre,
549 1661 676 1704 homo
708 1664 913 1702 sectatu's
943 1659 1068 1702 nihili
1100 1672 1284 1714 nequam
1317 1658 1515 1700 bestiam.

675 1763 965 1806 Sceledrus

87 1837 141 1879 Di
172 1842 214 1878 te
246 1837 452 1892 perdant!

659 1909 691 1951 P
705 1909 793 1950 ala
805 1912 914 1950 estr
925 1909 938 1950 i
949 1922 972 1950 o

495 1982 553 2024 Te
571 1983 681 2024 istuc
697 1995 894 2036 aequom,
921 1981 1122 2034 quoniam
1140 1980 1363 2033 occepisti,
1390 1978 1547 2031 eloqui.

674 2084 964 2127 Sceledrus

86 2156 215 2198 Forte
246 2157 422 2199 fortuna
455 2172 532 2212 per
562 2157 807 2212 inpluuium
837 2156 920 2199 huc
951 2156 1126 2211 despexi
1157 2156 1200 2198 in
1233 2169 1502 2210 proxumum,

87 2230 227 2284 Atque
274 2243 352 2282 ego
398 2230 460 2271 illi
508 2231 670 2284 aspicio
717 2230 987 2272 osculantem
1033 2229 1401 2271 Philocomasium
1447 2240 1543 2268 cum

1167 2301 1307 2343 altero
1478 2311 1546 2345 290

85 2373 241 2417 Nescio
259 2388 344 2429 quo
363 2374 656 2417 adulescente.

656 2477 819 2520 Palae
832 2478 971 2520 strio

606 2549 730 2599 Quod
750 2564 839 2604 ego,
858 2549 1073 2600 Sceledre,
1093 2549 1235 2592 scelus
1252 2562 1304 2590 ex
1322 2553 1364 2590 te
1384 2547 1543 2590 audio?

177 2674 281 2707 salist
307 2673 341 2707 B
434 2676 500 2708 232
526 2674 615 2708 nihil
641 2675 700 2708 hic
726 2674 771 2717 B,
797 2675 888 2708 nihil
914 2675 963 2708 bil
995 2675 1024 2710 C
1117 2674 1183 2708 283
1209 2672 1316 2707 Nesis
1341 2671 1376 2706 Β
1470 2672 1543 2705 for-

86 2735 201 2764 lasset
225 2729 260 2764 B
365 2737 528 2766 natumst
554 2732 613 2766 hic
636 2731 671 2766 B
774 2734 840 2766 234
867 2733 937 2766 scis
964 2732 1071 2765 solite
1097 2731 1161 2765 tihi
1261 2730 1327 2763 285
1353 2730 1445 2764 dixit
1469 2741 1544 2763 sev-

86 2797 166 2822 rere·
191 2786 227 2820 B
309 2787 402 2822 sciat
425 2788 461 2822 B
542 2790 608 2823 287
634 2793 796 2823 seutatus
821 2789 910 2823 mihi
937 2800 1091 2833 nequam
1114 2788 1148 2822 Β
1229 2789 1295 2822 289
1320 2788 1489 2831 despexit
1509 2785 1543 2820 B

175 2846 242 2880 290
267 2845 343 2878 illas,
370 2845 416 2890 B,
444 2846 518 2880 illio
545 2845 573 2880 C
663 2848 723 2881 291
752 2845 885 2882 Nescio
912 2846 1011 2890 quod
1036 2846 1069 2880 B
1163 2857 1259 2879 auno
1284 2844 1320 2879 B
