1963 3243
108 280 181 320 III.
209 282 240 320 2.
267 282 396 315 55—71
745 281 957 315 Pseudolus.
1543 284 1592 323 69

744 405 953 459 Coquos

436 478 645 521 ‘Dimissis
677 477 874 532 pedibus'
906 477 1024 519 uolui
1057 476 1231 530 dicere]

761 571 936 612 Ballio

108 645 150 687 Si
182 658 396 699 nusquam
429 648 595 686 coctum
628 644 676 694 is,
708 644 911 697 quidnam
945 647 1070 685 cenat
1101 642 1324 697 Iuppiter?

748 744 779 787 C
793 760 815 786 Ο
829 761 890 799 qu
903 759 926 787 Ο
939 760 956 787 S

110 819 146 860 It
177 820 404 860 incenatus
437 818 640 859 cubitum.

763 904 942 946 Ballio

705 976 723 1017 I
755 977 799 1018 in
831 976 989 1018 malam
1024 990 1208 1018 crucem.
1531 989 1597 1022 850

107 1050 293 1091 Istacine
327 1062 459 1091 causa
490 1049 570 1091 tibi
602 1048 728 1090 hodie
760 1063 980 1090 nummum
1014 1048 1157 1090 dabo?

744 1142 959 1197 Coquos

107 1215 265 1258 Fateor
297 1215 496 1270 equidem
529 1229 595 1256 me
627 1229 722 1257 esse
756 1229 937 1270 coquom
970 1216 1275 1267 carissumum;

106 1287 266 1330 Uerum
298 1301 376 1342 pro
408 1288 547 1341 pretio
578 1287 690 1329 facio
721 1292 769 1328 ut
801 1301 935 1341 opera
966 1287 1177 1341 adpareat

106 1360 202 1402 Mea
233 1374 317 1414 quo
350 1359 591 1402 conductus
624 1360 767 1400 uenio.

765 1453 942 1495 Ballio

841 1526 905 1567 Ad
936 1525 1165 1567 furandum
1197 1525 1382 1578 quidem.

751 1615 958 1670 Coquos

107 1690 171 1730 An
204 1694 251 1731 tu
284 1689 478 1731 inuenire
510 1688 706 1744 postulas
737 1702 998 1743 quemquam
1031 1702 1214 1744 coquom
1530 1700 1597 1733 855

108 1761 200 1803 Nisi
232 1761 420 1803 miluinis
452 1765 528 1803 aut
559 1760 762 1815 aquilinis
794 1761 996 1814 ungulis?

754 1863 943 1905 Ballio

108 1935 169 1975 An
202 1940 248 1976 tu
282 1936 560 1989 coquinatum
591 1939 634 1976 te
665 1935 729 1977 ire
761 1949 977 1989 quoquam
1008 1935 1220 1990 postulas,

108 2005 220 2056 Quin
253 2006 310 2048 ibi
346 2008 594 2048 constrictis
625 2007 795 2060 unguiis
827 2021 976 2048 cenam
1008 2007 1202 2061 coquas?

107 2077 230 2120 Nunc
262 2078 372 2120 adeo
404 2084 463 2129 tu,
496 2079 571 2132 qui
603 2093 723 2120 meus
756 2093 814 2131 es,
847 2080 932 2120 iam
965 2079 1088 2120 edico
1119 2079 1212 2129 tibi,

107 2148 164 2192 Ut
194 2155 344 2192 nostra
374 2164 580 2205 properes
615 2151 783 2192 amoliri
815 2150 914 2192 hino
945 2151 1101 2201 omnia,
1530 2161 1598 2195 860

107 2220 210 2263 Tum
243 2226 293 2263 ut
323 2222 450 2264 huius
481 2223 627 2264 oculos
658 2223 701 2264 in
735 2223 869 2265 oculis
900 2222 1063 2264 habeas
1094 2223 1193 2264 tuis.

107 2293 288 2348 Quoquo
320 2293 388 2335 hic
420 2294 649 2348 spectabit,
683 2308 733 2336 eo
765 2298 810 2336 tu
843 2298 1042 2348 spectato
1075 2293 1222 2345 simul;

109 2364 151 2407 Si
183 2379 267 2419 quo
299 2366 369 2408 hic
400 2367 636 2420 gradietur,
671 2367 834 2420 pariter
866 2370 909 2407 tec
941 2365 1282 2420 progredimino3

197 2518 263 2552 848
288 2516 326 2552 C.
352 2518 476 2561 quiam
503 2517 673 2552 demissis
699 2516 746 2559 Β,
776 2516 848 2550 BA.
876 2517 960 2560 quia
987 2515 1158 2550 demissis
1185 2514 1214 2549 C
1337 2513 1508 2548 manibus
1533 2512 1603 2548 BC

106 2574 173 2608 849
197 2580 357 2618 nuquam
385 2574 413 2610 C
526 2574 557 2608 is
583 2574 699 2608 coctis
726 2572 793 2607 BC
914 2573 982 2606 850
1007 2572 1050 2606 Id
1077 2571 1145 2606 BC
1258 2571 1269 2604 i
1296 2581 1362 2606 om.
1391 2570 1420 2606 Ο
1531 2571 1597 2604 853

108 2641 247 2675 oppera
270 2629 306 2665 Β
384 2632 451 2666 854
476 2631 556 2665 ueni
587 2629 653 2665 BC
734 2631 800 2663 855
825 2640 979 2673 coquam
1006 2628 1041 2662 B
1129 2629 1195 2663 856
1220 2626 1298 2662 Nisi
1325 2638 1390 2663 om.
1419 2625 1447 2661 C
1531 2628 1598 2661 857

107 2686 179 2721 BA.
208 2697 273 2723 om.
391 2688 661 2732 quoquinatum
687 2687 721 2720 A
835 2690 870 2720 te
896 2697 934 2719 re
960 2684 1029 2720 BC
1133 2686 1199 2719 858
1224 2695 1274 2728 sq.
1302 2682 1440 2726 Quin..
1459 2683 1596 2718 ..adeo

107 2753 172 2779 om.
202 2743 231 2779 G
336 2755 502 2789 quoquas
528 2744 563 2778 B
674 2744 740 2777 859
772 2747 828 2776 est
853 2742 1020 2776 amedico
1046 2741 1113 2776 BC
1225 2742 1292 2775 860
1317 2751 1494 2785 properas
1520 2750 1595 2773 am-

107 2800 227 2835 moliri
254 2802 378 2836 omnia.
402 2800 469 2835 Bc
570 2801 637 2835 862
661 2800 745 2834 huic
771 2798 807 2833 B
920 2799 1082 2843 spectaui
1111 2805 1146 2832 te
1173 2801 1238 2832 otu
1263 2796 1331 2831 BC
1445 2797 1512 2831 863
1536 2796 1596 2831 hic

108 2867 181 2900 quo
208 2856 236 2892 C
325 2863 365 2892 tu
390 2868 455 2892 om.
562 2856 825 2900 progredimini
853 2855 880 2890 C
1219 2882 1222 2884 v
