1963 3243
16 3135 31 3243 κῆν-
23 3087 26 3090 -

113 1029 279 1092 Poenuli
311 1058 580 1103 argumentum
621 1054 691 1091 hoc
730 1058 799 1091 est.
870 1054 994 1103 Lycus
1033 1054 1121 1091 leno
1155 1054 1352 1103 Calydone
1384 1057 1421 1093 in
1454 1057 1605 1094 AEtolia

111 1124 255 1173 degens
288 1122 384 1160 duas
416 1123 564 1171 puellas
597 1122 717 1158 habet
748 1122 1108 1170 Carthaginienses,
1156 1125 1318 1171 ingenue
1358 1129 1490 1171 natas,
1538 1126 1604 1163 sed

110 1192 275 1242 parvula
306 1195 422 1228 :etate
455 1205 533 1228 una
571 1204 655 1227 cum
701 1192 849 1227 nutrice
881 1195 1083 1240 surreptas
1117 1192 1270 1240 sibique
1303 1192 1341 1229 in
1374 1194 1603 1231 servitutem

110 1261 300 1299 venditas.
363 1259 508 1296 Earum
535 1261 719 1296 maiorem
744 1264 850 1305 natu,
884 1259 1179 1309 Adelphasium,
1213 1261 1488 1309 Agorastocles
1513 1261 1605 1299 ado-

110 1330 257 1367 lescens
288 1328 548 1377 Calydonius,
581 1328 790 1373 minorem,
823 1328 1115 1374 Anterastilem,
1151 1328 1262 1365 miles
1294 1330 1451 1378 quidam
1485 1334 1601 1367 amat.

109 1397 382 1448 Agorastocles
412 1401 452 1433 et
484 1398 565 1444 ipse
598 1397 755 1432 natione
788 1395 1122 1445 Carthaginiensis
1155 1401 1225 1442 est,
1258 1410 1325 1434 sex
1356 1402 1423 1435 aut
1453 1403 1602 1447 septem

111 1479 230 1504 annos
262 1470 378 1502 natus
411 1478 457 1501 ex
488 1465 617 1513 patria
648 1468 875 1513 surreptus;
917 1464 985 1501 sed
1027 1465 1091 1514 qui
1125 1478 1210 1501 eum
1242 1472 1401 1512 emerat,
1435 1467 1600 1504 Antida-

111 1548 190 1572 mas
221 1534 379 1572 AEtolus
411 1546 498 1570 eum
529 1537 666 1582 postea
707 1532 931 1582 adoptavit,
979 1533 1139 1582 vitaque
1177 1533 1330 1570 functus
1376 1547 1602 1583 magnarum

110 1602 336 1640 divitiarum
368 1601 553 1638 heredem
583 1601 686 1638 fecit.
761 1600 799 1638 Is
831 1601 983 1650 puellae,
1018 1615 1132 1650 quam
1166 1606 1290 1647 amat,
1338 1603 1411 1639 iam
1442 1602 1595 1653 pridem

109 1671 291 1721 promisit
321 1683 361 1706 se
393 1683 477 1707 eam
510 1669 779 1715 liberaturum,
811 1669 878 1706 sed
911 1669 1000 1706 leno
1033 1683 1174 1706 avarus
1198 1670 1272 1707 nisi
1299 1671 1449 1717 ingenti
1474 1672 1602 1720 pretio

110 1739 277 1777 vendere
308 1751 383 1775 non
415 1738 511 1774 vult.
574 1738 701 1784 Quare
733 1737 913 1787 Milphio,
943 1750 1079 1775 servus
1113 1737 1380 1784 adolescentis,
1421 1739 1601 1776 lenonem

110 1807 252 1844 callido
291 1806 452 1844 consilio
493 1807 772 1844 circumvenire
818 1810 936 1855 atque
976 1805 1072 1843 adeo
1102 1806 1269 1855 perdere
1301 1811 1483 1854 conatur,
1530 1821 1599 1845 nec

108 1875 225 1912 herus
256 1874 423 1920 dubitat,
457 1876 550 1923 quin
582 1874 768 1911 adversus
799 1874 976 1912 lenonem
1002 1875 1132 1912 omnia
1155 1887 1339 1912 concessa
1363 1877 1453 1912 sint.
1501 1875 1599 1913 Nam

107 1943 263 1980 vilicum
304 1956 415 1980 suum
454 1943 652 1991 peregrini
691 1943 826 1979 militis
866 1946 1006 1980 ornatu
1044 1956 1130 1980 cum
1170 1954 1310 1991 magna
1349 1945 1515 1994 pecunia
1552 1944 1602 1981 ad

109 2012 285 2049 lenonem
317 2012 459 2051 mittit.
503 2013 615 2060 quasi
650 2012 716 2060 qui
758 2011 812 2049 ibi
850 2011 1042 2060 voluptati
1081 2024 1160 2048 suae
1199 2011 1421 2049 satisfacere
1454 2012 1600 2061 cupiat.

110 2080 183 2126 Qui
213 2083 420 2130 postquam
461 2080 508 2117 ab
551 2093 595 2117 eo
636 2082 819 2128 receptus
860 2083 941 2126 est,
988 2079 1266 2129 Agorastocles
1299 2080 1475 2117 lenonem
1507 2093 1598 2117 con-

110 2150 217 2186 venit
256 2161 296 2185 se
335 2151 570 2198 comperisse
611 2160 773 2185 narrans
811 2160 965 2185 servum
1010 2161 1123 2185 suum
1169 2161 1253 2185 cum
1293 2149 1459 2198 pecunia
1495 2149 1601 2187 furto

109 2217 241 2254 ablata
278 2216 327 2254 ad
369 2230 454 2254 eum
495 2217 734 2266 confugisse3
780 2215 886 2265 quod
918 2229 1037 2266 quum
1068 2216 1213 2253 factum
1246 2229 1329 2253 esse
1361 2219 1495 2263 neget,
1544 2219 1600 2254 te·

109 2285 234 2322 stibus
273 2285 474 2323 advocatis
512 2297 574 2322 res
613 2283 887 2331 confirmatur,
936 2288 976 2321 et
1013 2286 1099 2321 leno
1139 2285 1235 2321 furti
1275 2283 1470 2321 manifesti
1511 2297 1600 2322 reus

110 2357 181 2390 est.
257 2352 378 2391 Simul
417 2353 522 2390 aliud
561 2354 596 2388 ei
634 2353 812 2389 imminet
860 2353 1088 2402 periculum.
1165 2342 1420 2401 Syncerastus
1465 2365 1599 2390 servus

110 2422 192 2459 eius
233 2421 390 2460 domino
431 2423 556 2458 iratus
594 2420 800 2470 Milphioni
840 2424 994 2468 narrat,
1041 2420 1322 2471 Adelphasium
1364 2424 1403 2458 et
1432 2420 1600 2457 Antera-

109 2490 239 2527 stilem
270 2492 459 2539 ingenuas
491 2502 587 2536 esse,
627 2493 671 2526 ut
711 2502 775 2525 eas
807 2489 1081 2536 Agorastocles
1111 2490 1151 2526 in
1181 2489 1404 2526 libertatem
1437 2492 1597 2526 asserat.

111 2557 305 2604 Quidum
345 2557 520 2604 dubitat,
567 2570 644 2606 qua
684 2557 837 2594 ratione
877 2557 965 2594 huic
1005 2557 1210 2594 assertioni
1248 2556 1364 2593 fidem
1404 2557 1597 2603 conciliet,

110 2630 332 2676 opportune
365 2626 505 2663 Hanno
537 2625 710 2670 Poenus,
757 2628 869 2675 pater
900 2637 1050 2671 earum,
1093 2625 1160 2673 qui
1201 2637 1272 2673 per
1303 2625 1447 2662 multos
1479 2638 1599 2663 annos

111 2706 174 2730 eas
213 2694 360 2743 ubique
401 2694 599 2743 quaesivit,
640 2692 875 2741 Calydonem
913 2693 1022 2730 venit
1052 2696 1091 2729 et
1121 2691 1169 2729 ab
1200 2693 1454 2741 Agorastocle
1483 2694 1596 2731 Anti-

111 2761 304 2799 damantis
351 2760 452 2807 filio,
507 2762 660 2811 quicum
707 2766 873 2809 paterno
919 2761 1090 2809 hospitio
1136 2763 1289 2798 iunctus
1335 2761 1480 2805 suerat,
1527 2774 1598 2811 pro

111 2833 252 2880 patruo
279 2831 517 2877 agnoscitur.
576 2829 674 2866 Huic
692 2829 819 2878 igitur
842 2830 1040 2878 negotium
1066 2827 1181 2865 (latur
1205 2829 1358 2877 puellas
1384 2829 1597 2877 asserendi,

1266 2904 1325 2937 19*
