1963 3243
783 209 823 243 v.
849 212 1042 247 vae—⁷86.
1569 217 1620 258 34
1626 218 1650 257 3

190 342 347 394 placeat
364 342 559 380 Bothiana
575 342 792 390 scriptura:
829 340 939 386 „Non
956 342 1024 379 ted
1042 342 1172 380 odisse
1190 342 1309 387 aibat,
1335 355 1471 380 uerum
1491 356 1653 382 uxorem

189 408 343 450 suam“.
387 411 478 449 Non
494 412 636 449 omisso
654 409 777 448 verbo
795 411 915 447 etiam
933 410 1027 449 alibi
1045 411 1256 459 invenitur,
1282 424 1315 449 v.
1342 411 1391 448 ad
1409 410 1529 448 Stich.
1551 413 1653 459 3943

188 483 322 518 tamen
361 481 491 517 nescio
531 492 580 516 an
619 482 724 516 recte
755 491 829 528 pro
862 477 1011 528 duplici
1047 476 1175 525 ‚,non“
1211 478 1257 516 R.
1293 477 1525 526 „Noenum“
1561 492 1653 528 pro-

188 549 380 600 posuerit.
413 567 463 572 —
491 549 571 585 754
606 546 648 584 R.
682 547 931 584 antecedenti
965 550 1202 598 anteposuit.
1252 547 1328 584 Pro
1359 547 1503 596 plurali
1536 549 1654 586 istaec

189 616 495 667 exspectabatur
525 615 748 666 singularis»,
779 615 847 653 sed
880 616 927 654 cf.
962 616 1055 654 786.
1090 617 1185 654 910.
1218 636 1271 641 ——
1306 618 1398 654 755.
1438 615 1512 660 „Et
1542 630 1652 654 suam

188 689 318 723 autem
342 683 530 723 uxorem“
553 685 597 722 R.
616 703 666 710 --
686 685 791 723 aibat
815 683 932 721 idem.
950 703 1006 709 -—-
1024 686 1117 723 757.
1136 684 1226 722 Nisa·
1252 686 1296 732 A,
1324 687 1347 722 i.
1377 699 1409 722 e.
1436 686 1512 722 nisi
1537 686 1651 732 forte,

186 752 255 792 sed
285 754 466 792 tortasse.
529 753 663 792 Goetz.
697 754 931 791 sententiam
964 753 1226 804 interruptam
1258 754 1439 804 putabat.
1499 753 1650 791 Camer.

190 816 342 869 „Num“
375 823 568 861 ediderat.
604 842 655 847 —
688 823 781 860 758.
815 822 890 860 Um
914 833 972 859 me
995 823 1187 870 experiri?
1208 835 1260 860 sc.
1287 824 1372 860 iure
1397 826 1467 860 aut
1494 823 1651 869 iudicio,

186 891 292 941 quod
325 892 522 929 interdum
554 891 729 936 additur,
760 904 794 927 v.
829 889 906 928 Cic.
939 904 978 941 p.
1010 890 1141 936 Quint.
1179 892 1242 937 11,
1277 892 1340 929 38.
1396 890 1510 929 Rosc.
1544 890 1650 930 Com.

186 960 223 1007 9,
257 961 322 1006 25,
355 959 554 998 interdum
587 961 799 1005 omittitur,
831 964 875 996 ut
905 958 1024 997 Poen.
1062 959 1180 998 1405.
1232 959 1311 998 Cic.
1343 972 1381 1009 p.
1415 959 1550 1006 Quint.
1588 962 1651 1007 16,

187 1029 250 1067 51.
291 1029 356 1076 21,
395 1030 460 1067 68.
502 1029 566 1076 23,
607 1030 658 1066 75
699 1029 747 1066 al.
782 1047 836 1053 ——
866 1027 965 1066 Nolo
995 1028 1042 1065 A.
1075 1047 1130 1053 —
1162 1028 1255 1066 759.
1286 1028 1371 1075 heu,
1403 1041 1436 1066 v.
1470 1029 1564 1066 653.
1596 1046 1651 1054 ——

187 1097 380 1135 762—67
426 1102 465 1134 et
509 1098 714 1135 sententiis
753 1101 792 1134 et
831 1096 964 1135 verbis
1003 1100 1084 1134 tam
1122 1097 1249 1147 inepti
1289 1096 1498 1143 videntur,
1544 1100 1590 1134 ut
1628 1110 1651 1135 a

183 1164 324 1204 Plauto
356 1166 525 1215 profecti
556 1179 640 1204 esse
671 1179 750 1203 non
781 1166 948 1216 possint.
994 1163 1132 1203 Goetz.
1166 1167 1250 1203 Act.
1284 1164 1392 1216 Lips.
1427 1165 1479 1203 Vl
1510 1180 1548 1216 p.
1570 1167 1649 1204 242

183 1239 240 1284 sq.
273 1239 362 1285 post
393 1249 428 1273 v.
464 1237 542 1273 755
583 1234 788 1285 ponendos
827 1234 1023 1282 censebat,
1066 1247 1143 1284 quo
1175 1234 1279 1272 sacto
1310 1235 1438 1273 turbae
1469 1248 1548 1272 non
1579 1237 1651 1273 mi·

183 1307 371 1341 nuuntur.
391 1322 445 1328 —
463 1305 544 1342 762
569 1317 627 1354 sq.
653 1303 790 1341 Goetz.
823 1303 953 1341 deleto
980 1300 1272 1351 „Incommodi“
1303 1303 1448 1342 edidit:
1479 1302 1546 1355 „Si
1576 1304 1651 1342 tibi

183 1371 285 1418 Quid
309 1385 419 1410 secus
445 1373 617 1410 euenit‘·.
639 1391 687 1397 —
709 1371 903 1410 Vitiosum
927 1375 988 1410 est
1003 1375 1061 1410 est
1073 1385 1147 1422 pro
1169 1372 1340 1419 „factum
1358 1370 1458 1409 est“.
1483 1392 1536 1397 —
1555 1373 1648 1410 764.

181 1441 358 1479 eradicas
371 1440 541 1488 Acidal.‚
566 1453 601 1479 v.
626 1441 675 1478 ad
692 1440 825 1478 Aulul.
855 1442 950 1479 292.
983 1440 1084 1478 Rud.
1114 1441 1234 1479 1333.
1260 1460 1314 1466 —
1341 1442 1434 1478 765.
1459 1440 1650 1488 Ambitur,

181 1508 290 1546 Trin.
331 1510 423 1548 580.
485 1509 643 1548 Trucul.
686 1510 787 1548 657:
833 1507 1028 1556 „Ibitur“.
1062 1529 1116 1535 —-
1151 1510 1243 1547 766.
1276 1509 1490 1558 Drachma,
1532 1510 1652 1548 solita

181 1591 397 1627 coquorum
429 1579 651 1628 vulgarium
684 1591 843 1626 merces,
875 1578 1016 1616 Pseud.
1050 1579 1146 1616 812.
1181 1597 1235 1604 —-
1268 1579 1361 1616 767.
1387 1582 1560 1628 ponwnt,
1592 1592 1645 1617 sc.

180 1647 357 1696 opsonia,
389 1660 425 1685 v.
461 1647 539 1686 768
572 1661 628 1697 sq.
663 1666 716 1672 —
749 1648 843 1685 770.
875 1658 988 1693 uasa,
1015 1647 1157 1697 quibus
1182 1648 1350 1696 opsonia
1374 1652 1646 1698 portaverant.

179 1734 234 1740 —
264 1726 362 1753 mox.
409 1715 526 1754 Both.
562 1712 703 1763 „nox“,
735 1719 781 1752 ut
810 1716 921 1754 Asin.
956 1717 1048 1754 590.
1080 1735 1136 1740 —
1169 1717 1261 1753 771.
1295 1715 1566 1765 Sequiminin?
1605 1715 1646 1764 G,

179 1783 287 1832 quod
325 1784 483 1834 praetuli
523 1789 568 1822 ut
606 1786 734 1823 minus
765 1786 978 1833 usitatum;
1016 1786 1056 1822 in
1088 1785 1122 1821 A
1155 1784 1251 1835 quid
1282 1785 1413 1832 fuerit,
1445 1799 1526 1823 non
1557 1799 1647 1823 con—

179 1856 279 1900 stan
317 1852 498 1891 Studem:
549 1850 862 1903 „sequiminei?“
896 1873 952 1878 —
981 1853 1167 1892 Fortasse
1205 1851 1313 1902 apud
1345 1853 1529 1892 Plautum
1560 1867 1647 1892 cum

179 1935 304 1959 accus.
338 1935 369 1960 c.
399 1923 465 1960 inf.
499 1923 698 1972 iungitur,
739 1937 776 1960 v.
809 1922 859 1960 ad
890 1923 1033 1973 Amph.
1068 1923 1164 1960 615.
1225 1922 1371 1960 Versus
1403 1935 1519 1960 causa
1553 1920 1642 1971 „te“

179 1989 253 2028 del.
285 1989 464 2038 Guietus,
496 1994 542 2029 ut
572 1991 641 2029 illo
672 1991 758 2028 loco
790 1995 830 2028 et
861 1990 978 2029 Poen.
1017 1992 1137 2029 1001.
1174 2011 1225 2016 —
1258 1992 1351 2029 722.
1385 1991 1425 2029 id
1453 1992 1549 2040 quid
1577 1994 1644 2037 est,

177 2061 203 2096 i.
222 2073 253 2097 e.
286 2059 382 2109 quid
412 2061 476 2107 sit,
509 2061 555 2098 cf.
590 2073 712 2110 supra
730 2060 824 2098 620.
843 2058 888 2097 R.
920 2059 1041 2110 „quid
1073 2054 1158 2098 est“
1186 2060 1262 2107 ed.,
1289 2060 1425 2098 Goetz.
1447 2060 1514 2108 „id
1539 2061 1646 2110 quod

179 2127 279 2166 esst.
311 2147 366 2153 --
399 2130 493 2167 775.
534 2129 795 2176 obductarc'er,
835 2129 884 2166 ob
924 2128 1057 2170 oculos
1096 2128 1257 2175 adduci,
1297 2133 1342 2166 ut
1374 2132 1433 2167 est
1464 2129 1560 2167 912.
1593 2148 1642 2154 --

178 2198 274 2234 777.
304 2197 383 2236 huc
413 2197 504 2236 add.
537 2196 645 2235 Cam.

292 2267 385 2304 780.
417 2277 506 2305 cum
535 2266 615 2313 illa,
648 2279 700 2304 sc.
734 2267 791 2303 rei
821 2265 1017 2304 habuisse.
1079 2265 1308 2304 Orationem
1341 2265 1557 2316 abrumpit.
1591 2285 1645 2291 ·--

178 2335 271 2373 781.
306 2335 408 2383 haec,
451 2348 571 2382 uxor3
611 2349 657 2373 ea
694 2347 850 2384 quoque
891 2333 988 2372 abit.
1020 2353 1077 2359 -·
1121 2335 1213 2372 782.
1250 2334 1439 2383 perduint
1475 2333 1557 2383 Pyl.
1590 2353 1644 2359 —

179 2404 271 2441 783.
319 2404 415 2442 Post
461 2407 530 2442 tua
574 2404 725 2453 hiatus,
763 2417 799 2441 v.
837 2403 993 2453 Proleg.
1035 2416 1074 2452 p.
1115 2404 1210 2453 224..
1250 2423 1304 2428 -
1345 2403 1437 2440 784.
1484 2402 1645 2452 „Suspi-

176 2469 354 2510 cionum“
398 2473 531 2511 Goetz.
570 2485 656 2510 cum
688 2471 832 2510 Dousa.
865 2491 920 2496 —
951 2473 1044 2510 785.
1077 2472 1224 2510 Versus
1256 2475 1479 2521 corruptus.
1514 2471 1643 2518 Cam.;

181 2540 387 2587 „Concinit
428 2541 578 2580 hostes:
627 2541 737 2578 domi·
772 2554 874 2578 uxor
914 2545 974 2579 est
1012 2538 1255 2578 acerruma“.
1318 2540 1384 2579 R.:
1436 2539 1645 2588 „Concinit

174 2609 328 2647 hostem
375 2610 483 2648 domi
528 2611 580 2648 mi
624 2623 787 2648 uxorem
831 2607 1117 2648 acerrumam“.
1188 2609 1370 2647 Mueller.
1419 2609 1643 2657 eleganter:

179 2677 384 2724 „Conciuit
422 2679 502 2716 litis
533 2678 630 2716 mihi
661 2691 747 2716 cum
780 2690 902 2715 uxore
935 2676 1199 2716 acerrumas“.
1260 2677 1388 2715 Num:
1436 2676 1642 2724 „Concinit

175 2745 298 2784 hostis
331 2747 435 2784 domi
467 2746 562 2784 mihi
594 2750 711 2796 atque
742 2745 1026 2784 acerrumos“‘?
1057 2766 1110 2772 —-
1145 2747 1238 2784 786.
1272 2745 1416 2783 Hiatus
1447 2749 1540 2783 ante
1571 2759 1637 2784 ex-

175 2819 342 2852 tremum
375 2816 582 2862 creticum3
621 2815 666 2853 R.
699 2819 852 2865 transp.
889 2814 1151 2866 „Demiphoni
1182 2811 1318 2852 haec“.
1355 2832 1403 2838 —
1440 2814 1519 2851 789
1553 2827 1636 2864 sqq.
