<?xml version="1.0" encoding="UTF-8"?>
<!DOCTYPE html PUBLIC "-//W3C//DTD XHTML 1.0 Transitional//EN"
    "http://www.w3.org/TR/xhtml1/DTD/xhtml1-transitional.dtd">
<html xmlns="http://www.w3.org/1999/xhtml" xml:lang="en" lang="en">
 <head>
  <title>
</title>
<meta http-equiv="Content-Type" content="text/html;charset=utf-8" />
  <meta name='ocr-system' content='tesseract 3.04.00' />
  <meta name='ocr-capabilities' content='ocr_page ocr_carea ocr_par ocr_line ocrx_word'/>
</head>
<body>
  <div class='ocr_page' id='page_1' title='image "./comoediaerecensu04plauuoft_0167.png"; bbox 0 0 1963 3243; ppageno 0'>
   <div class='ocr_carea' id='block_1_1' title="bbox 0 1915 113 3243">
    <p class='ocr_par' dir='ltr' id='par_1_1' title="bbox 0 1915 113 3243">
     <span class='ocr_line' id='line_1_1' title="bbox 0 1915 113 3243; baseline 0 0"><span class='ocrx_word' id='word_1_1' title='bbox 0 1915 113 3243; x_wconf 95' lang='lat' dir='ltr'> </span> 
     </span>
    </p>
   </div>
   <div class='ocr_carea' id='block_1_2' title="bbox 102 202 1561 246">
    <p class='ocr_par' dir='ltr' id='par_1_2' title="bbox 102 202 1561 246">
     <span class='ocr_line' id='line_1_2' title="bbox 102 202 1561 246; baseline -0.001 -7"><span class='ocrx_word' id='word_1_2' title='bbox 102 203 151 246; x_wconf 83' lang='lat'>11,</span> <span class='ocrx_word' id='word_1_3' title='bbox 176 204 208 246; x_wconf 83' lang='grc'>8,</span> <span class='ocrx_word' id='word_1_4' title='bbox 233 204 370 238; x_wconf 81' lang='grc'>69-83</span> <span class='ocrx_word' id='word_1_5' title='bbox 734 202 936 236; x_wconf 74' lang='lat' dir='ltr'>Mercator.</span> <span class='ocrx_word' id='word_1_6' title='bbox 1490 205 1561 242; x_wconf 78' lang='grc'>16]</span> 
     </span>
    </p>
   </div>
   <div class='ocr_carea' id='block_1_3' title="bbox 104 328 1568 456">
    <p class='ocr_par' dir='ltr' id='par_1_3' title="bbox 104 328 1568 456">
     <span class='ocr_line' id='line_1_3' title="bbox 104 328 1568 384; baseline -0.001 -13"><span class='ocrx_word' id='word_1_7' title='bbox 104 330 254 384; x_wconf 83' lang='lat' dir='ltr'>Neque</span> <span class='ocrx_word' id='word_1_8' title='bbox 281 329 356 370; x_wconf 86' lang='lat' dir='ltr'>illa</span> <span class='ocrx_word' id='word_1_9' title='bbox 380 335 562 371; x_wconf 85' lang='lat' dir='ltr'>matrem</span> <span class='ocrx_word' id='word_1_10' title='bbox 591 330 699 370; x_wconf 83' lang='lat' dir='ltr'>satis</span> <span class='ocrx_word' id='word_1_11' title='bbox 726 328 906 369; x_wconf 55' lang='lat' dir='ltr'>honesto</span> <span class='ocrx_word' id='word_1_12' title='bbox 933 334 1052 369; x_wconf 85' lang='lat' dir='ltr'>tuam</span> <span class='ocrx_word' id='word_1_13' title='bbox 1081 330 1203 382; x_wconf 80' lang='lat' dir='ltr'>sequi</span> <span class='ocrx_word' id='word_1_14' title='bbox 1233 330 1394 382; x_wconf 80' lang='lat' dir='ltr'>poterit</span> <span class='ocrx_word' id='word_1_15' title='bbox 1412 343 1568 381; x_wconf 73' lang='lat' dir='ltr'>comos,</span> 
     </span>
     <span class='ocr_line' id='line_1_4' title="bbox 104 401 438 456; baseline -0.003 -13"><span class='ocrx_word' id='word_1_16' title='bbox 104 401 253 456; x_wconf 77' lang='lat' dir='ltr'>Neque</span> <span class='ocrx_word' id='word_1_17' title='bbox 286 403 438 442; x_wconf 76' lang='lat' dir='ltr'>sinam.</span> 
     </span>
    </p>
   </div>
   <div class='ocr_carea' id='block_1_4' title="bbox 513 479 975 604">
    <p class='ocr_par' dir='ltr' id='par_1_4' title="bbox 513 479 975 604">
     <span class='ocr_line' id='line_1_5' title="bbox 706 479 975 522; baseline 0.004 -1"><span class='ocrx_word' id='word_1_18' title='bbox 706 479 975 522; x_wconf 87' lang='lat' dir='ltr'>Charinus</span> 
     </span>
     <span class='ocr_line' id='line_1_6' title="bbox 513 553 761 604; baseline 0.004 -10"><span class='ocrx_word' id='word_1_19' title='bbox 513 553 594 604; x_wconf 85' lang='lat' dir='ltr'>Qui</span> <span class='ocrx_word' id='word_1_20' title='bbox 629 554 761 595; x_wconf 83' lang='lat' dir='ltr'>uero‘?</span> 
     </span>
    </p>
   </div>
   <div class='ocr_carea' id='block_1_5' title="bbox 106 679 1573 1539">
    <p class='ocr_par' dir='ltr' id='par_1_5' title="bbox 106 679 1573 1539">
     <span class='ocr_line' id='line_1_7' title="bbox 707 679 965 732; baseline 0.004 -13"><span class='ocrx_word' id='word_1_21' title='bbox 707 679 965 732; x_wconf 86' lang='lat' dir='ltr'>Demipho</span> 
     </span>
     <span class='ocr_line' id='line_1_8' title="bbox 746 749 1570 800; baseline 0 -8"><span class='ocrx_word' id='word_1_22' title='bbox 746 750 858 800; x_wconf 88' lang='lat' dir='ltr'>Quia</span> <span class='ocrx_word' id='word_1_23' title='bbox 888 751 965 792; x_wconf 90' lang='lat' dir='ltr'>illa</span> <span class='ocrx_word' id='word_1_24' title='bbox 996 751 1136 793; x_wconf 90' lang='lat' dir='ltr'>forma</span> <span class='ocrx_word' id='word_1_25' title='bbox 1167 755 1350 793; x_wconf 88' lang='lat' dir='ltr'>matrem</span> <span class='ocrx_word' id='word_1_26' title='bbox 1382 749 1570 792; x_wconf 83' lang='lat' dir='ltr'><strong>familias</strong></span> 
     </span>
     <span class='ocr_line' id='line_1_9' title="bbox 107 824 1572 879; baseline 0.001 -12"><span class='ocrx_word' id='word_1_27' title='bbox 107 825 337 877; x_wconf 77' lang='lat' dir='ltr'>Flagitium</span> <span class='ocrx_word' id='word_1_28' title='bbox 370 826 428 866; x_wconf 84' lang='lat' dir='ltr'>sit</span> <span class='ocrx_word' id='word_1_29' title='bbox 458 825 493 866; x_wconf 87' lang='lat' dir='ltr'>si</span> <span class='ocrx_word' id='word_1_30' title='bbox 526 829 747 879; x_wconf 86' lang='lat' dir='ltr'>sequatur.</span> <span class='ocrx_word' id='word_1_31' title='bbox 810 824 993 874; x_wconf 83' lang='lat' dir='ltr'>Quando</span> <span class='ocrx_word' id='word_1_32' title='bbox 1025 824 1201 866; x_wconf 80' lang='lat' dir='ltr'>incedat</span> <span class='ocrx_word' id='word_1_33' title='bbox 1233 839 1308 879; x_wconf 87' lang='lat' dir='ltr'>per</span> <span class='ocrx_word' id='word_1_34' title='bbox 1340 825 1446 876; x_wconf 81' lang='lat' dir='ltr'>uias,</span> <span class='ocrx_word' id='word_1_35' title='bbox 1505 836 1572 869; x_wconf 87' lang='lat'>400</span> 
     </span>
     <span class='ocr_line' id='line_1_10' title="bbox 106 896 1569 951; baseline -0.001 -11"><span class='ocrx_word' id='word_1_36' title='bbox 106 896 424 951; x_wconf 86' lang='lat' dir='ltr'>Contemplent,</span> <span class='ocrx_word' id='word_1_37' title='bbox 457 897 732 950; x_wconf 85' lang='lat' dir='ltr'>conspiciant</span> <span class='ocrx_word' id='word_1_38' title='bbox 764 911 926 945; x_wconf 87' lang='lat' dir='ltr'>omnes,</span> <span class='ocrx_word' id='word_1_39' title='bbox 964 902 1132 942; x_wconf 82' lang='lat' dir='ltr'>nutent,</span> <span class='ocrx_word' id='word_1_40' title='bbox 1165 897 1345 947; x_wconf 87' lang='lat' dir='ltr'>nictent,</span> <span class='ocrx_word' id='word_1_41' title='bbox 1379 896 1569 947; x_wconf 85' lang='lat' dir='ltr'>sibilent,</span> 
     </span>
     <span class='ocr_line' id='line_1_11' title="bbox 109 969 1366 1021; baseline -0.001 -10"><span class='ocrx_word' id='word_1_42' title='bbox 109 969 336 1021; x_wconf 86' lang='lat' dir='ltr'>Uellicent‚</span> <span class='ocrx_word' id='word_1_43' title='bbox 368 974 541 1014; x_wconf 84' lang='lat' dir='ltr'>uocent.</span> <span class='ocrx_word' id='word_1_44' title='bbox 576 969 749 1011; x_wconf 87' lang='lat' dir='ltr'>molesti</span> <span class='ocrx_word' id='word_1_45' title='bbox 781 970 889 1020; x_wconf 88' lang='lat' dir='ltr'>sint;</span> <span class='ocrx_word' id='word_1_46' title='bbox 922 973 1152 1011; x_wconf 89' lang='lat' dir='ltr'>occentent</span> <span class='ocrx_word' id='word_1_47' title='bbox 1184 969 1366 1020; x_wconf 82' lang='lat' dir='ltr'>ostium3</span> 
     </span>
     <span class='ocr_line' id='line_1_12' title="bbox 106 1041 1261 1098; baseline -0.001 -14"><span class='ocrx_word' id='word_1_48' title='bbox 106 1042 365 1098; x_wconf 91' lang='lat' dir='ltr'>Inpleantur</span> <span class='ocrx_word' id='word_1_49' title='bbox 397 1042 638 1095; x_wconf 83' lang='lat' dir='ltr'>elogiorum</span> <span class='ocrx_word' id='word_1_50' title='bbox 671 1056 792 1084; x_wconf 90' lang='lat' dir='ltr'>meae</span> <span class='ocrx_word' id='word_1_51' title='bbox 824 1042 941 1083; x_wconf 82' lang='lat' dir='ltr'>fores</span> <span class='ocrx_word' id='word_1_52' title='bbox 974 1041 1261 1093; x_wconf 82' lang='lat' dir='ltr'>carbonibus3</span> 
     </span>
     <span class='ocr_line' id='line_1_13' title="bbox 109 1114 1500 1170; baseline -0.002 -13"><span class='ocrx_word' id='word_1_53' title='bbox 109 1116 248 1170; x_wconf 83' lang='lat' dir='ltr'>Atque</span> <span class='ocrx_word' id='word_1_54' title='bbox 281 1120 329 1156; x_wconf 88' lang='lat' dir='ltr'>ut</span> <span class='ocrx_word' id='word_1_55' title='bbox 360 1128 473 1156; x_wconf 88' lang='lat' dir='ltr'>nunc</span> <span class='ocrx_word' id='word_1_56' title='bbox 505 1120 605 1156; x_wconf 87' lang='lat' dir='ltr'>sunt</span> <span class='ocrx_word' id='word_1_57' title='bbox 637 1115 948 1156; x_wconf 89' lang='lat' dir='ltr'>maledicentes</span> <span class='ocrx_word' id='word_1_58' title='bbox 981 1114 1190 1165; x_wconf 84' lang='lat' dir='ltr'>homines,</span> <span class='ocrx_word' id='word_1_59' title='bbox 1224 1114 1346 1155; x_wconf 83' lang='lat' dir='ltr'>uxori</span> <span class='ocrx_word' id='word_1_60' title='bbox 1379 1128 1500 1156; x_wconf 87' lang='lat' dir='ltr'>meae</span> 
     </span>
     <span class='ocr_line' id='line_1_14' title="bbox 107 1184 1573 1242; baseline -0.001 -12"><span class='ocrx_word' id='word_1_61' title='bbox 107 1187 301 1242; x_wconf 85' lang='lat' dir='ltr'>Mihique</span> <span class='ocrx_word' id='word_1_62' title='bbox 347 1187 568 1229; x_wconf 86' lang='lat' dir='ltr'>obiectent</span> <span class='ocrx_word' id='word_1_63' title='bbox 617 1184 874 1230; x_wconf 84' lang='lat' dir='ltr'>lenocinium</span> <span class='ocrx_word' id='word_1_64' title='bbox 922 1187 1079 1229; x_wconf 88' lang='lat' dir='ltr'>facere.</span> <span class='ocrx_word' id='word_1_65' title='bbox 1169 1186 1279 1229; x_wconf 85' lang='lat' dir='ltr'>Nam</span> <span class='ocrx_word' id='word_1_66' title='bbox 1326 1187 1429 1242; x_wconf 90' lang='lat' dir='ltr'>quid</span> <span class='ocrx_word' id='word_1_67' title='bbox 1478 1192 1573 1229; x_wconf 86' lang='lat' dir='ltr'>eost</span> 
     </span>
     <span class='ocr_line' id='line_1_15' title="bbox 1198 1259 1573 1313; baseline 0.003 -12"><span class='ocrx_word' id='word_1_68' title='bbox 1198 1259 1336 1313; x_wconf 84' lang='lat' dir='ltr'>opus?</span> <span class='ocrx_word' id='word_1_69' title='bbox 1506 1270 1573 1304; x_wconf 87' lang='lat'>405</span> 
     </span>
     <span class='ocr_line' id='line_1_16' title="bbox 707 1338 978 1381; baseline 0.004 -1"><span class='ocrx_word' id='word_1_70' title='bbox 707 1338 978 1381; x_wconf 88' lang='lat' dir='ltr'>Charinus</span> 
     </span>
     <span class='ocr_line' id='line_1_17' title="bbox 109 1412 1428 1466; baseline -0.002 -12"><span class='ocrx_word' id='word_1_71' title='bbox 109 1412 262 1454; x_wconf 82' lang='lat' dir='ltr'>Hercle</span> <span class='ocrx_word' id='word_1_72' title='bbox 295 1413 368 1466; x_wconf 92' lang='lat' dir='ltr'>qui</span> <span class='ocrx_word' id='word_1_73' title='bbox 400 1418 447 1453; x_wconf 89' lang='lat' dir='ltr'>tu</span> <span class='ocrx_word' id='word_1_74' title='bbox 481 1418 598 1454; x_wconf 89' lang='lat' dir='ltr'>recte</span> <span class='ocrx_word' id='word_1_75' title='bbox 631 1412 752 1462; x_wconf 75' lang='lat' dir='ltr'>dicis,</span> <span class='ocrx_word' id='word_1_76' title='bbox 786 1418 830 1454; x_wconf 87' lang='lat' dir='ltr'>et</span> <span class='ocrx_word' id='word_1_77' title='bbox 861 1412 941 1454; x_wconf 86' lang='lat' dir='ltr'>tibi</span> <span class='ocrx_word' id='word_1_78' title='bbox 974 1413 1162 1466; x_wconf 80' lang='lat' dir='ltr'>equidem</span> <span class='ocrx_word' id='word_1_79' title='bbox 1192 1413 1428 1454; x_wconf 89' lang='lat' dir='ltr'>adsentior.</span> 
     </span>
     <span class='ocr_line' id='line_1_18' title="bbox 109 1484 716 1539; baseline -0.002 -12"><span class='ocrx_word' id='word_1_80' title='bbox 109 1485 191 1527; x_wconf 89' lang='lat' dir='ltr'>Sed</span> <span class='ocrx_word' id='word_1_81' title='bbox 223 1485 326 1539; x_wconf 88' lang='lat' dir='ltr'>quid</span> <span class='ocrx_word' id='word_1_82' title='bbox 359 1485 435 1526; x_wconf 87' lang='lat' dir='ltr'>illa</span> <span class='ocrx_word' id='word_1_83' title='bbox 466 1499 580 1526; x_wconf 92' lang='lat' dir='ltr'>nunc</span> <span class='ocrx_word' id='word_1_84' title='bbox 611 1484 716 1526; x_wconf 83' lang='lat' dir='ltr'>fiet?</span> 
     </span>
    </p>
   </div>
   <div class='ocr_carea' id='block_1_6' title="bbox 109 1610 1576 2099">
    <p class='ocr_par' dir='ltr' id='par_1_6' title="bbox 109 1610 1576 2099">
     <span class='ocr_line' id='line_1_19' title="bbox 709 1610 969 1665; baseline 0 -13"><span class='ocrx_word' id='word_1_85' title='bbox 709 1610 969 1665; x_wconf 91' lang='lat' dir='ltr'>Demipho</span> 
     </span>
     <span class='ocr_line' id='line_1_20' title="bbox 768 1684 1516 1736; baseline 0 -12"><span class='ocrx_word' id='word_1_86' title='bbox 768 1684 924 1734; x_wconf 80' lang='lat' dir='ltr'>Recte3</span> <span class='ocrx_word' id='word_1_87' title='bbox 957 1696 1036 1736; x_wconf 86' lang='lat' dir='ltr'>ego</span> <span class='ocrx_word' id='word_1_88' title='bbox 1071 1697 1215 1724; x_wconf 86' lang='lat' dir='ltr'>emero</span> <span class='ocrx_word' id='word_1_89' title='bbox 1249 1685 1380 1724; x_wconf 83' lang='lat' dir='ltr'>matri</span> <span class='ocrx_word' id='word_1_90' title='bbox 1413 1687 1516 1724; x_wconf 87' lang='lat' dir='ltr'>tuae</span> 
     </span>
     <span class='ocr_line' id='line_1_21' title="bbox 109 1755 1477 1810; baseline -0.001 -13"><span class='ocrx_word' id='word_1_91' title='bbox 109 1755 316 1797; x_wconf 86' lang='lat' dir='ltr'>Ancillam</span> <span class='ocrx_word' id='word_1_92' title='bbox 351 1756 592 1807; x_wconf 85' lang='lat' dir='ltr'>uiraginem</span> <span class='ocrx_word' id='word_1_93' title='bbox 626 1755 820 1810; x_wconf 86' lang='lat' dir='ltr'>aliquam</span> <span class='ocrx_word' id='word_1_94' title='bbox 852 1770 935 1798; x_wconf 90' lang='lat' dir='ltr'>non</span> <span class='ocrx_word' id='word_1_95' title='bbox 972 1755 1145 1805; x_wconf 81' lang='lat' dir='ltr'>malam,</span> <span class='ocrx_word' id='word_1_96' title='bbox 1179 1756 1318 1797; x_wconf 89' lang='lat' dir='ltr'>forma</span> <span class='ocrx_word' id='word_1_97' title='bbox 1349 1755 1477 1806; x_wconf 89' lang='lat' dir='ltr'>mala,</span> 
     </span>
     <span class='ocr_line' id='line_1_22' title="bbox 110 1826 1537 1882; baseline 0 -14"><span class='ocrx_word' id='word_1_98' title='bbox 110 1826 168 1869; x_wconf 92' lang='lat' dir='ltr'>Ut</span> <span class='ocrx_word' id='word_1_99' title='bbox 197 1832 378 1868; x_wconf 86' lang='lat' dir='ltr'>matrem</span> <span class='ocrx_word' id='word_1_100' title='bbox 411 1827 597 1869; x_wconf 89' lang='lat' dir='ltr'>addecet</span> <span class='ocrx_word' id='word_1_101' title='bbox 626 1827 826 1877; x_wconf 80' lang='lat' dir='ltr'>familias,</span> <span class='ocrx_word' id='word_1_102' title='bbox 859 1833 937 1869; x_wconf 89' lang='lat' dir='ltr'>aut</span> <span class='ocrx_word' id='word_1_103' title='bbox 968 1828 1118 1882; x_wconf 86' lang='lat' dir='ltr'>Syram</span> <span class='ocrx_word' id='word_1_104' title='bbox 1150 1835 1224 1869; x_wconf 89' lang='lat' dir='ltr'>aut</span> <span class='ocrx_word' id='word_1_105' title='bbox 1258 1828 1537 1882; x_wconf 84' lang='lat' dir='ltr'>Aegyptiam;</span> 
     </span>
     <span class='ocr_line' id='line_1_23' title="bbox 111 1899 1576 1954; baseline 0.002 -13"><span class='ocrx_word' id='word_1_106' title='bbox 111 1900 172 1941; x_wconf 85' lang='lat' dir='ltr'>Ea</span> <span class='ocrx_word' id='word_1_107' title='bbox 204 1900 347 1944; x_wconf 81' lang='lat' dir='ltr'>molet.</span> <span class='ocrx_word' id='word_1_108' title='bbox 382 1905 552 1952; x_wconf 81' lang='lat' dir='ltr'>coquet,</span> <span class='ocrx_word' id='word_1_109' title='bbox 588 1900 789 1942; x_wconf 89' lang='lat' dir='ltr'>conficiet</span> <span class='ocrx_word' id='word_1_110' title='bbox 820 1901 1006 1954; x_wconf 86' lang='lat' dir='ltr'>pinsum,</span> <span class='ocrx_word' id='word_1_111' title='bbox 1042 1901 1242 1954; x_wconf 85' lang='lat' dir='ltr'>pinsetur</span> <span class='ocrx_word' id='word_1_112' title='bbox 1272 1899 1420 1954; x_wconf 85' lang='lat' dir='ltr'>flagro,</span> <span class='ocrx_word' id='word_1_113' title='bbox 1508 1911 1576 1944; x_wconf 90' lang='lat'>410</span> 
     </span>
     <span class='ocr_line' id='line_1_24' title="bbox 110 1971 1575 2027; baseline 0 -14"><span class='ocrx_word' id='word_1_114' title='bbox 110 1971 258 2026; x_wconf 89' lang='lat' dir='ltr'>Neque</span> <span class='ocrx_word' id='word_1_115' title='bbox 314 1978 492 2026; x_wconf 80' lang='lat' dir='ltr'>propter</span> <span class='ocrx_word' id='word_1_116' title='bbox 545 1986 639 2014; x_wconf 88' lang='lat' dir='ltr'>eam</span> <span class='ocrx_word' id='word_1_117' title='bbox 692 1973 931 2027; x_wconf 87' lang='lat' dir='ltr'>quidquam</span> <span class='ocrx_word' id='word_1_118' title='bbox 982 1974 1154 2015; x_wconf 86' lang='lat' dir='ltr'>eueniet</span> <span class='ocrx_word' id='word_1_119' title='bbox 1199 1974 1363 2015; x_wconf 87' lang='lat' dir='ltr'>nostris</span> <span class='ocrx_word' id='word_1_120' title='bbox 1408 1972 1575 2014; x_wconf 86' lang='lat' dir='ltr'>foribus</span> 
     </span>
     <span class='ocr_line' id='line_1_25' title="bbox 1202 2045 1351 2099; baseline -0.007 -12"><span class='ocrx_word' id='word_1_121' title='bbox 1202 2045 1351 2099; x_wconf 85' lang='lat' dir='ltr'>flagiti.</span> 
     </span>
    </p>
   </div>
   <div class='ocr_carea' id='block_1_7' title="bbox 113 2149 1259 2276">
    <p class='ocr_par' dir='ltr' id='par_1_7' title="bbox 113 2149 1259 2276">
     <span class='ocr_line' id='line_1_26' title="bbox 710 2149 980 2191; baseline 0 0"><span class='ocrx_word' id='word_1_122' title='bbox 710 2149 980 2191; x_wconf 84' lang='lat' dir='ltr'>Charinus</span> 
     </span>
     <span class='ocr_line' id='line_1_27' title="bbox 113 2218 1259 2276; baseline 0.002 -15"><span class='ocrx_word' id='word_1_123' title='bbox 113 2218 223 2269; x_wconf 88' lang='lat' dir='ltr'>Quid</span> <span class='ocrx_word' id='word_1_124' title='bbox 255 2221 290 2262; x_wconf 92' lang='lat' dir='ltr'>si</span> <span class='ocrx_word' id='word_1_125' title='bbox 322 2221 455 2273; x_wconf 81' lang='lat' dir='ltr'>igitur</span> <span class='ocrx_word' id='word_1_126' title='bbox 485 2220 694 2262; x_wconf 87' lang='lat' dir='ltr'>reddatur</span> <span class='ocrx_word' id='word_1_127' title='bbox 725 2221 802 2271; x_wconf 83' lang='lat' dir='ltr'>illi,</span> <span class='ocrx_word' id='word_1_128' title='bbox 836 2222 950 2262; x_wconf 89' lang='lat' dir='ltr'>unde</span> <span class='ocrx_word' id='word_1_129' title='bbox 983 2227 1130 2276; x_wconf 82' lang='lat' dir='ltr'>empta</span> <span class='ocrx_word' id='word_1_130' title='bbox 1162 2226 1259 2263; x_wconf 70' lang='lat' dir='ltr'>est?</span> 
     </span>
    </p>
   </div>
   <div class='ocr_carea' id='block_1_8' title="bbox 716 2347 1575 2473">
    <p class='ocr_par' dir='ltr' id='par_1_8' title="bbox 716 2347 1575 2473">
     <span class='ocr_line' id='line_1_28' title="bbox 716 2347 971 2402; baseline 0 -14"><span class='ocrx_word' id='word_1_131' title='bbox 716 2348 749 2388; x_wconf 84' lang='lat' dir='ltr'>D</span> <span class='ocrx_word' id='word_1_132' title='bbox 762 2362 782 2388; x_wconf 89' lang='lat' dir='ltr'>e</span> <span class='ocrx_word' id='word_1_133' title='bbox 795 2349 856 2388; x_wconf 92' lang='lat' dir='ltr'>mi</span> <span class='ocrx_word' id='word_1_134' title='bbox 870 2363 896 2402; x_wconf 91' lang='lat' dir='ltr'>p</span> <span class='ocrx_word' id='word_1_135' title='bbox 909 2347 935 2388; x_wconf 92' lang='lat' dir='ltr'>h</span> <span class='ocrx_word' id='word_1_136' title='bbox 948 2361 971 2388; x_wconf 95' lang='lat' dir='ltr'>o</span> 
     </span>
     <span class='ocr_line' id='line_1_29' title="bbox 1149 2418 1575 2473; baseline 0 -13"><span class='ocrx_word' id='word_1_137' title='bbox 1149 2418 1352 2461; x_wconf 72' lang='lat' dir='ltr'>minume·</span> <span class='ocrx_word' id='word_1_138' title='bbox 1369 2421 1575 2473; x_wconf 87' lang='lat' dir='ltr'>gentium.</span> 
     </span>
    </p>
   </div>
   <div class='ocr_carea' id='block_1_9' title="bbox 115 2539 1579 2761">
    <p class='ocr_par' dir='ltr' id='par_1_9' title="bbox 115 2539 1579 2761">
     <span class='ocr_line' id='line_1_30' title="bbox 205 2539 1486 2589; baseline 0 -11"><span class='ocrx_word' id='word_1_139' title='bbox 205 2546 273 2579; x_wconf 84' lang='lat'>400</span> <span class='ocrx_word' id='word_1_140' title='bbox 283 2543 510 2589; x_wconf 83' lang='lat' dir='ltr'>flagiciumst</span> <span class='ocrx_word' id='word_1_141' title='bbox 525 2543 554 2579; x_wconf 88' lang='lat' dir='ltr'><em>C</em></span> <span class='ocrx_word' id='word_1_142' title='bbox 645 2546 709 2578; x_wconf 85' lang='lat'>401</span> <span class='ocrx_word' id='word_1_143' title='bbox 727 2555 854 2578; x_wconf 77' lang='lat' dir='ltr'>omnes</span> <span class='ocrx_word' id='word_1_144' title='bbox 869 2554 933 2578; x_wconf 84' lang='lat' dir='ltr'>om.</span> <span class='ocrx_word' id='word_1_145' title='bbox 952 2543 982 2578; x_wconf 81' lang='lat'><em>0</em></span> <span class='ocrx_word' id='word_1_146' title='bbox 1072 2548 1201 2579; x_wconf 88' lang='lat' dir='ltr'>nuteat</span> <span class='ocrx_word' id='word_1_147' title='bbox 1216 2539 1257 2580; x_wconf 74' lang='lat' dir='ltr'>C&#39;</span> <span class='ocrx_word' id='word_1_148' title='bbox 1335 2548 1486 2579; x_wconf 83' lang='lat' dir='ltr'>nectent</span> 
     </span>
     <span class='ocr_line' id='line_1_31' title="bbox 115 2601 1579 2637; baseline -0.001 0"><span class='ocrx_word' id='word_1_149' title='bbox 115 2602 181 2636; x_wconf 78' lang='lat'>402</span> <span class='ocrx_word' id='word_1_150' title='bbox 211 2607 350 2637; x_wconf 87' lang='lat' dir='ltr'>nocent</span> <span class='ocrx_word' id='word_1_151' title='bbox 379 2602 547 2636; x_wconf 81' lang='lat' dir='ltr'>molestis</span> <span class='ocrx_word' id='word_1_152' title='bbox 580 2601 758 2636; x_wconf 84' lang='lat' dir='ltr'>innocent</span> <span class='ocrx_word' id='word_1_153' title='bbox 784 2601 819 2635; x_wconf 93' lang='lat' dir='ltr'><em>B</em></span> <span class='ocrx_word' id='word_1_154' title='bbox 912 2603 978 2636; x_wconf 87' lang='lat'>403</span> <span class='ocrx_word' id='word_1_155' title='bbox 1004 2614 1109 2637; x_wconf 85' lang='lat' dir='ltr'>meae</span> <span class='ocrx_word' id='word_1_156' title='bbox 1134 2602 1232 2637; x_wconf 79' lang='lat' dir='ltr'>fores</span> <span class='ocrx_word' id='word_1_157' title='bbox 1257 2602 1484 2636; x_wconf 82' lang='lat' dir='ltr'>carbonibus</span> <span class='ocrx_word' id='word_1_158' title='bbox 1510 2602 1579 2636; x_wconf 89' lang='lat' dir='ltr'>ele-</span> 
     </span>
     <span class='ocr_line' id='line_1_32' title="bbox 117 2658 1577 2704; baseline -0.001 -11"><span class='ocrx_word' id='word_1_159' title='bbox 117 2669 265 2703; x_wconf 74' lang='lat' dir='ltr'>georum</span> <span class='ocrx_word' id='word_1_160' title='bbox 359 2661 426 2694; x_wconf 82' lang='lat'>405</span> <span class='ocrx_word' id='word_1_161' title='bbox 441 2659 605 2694; x_wconf 86' lang='lat' dir='ltr'>obicient</span> <span class='ocrx_word' id='word_1_162' title='bbox 619 2658 654 2693; x_wconf 90' lang='lat' dir='ltr'><em>B</em></span> <span class='ocrx_word' id='word_1_163' title='bbox 748 2659 959 2693; x_wconf 89' lang='lat' dir='ltr'>lenocinum</span> <span class='ocrx_word' id='word_1_164' title='bbox 977 2658 1007 2694; x_wconf 88' lang='lat' dir='ltr'>C&#39;</span> <span class='ocrx_word' id='word_1_165' title='bbox 1090 2661 1156 2693; x_wconf 81' lang='lat'>406</span> <span class='ocrx_word' id='word_1_166' title='bbox 1172 2660 1273 2693; x_wconf 89' lang='lat' dir='ltr'>dices</span> <span class='ocrx_word' id='word_1_167' title='bbox 1287 2658 1322 2693; x_wconf 92' lang='grc' dir='ltr'><strong><em>Β</em></strong></span> <span class='ocrx_word' id='word_1_168' title='bbox 1405 2659 1577 2704; x_wconf 89' lang='lat' dir='ltr'>equidem</span> 
     </span>
     <span class='ocr_line' id='line_1_33' title="bbox 117 2715 1578 2761; baseline 0 -11"><span class='ocrx_word' id='word_1_169' title='bbox 117 2725 183 2750; x_wconf 72' lang='lat' dir='ltr'>om.</span> <span class='ocrx_word' id='word_1_170' title='bbox 274 2718 342 2751; x_wconf 81' lang='lat'>408</span> <span class='ocrx_word' id='word_1_171' title='bbox 368 2718 565 2751; x_wconf 86' lang='lat' dir='ltr'>uiracinem</span> <span class='ocrx_word' id='word_1_172' title='bbox 594 2715 629 2751; x_wconf 92' lang='lat' dir='ltr'><em>B</em></span> <span class='ocrx_word' id='word_1_173' title='bbox 730 2717 796 2749; x_wconf 59' lang='lat'>4032</span> <span class='ocrx_word' id='word_1_174' title='bbox 823 2727 938 2750; x_wconf 81' lang='lat' dir='ltr'>ssram</span> <span class='ocrx_word' id='word_1_175' title='bbox 968 2715 997 2751; x_wconf 87' lang='lat' dir='ltr'><strong><em>G</em></strong></span> <span class='ocrx_word' id='word_1_176' title='bbox 1098 2717 1282 2760; x_wconf 79' lang='lat' dir='ltr'>egipeiam</span> <span class='ocrx_word' id='word_1_177' title='bbox 1310 2716 1345 2760; x_wconf 86' lang='lat' dir='ltr'>C,</span> <span class='ocrx_word' id='word_1_178' title='bbox 1372 2717 1516 2761; x_wconf 88' lang='lat' dir='ltr'>cypiam</span> <span class='ocrx_word' id='word_1_179' title='bbox 1543 2715 1578 2750; x_wconf 93' lang='lat' dir='ltr'><strong><em>B</em></strong></span> 
     </span>
    </p>
   </div>
   <div class='ocr_carea' id='block_1_10' title="bbox 119 2772 1579 2872">
    <p class='ocr_par' dir='ltr' id='par_1_10' title="bbox 119 2772 1579 2872">
     <span class='ocr_line' id='line_1_34' title="bbox 204 2772 1579 2819; baseline -0.001 -11"><span class='ocrx_word' id='word_1_180' title='bbox 204 2776 273 2808; x_wconf 81' lang='lat'>410</span> <span class='ocrx_word' id='word_1_181' title='bbox 304 2779 440 2819; x_wconf 88' lang='lat' dir='ltr'>coquet</span> <span class='ocrx_word' id='word_1_182' title='bbox 465 2784 530 2809; x_wconf 91' lang='lat' dir='ltr'>om.</span> <span class='ocrx_word' id='word_1_183' title='bbox 557 2773 585 2808; x_wconf 90' lang='lat' dir='ltr'><strong><em>C</em></strong></span> <span class='ocrx_word' id='word_1_184' title='bbox 698 2785 853 2817; x_wconf 78' lang='lat' dir='ltr'>pensum</span> <span class='ocrx_word' id='word_1_185' title='bbox 886 2780 1065 2818; x_wconf 79' lang='lat' dir='ltr'>pensetur</span> <span class='ocrx_word' id='word_1_186' title='bbox 1179 2775 1245 2807; x_wconf 85' lang='lat'>411</span> <span class='ocrx_word' id='word_1_187' title='bbox 1279 2772 1401 2817; x_wconf 86' lang='lat' dir='ltr'>flagiti</span> <span class='ocrx_word' id='word_1_188' title='bbox 1427 2775 1579 2807; x_wconf 88' lang='lat' dir='ltr'>minime</span> 
     </span>
     <span class='ocr_line' id='line_1_35' title="bbox 119 2830 342 2872; baseline 0.004 -8"><span class='ocrx_word' id='word_1_189' title='bbox 119 2831 282 2872; x_wconf 74' lang='lat' dir='ltr'>gentium</span> <span class='ocrx_word' id='word_1_190' title='bbox 307 2830 342 2865; x_wconf 92' lang='lat' dir='ltr'><strong><em>B</em></strong></span> 
     </span>
    </p>
   </div>
   <div class='ocr_carea' id='block_1_11' title="bbox 1333 2900 1370 2933">
    <p class='ocr_par' dir='ltr' id='par_1_11' title="bbox 1333 2900 1370 2933">
     <span class='ocr_line' id='line_1_36' title="bbox 1333 2900 1370 2933; baseline -0.027 0"><span class='ocrx_word' id='word_1_191' title='bbox 1333 2900 1370 2933; x_wconf 87' lang='lat'>11</span> 
     </span>
    </p>
   </div>
  </div>
 </body>
</html>
