1963 3243
98 230 168 273 III,
195 232 226 272 4,
253 230 385 263 23—31
720 228 918 262 Mercator.
1478 232 1548 270 181

99 356 617 401 Odstmunffit‹waffionem
653 355 868 407 reinugss
903 355 1344 408 humumquaniloquh
1490 368 1556 397 (um

98 428 315 484 Quidquid
341 434 417 478 est,
446 428 499 469 ad
526 429 673 482 capita
699 441 839 468 reruni
870 427 1060 480 perueni.

686 521 962 575 Eutychus

1085 579 1273 621 Primum
1308 581 1495 622 omnium

97 638 320 681 Perie'mus.

693 703 962 747 Charinus

365 778 477 829 Quin
509 783 556 819 tu
588 776 696 818 illud
730 778 876 831 potius
909 778 1099 828 nuntias,
1132 778 1247 832 quod
1283 780 1460 821 nescio‘?

682 880 959 935 Eutychus

95 954 248 998 Mulier
279 953 515 995 alienatast
547 952 626 994 abs
657 959 714 994 te.

691 1031 723 1074 C
735 1032 760 1073 h
773 1047 797 1073 a
808 1047 828 1073 r
839 1033 850 1074 i
863 1048 887 1074 n
902 1047 928 1074 u
941 1048 959 1074 s

774 1105 983 1160 Eutyche,
1017 1106 1178 1160 capital
1211 1106 1334 1150 sacis.

683 1207 960 1262 Eutychus

94 1280 205 1331 Qui?

681 1334 958 1376 Charinus

203 1409 314 1459 Quia
346 1408 572 1462 aequalem
607 1412 651 1448 et
684 1406 879 1448 sodalem
912 1407 1097 1449 liberum
1130 1409 1267 1451 ciuem
1302 1411 1460 1452 enicas.

681 1510 958 1565 Eutychus

90 1570 151 1612 Ne
183 1569 225 1611 di
259 1569 405 1611 sirint!

688 1636 956 1679 Charinus

365 1710 589 1752 Demisisti
622 1708 814 1763 gladium
845 1710 889 1750 in
920 1710 1133 1763 iugulum;
1167 1712 1251 1753 iam
1285 1712 1451 1755 cadam.
1485 1725 1552 1758 605

679 1812 956 1867 Eutychus

90 1886 256 1937 Quaeso
287 1886 429 1929 hercle
462 1887 651 1929 animum
684 1900 736 1927 ne
769 1885 1004 1939 desponde.

689 1989 956 2032 Charinus

853 2062 1042 2114 Nullust,
1075 2077 1203 2116 quem
1238 2065 1549 2119 despondeam.

91 2133 286 2188 Loquere
318 2149 460 2190 porro,
491 2141 569 2177 aut
600 2137 613 2177 i
644 2136 685 2177 in
721 2135 878 2177 malam
911 2149 1021 2176 rem:
1054 2137 1156 2190 quoi
1189 2142 1256 2178 est
1287 2139 1464 2192 empta?

677 2238 954 2292 Eutychus
1426 2282 1429 2284 .

1379 2299 1547 2342 Nescio.

88 2365 177 2408 Iam
208 2367 383 2410 addicta
414 2375 545 2423 atque
578 2369 770 2411 abducta
803 2375 910 2420 erat,
943 2384 1072 2424 quom
1106 2370 1161 2412 ad
1195 2375 1371 2424 portum
1404 2373 1547 2415 uenio.

687 2471 955 2515 Charinus
1472 2512 1474 2515 .

1245 2538 1248 2541 '
1299 2531 1390 2573 Uae
1422 2533 1546 2575 mihi!

133 2628 244 2672 2600
268 2631 386 2666 Hodie
413 2637 472 2667 sat
497 2636 532 2667 st
556 2633 600 2676 R,
636 2633 721 2667 odio
747 2644 834 2668 sane
863 2632 893 2668 C
993 2635 1116 2668 oratio
1142 2645 1226 2668 cum
1253 2646 1331 2670 rem
1357 2646 1444 2680 agas

88 2684 328 2732 longinquum
357 2689 386 2724 C'
474 2691 538 2724 601
569 2691 733 2724 omnium
760 2701 825 2725 om.
854 2689 884 2725 G
972 2692 1039 2725 602
1054 2691 1218 2725 Petimus
1313 2693 1380 2726 603
1401 2693 1547 2728 eutiche

87 2740 155 2778 hec
178 2746 312 2790 capital
337 2745 372 2781 B
464 2748 532 2782 604
556 2748 677 2782 ciuem
704 2747 861 2781 liberum
881 2747 910 2782 C
998 2749 1064 2782 605
1091 2747 1343 2787 deiseirintA,
1369 2749 1547 2784 desierint

92 2797 135 2839 Β,
159 2800 323 2837 deserint
349 2803 378 2838 Ο
469 2805 711 2847 iugulumiam
738 2803 807 2839 BG
896 2806 963 2839 606
977 2806 1099 2839 nullus
1126 2809 1184 2840 est
1196 2805 1266 2841 BC
1354 2808 1422 2841 607
1436 2808 1545 2841 aliam

89 2857 218 2893 malam
245 2872 321 2894 rem
346 2859 393 2904 B,
420 2863 529 2896 aliam
555 2874 632 2896 rem
659 2861 794 2896 Malam
822 2861 850 2897 G
941 2865 1008 2898 608
1033 2863 1195 2899 adducta
1220 2863 1256 2898 B
1349 2876 1409 2909 qui
1436 2865 1470 2899 B
