1963 3243
266 225 348 265 202
941 220 1063 256 Plauti
1492 219 1536 265 V,
1559 221 1594 263 4,
1617 219 1754 255 68-‘78

816 345 1198 398 Adelphasium

266 419 354 461 Nos
383 417 495 460 tibi‘?

917 488 1100 530 Hanno

468 559 556 603 Uos
586 560 776 615 inquam.

821 649 1190 703 Ayorastocles

741 732 881 786 Atque
914 746 992 785 ego
1025 733 1126 774 scio.

818 825 1199 879 Adelphasium
1477 856 1482 860 ,

1060 896 1171 946 Quid
1201 896 1246 938 id
1277 895 1380 939 furti
1412 896 1506 938 cst?

817 991 1199 1045 Ayorastocles

1428 1061 1555 1103 Hunc
1588 1065 1755 1115 rogato.

917 1134 1101 1175 Hanno

268 1206 381 1257 Quia
410 1220 547 1249 annos
578 1205 740 1247 multos
770 1205 882 1247 filias
913 1219 1032 1247 meas
1064 1205 1284 1248 celauistis
1316 1205 1428 1246 clam
1458 1218 1538 1256 me,
1711 1256 1715 1262 ,

268 1279 407 1333 Atque
439 1278 639 1332 equidem
672 1277 893 1330 ingenuas,
931 1277 1091 1318 liberas
1121 1291 1374 1331 summoque
1405 1289 1560 1329 genere
1592 1279 1755 1330 gnatas.

818 1371 1200 1423 Adelphasium

269 1445 512 1498 Numquam
546 1448 758 1486 mecastor
787 1445 978 1497 reperies
1009 1448 1057 1483 tu
1089 1444 1202 1484 istuc
1233 1442 1437 1496 probrum
1468 1455 1600 1496 penes
1630 1455 1723 1484 nos.

821 1537 1084 1591 Ayorasto
1097 1536 1201 1579 cles

269 1611 335 1652 Da
366 1611 532 1665 pignus,
563 1610 609 1652 ni
640 1623 753 1651 nunc
783 1610 985 1663 perieres,
1016 1609 1057 1650 in
1091 1610 1271 1658 sanium,
1302 1612 1399 1649 uter
1429 1609 1517 1650 utri
1550 1608 1638 1650 det.
1672 1619 1761 1654 1240
1810 1661 1820 1664 -
1853 1604 1937 1666 fissi

821 1702 1203 1756 Adelphasium

269 1777 388 1818 Nihil
418 1781 562 1818 tecum
594 1789 693 1828 ago3
726 1775 926 1826 abscede,
958 1775 1150 1817 obsecro.

828 1869 1203 1922 Ayorastocfiles

899 1941 1031 1994 Atqui
1062 1940 1204 1982 hercle
1237 1953 1404 1982 mecum
1437 1940 1647 1994 agendum
1681 1945 1758 1982 est.

269 2013 380 2056 Nam
410 2013 481 2055 hic
513 2018 694 2068 patruus
725 2027 845 2055 meus
877 2018 963 2065 est3
995 2026 1073 2067 pro
1104 2011 1186 2053 hoc
1217 2011 1321 2053 mihi
1352 2016 1560 2065 patronus
1583 2011 1661 2054 sim
1686 2024 1760 2052 ne-

1290 2097 1408 2125 cesse
1441 2088 1519 2125 est.

271 2157 323 2199 Ei
353 2157 630 2212 praedicabo,
661 2170 748 2211 quo
780 2156 906 2198 modo
937 2155 1056 2198 furta
1085 2156 1256 2197 faciatis
1288 2155 1427 2196 multa

272 2229 453 2282 Quoque
485 2229 613 2271 modo
643 2228 772 2270 huius
802 2227 914 2269 filias
947 2227 1060 2280 apud
1093 2240 1170 2268 uos
1201 2226 1399 2268 habeatis
1430 2239 1593 2277 seruas,

273 2300 390 2351 Quas
420 2315 498 2343 uos
529 2314 579 2342 ex
612 2301 757 2354 patria
785 2299 946 2341 liberas
978 2300 1213 2353 subruptas
1245 2312 1337 2340 esse
1369 2298 1502 2340 scitis.
1673 2307 1760 2342 1245

821 2400 1203 2454 Adelphasium

275 2473 358 2516 Ubi
388 2478 490 2516 sunt
521 2487 596 2516 eae
627 2478 703 2515 aut
735 2473 874 2528 quae?
907 2473 1101 2514 obsecro.

365 2620 452 2655 1236
476 2619 600 2655 Nosne
715 2617 802 2653 furti
828 2619 917 2654 estis
941 2630 1040 2653 nunc
1165 2619 1251 2653 1237
1274 2617 1409 2652 multas
1433 2615 1470 2652 B
1594 2617 1680 2651 1240
1703 2615 1761 2650 Da

273 2686 338 2711 om.
364 2676 409 2720 A,
435 2675 489 2711 De
513 2675 550 2711 B
620 2657 808 2721 ‘periur’es
833 2674 882 2719 B,
909 2676 1077 2719 peruires
1104 2674 1133 2710 C
1237 2675 1320 2709 1241
1350 2677 1459 2718 atque
1566 2673 1652 2707 1243
1670 2671 1691 2707 Ι
1714 2670 1759 2715 Β,

271 2731 320 2767 Et
345 2731 374 2766 C
480 2731 665 2777 quomodo
691 2742 758 2766 uos
786 2731 887 2765 furta
1002 2733 1087 2766 1244
1112 2730 1190 2774 Quo
1216 2731 1278 2776 qui
1303 2729 1340 2765 Β
1449 2729 1594 2764 habetis
1617 2728 1654 2764 Β

272 2799 396 2823 seruos
421 2789 457 2824 Β
559 2789 646 2823 1246
672 2799 744 2833 qua
767 2787 811 2830 A,
837 2799 928 2833 quas
953 2787 1019 2822 BG
