1963 3243
293 201 375 239 338
919 197 1114 232 Mercator.

297 338 490 375 maxumo,
530 340 606 376 quo
647 339 761 363 nemo
792 326 916 373 magis
948 326 1060 375 lapis,
1092 327 1116 363 i.
1150 339 1182 363 e.
1215 325 1385 363 stolidus
1423 330 1493 372 est,
1533 341 1619 364 nam
1651 329 1749 379 lapi-

292 394 379 432 dem
411 394 600 432 stolidum
631 394 829 431 hominem
861 394 1124 444 appellabant,
1157 395 1203 430 cf.
1237 395 1326 431 Ter.
1359 394 1500 432 Heaut.
1533 397 1626 433 831.
1653 397 1746 434 917.

290 462 384 500 Hec.
420 464 514 499 214.
547 462 632 499 Mil.
670 463 798 500 1020:
835 459 1035 508 „saxum“.
1067 481 1122 486 —
1155 463 1247 499 627.
1275 463 1410 500 afflant
1432 462 1562 500 Guiet.
1585 484 1633 489 —
1655 465 1747 502 628.
1807 477 1812 482 ·

289 533 424 579 nequis
469 544 604 568 verum
649 543 732 567 esse
771 543 850 567 non
889 533 1040 580 potest,
1087 530 1155 568 sed
1199 531 1294 579 quid
1331 531 1462 576 fuerit,
1504 527 1655 580 ignoro.
1695 552 1750 557 —

293 600 385 637 630.
416 599 539 637 Deest
568 597 728 648 aliquid.
789 597 836 635 R.
872 598 1055 644 „aiebant
1085 596 1259 648 igitur?“
1295 597 1484 636 Fleckeis.
1523 599 1631 646 „Qua
1661 604 1749 637 tan-

290 667 378 704 dem
402 667 602 704 hominem
627 664 803 703 forma?“
833 686 888 691 —
914 667 1007 704 632.
1024 678 1195 714 pansam
1220 670 1424 704 enarrant:
1451 668 1518 716 qui
1543 669 1750 710 πλατύπους

290 738 329 771 et
358 735 502 785 latipes
534 738 604 781 est,
638 735 824 784 quoniam
855 735 1008 772 Plinius
1039 735 1089 771 Η.
1120 734 1168 772 N.
1199 734 1268 776 XI,
1302 736 1381 773 254
1414 748 1436 771 a
1467 735 1621 773 defectu
1652 736 1750 774 volae

289 802 470 840 derivare
509 803 703 841 videatur.
738 822 785 828 —-
823 803 915 841 634.
952 803 1124 841 Tantum
1161 803 1265 850 quod
1299 804 1433 851 sciam,
1475 805 1522 841 cf.
1556 804 1605 840 ad
1644 804 1748 842 Men.

291 873 385 909 294.
432 885 552 921 supra
599 873 692 909 280.
731 891 787 896 —
826 872 918 908 635.
959 871 1127 919 oblonqz's
1162 873 1304 920 magis,
1343 885 1377 907 v.
1427 871 1520 909 632.
1561 892 1615 897 —
1654 873 1748 910 636.

289 940 446 986 durare,
486 940 534 978 cf.
575 940 660 977 Mil.
707 940 827 977 1243.
869 959 921 964 —
963 941 1055 977 638.
1095 940 1284 989 Meyares,
1323 941 1348 976 i.
1382 954 1413 977 e.
1450 937 1644 989 Μεγαρεῖς,
1680 941 1749 989 R.;

289 1008 482 1045 edebatur
523 1006 750 1057 „Megara“.
825 1006 1042 1046 Chalcidem
1077 1009 1138 1045 ed.
1180 1021 1239 1057 pr.
1280 1029 1335 1033 —
1373 1010 1467 1046 639.
1507 1008 1751 1057 Zacynthum

289 1077 395 1115 Pius.
442 1077 662 1115 Lesbumne
691 1088 743 1114 an
773 1076 819 1114 R.
854 1096 902 1102 ——-
939 1078 1031 1114 640.
1065 1079 1226 1123 coeptas.
1273 1076 1441 1114 Guietus
1466 1081 1505 1114 et
1527 1077 1595 1114 R.:
1630 1091 1748 1128 „cap-

290 1143 391 1183 tas“.
422 1165 477 1170 —
507 1147 682 1191 adflictat
709 1146 849 1182 ultima
878 1145 1085 1195 producta,
1117 1158 1152 1180 v.
1186 1145 1340 1194 Proleg.
1371 1159 1409 1194 p.
1446 1147 1537 1183 196.
1573 1166 1621 1170 —
1656 1148 1749 1184 641.

283 1215 456 1262 paritas,
496 1228 636 1264 paras,
668 1215 716 1251 cf.
747 1213 891 1251 Pseud.
925 1214 1021 1251 486.
1081 1213 1200 1251 Poen.
1236 1214 1330 1251 883.
1364 1233 1412 1239 -
1449 1215 1542 1251 642.
1575 1216 1666 1262 eius,
1698 1229 1749 1253 sc.

290 1283 395 1332 quod
426 1284 637 1330 amaveris;
671 1295 749 1319 non
780 1295 880 1331 opus
912 1285 973 1318 est
1003 1295 1102 1319 cum.
1136 1282 1181 1319 R.
1213 1281 1403 1319 scribere:
1450 1281 1517 1330 „Si
1547 1282 1603 1320 ibi
1634 1296 1750 1333 quam

290 1352 462 1388 amare“.
508 1352 652 1401 inopia,
684 1352 732 1388 cf.
763 1350 850 1388 Mil.
887 1351 992 1388 1223
1030 1346 1208 1400 „copia“.
1241 1371 1295 1375 —
1327 1351 1420 1388 643.
1451 1352 1509 1398 „si
1534 1350 1638 1388 idem
1662 1364 1751 1389 eue-

289 1416 416 1456 nerit“
452 1419 498 1456 R.
531 1440 586 1444 -—
619 1420 713 1457 644.
751 1419 844 1467 Quis
881 1432 955 1468 pro
991 1416 1108 1468 „qui“
1143 1419 1216 1457 hoc
1255 1433 1334 1456 uno
1372 1420 1459 1456 loco
1498 1419 1602 1468 apud
1633 1419 1750 1457 Plau-

288 1491 393 1534 tum3
433 1489 578 1537 saepius
620 1488 727 1538 apud
764 1489 1018 1538 posteriores,
1056 1502 1093 1525 v.
1126 1487 1247 1533 Neue,
1287 1487 1485 1525 Formenl.
1516 1487 1554 1525 II
1583 1502 1622 1538 p.
1656 1489 1750 1526 220.

292 1576 341 1582 -
378 1556 562 1604 „tandem
602 1556 764 1593 exsilio“
800 1559 949 1604 transp.
990 1555 1108 1592 Both.
1144 1575 1192 1580 —
1229 1556 1322 1593 647.
1362 1559 1426 1594 sat
1463 1559 1674 1604 acceptum,
1713 1572 1750 1596 v.

291 1625 341 1662 ad
371 1625 492 1663 Most.
527 1626 619 1663 219.
651 1644 707 1650 —
736 1626 928 1662 incertum
944 1635 1020 1672 pro
1045 1627 1144 1662 certo
1167 1624 1280 1662 habes
1303 1625 1463 1674 scripsi3
1494 1625 1540 1662 R.
1566 1625 1752 1663 Bothium

287 1689 464 1732 secutus:
510 1707 607 1743 „pro
646 1696 795 1731 certum
834 1693 1028 1729 incertum
1066 1693 1100 1729 si
1139 1690 1299 1730 habes“.
1333 1713 1386 1717 -
1419 1694 1512 1731 653.
1543 1693 1618 1732 heu
1647 1694 1753 1744 apud
1789 1743 1796 1746 ᾖ

288 1762 473 1800 Plautum
504 1763 624 1799 etiam
656 1775 742 1799 cum
775 1761 909 1798 dativo
939 1761 1131 1809 iungitur,
1163 1775 1198 1799 v.
1234 1762 1313 1799 693
1341 1765 1380 1798 et
1402 1763 1498 1800 759.
1544 1762 1589 1799 R.
1623 1759 1750 1810 „hei“.

289 1851 345 1856 —-
377 1832 469 1868 655.
513 1833 758 1879 quantumst,
799 1844 834 1867 v.
876 1829 925 1866 ad
965 1830 1053 1867 Aul.
1097 1831 1189 1867 778.
1250 1830 1352 1867 Rud.
1396 1831 1488 1868 696.
1550 1830 1753 1869 Praecones

290 1913 425 1937 omnes
463 1899 681 1938 conducere
719 1899 816 1945 vult,
855 1901 900 1934 ut
931 1911 1003 1947 per
1033 1901 1158 1935 totam
1189 1899 1327 1936 urbem
1358 1898 1527 1936 clament
1557 1898 1752 1936 hominem

291 1969 475 2006 amissum
517 1981 600 2006 esse
639 1970 678 2004 et
717 1967 854 2004 reduci
886 1966 1042 2015 debere,
1076 1967 1122 2005 cf.
1156 1967 1315 2004 Petron.
1351 1968 1417 2004 97.
1449 1986 1505 1992 —
1537 1968 1631 2005 657.
1664 1979 1752 2006 con-

289 2039 487 2085 quistores‚
527 2051 563 2075 v.
604 2036 654 2073 ad
691 2036 833 2085 Amph.
877 2037 941 2073 65.
1001 2035 1065 2072 Ad
1102 2037 1228 2083 legem
1267 2035 1431 2073 Fabiam
1471 2037 1519 2074 de
1549 2036 1753 2086 plagiariis

289 2106 414 2143 refert
444 2105 497 2143 M.
531 2105 664 2153 Voigt.
695 2105 863 2142 Bericht.
895 2104 931 2140 d.
965 2103 1096 2141 Sachs.
1131 2104 1219 2142 Ges.
1256 2105 1360 2142 1885
1393 2117 1433 2153 p.
1460 2105 1553 2142 320.
1579 2124 1633 2129 —
1658 2103 1750 2142 658.
1827 2159 1832 2164 .

289 2173 415 2212 relicti
452 2173 586 2220 codd.;
626 2173 739 2211 Both.
781 2169 987 2220 ,‚relicui“,
1016 2172 1199 2210 Saracen.
1235 2169 1482 2219 „relictum“.
1542 2172 1646 2210 Illud
1676 2173 1753 2210 sal-

290 2246 371 2280 tem
403 2243 646 2300 posteriores
679 2241 811 2279 dicere
841 2244 1076 2290 potuerunt,
1118 2244 1164 2278 ut
1194 2241 1271 2279 Cic.
1304 2240 1353 2278 ad
1385 2237 1469 2278 Att.
1502 2240 1605 2288 VIII,
1639 2242 1674 2288 3,
1707 2241 1753 2278 4:

296 2311 416 2362 „quid
447 2312 499 2349 ad
530 2324 615 2348 eam
646 2323 754 2360 spem
787 2313 846 2347 est
868 2306 1051 2359 parati?“
1086 2310 1220 2348 Senec.
1246 2310 1326 2347 Vit.
1352 2309 1456 2346 beat.
1486 2310 1549 2356 17,
1575 2310 1619 2346 4:
1655 2321 1753 2359 „pro

291 2380 373 2426 illo,
414 2381 475 2418 cui
507 2379 657 2428 aliquid
688 2379 767 2415 acti
798 2376 897 2415 est“.
953 2378 1037 2416 Liv.
1069 2378 1270 2424 XXXVII,
1306 2379 1371 2425 23,
1407 2379 1478 2415 11:
1525 2378 1625 2424 „loci
1654 2377 1754 2415 nihil

292 2447 421 2485 relicti
452 2445 562 2485 erat“

408 2585 501 2622 659.
535 2584 645 2623 Uxor
675 2583 899 2632 Lysimachi
925 2597 1014 2621 rure
1038 2585 1079 2620 in
1102 2582 1238 2620 urbem
1268 2583 1377 2619 venit
1400 2595 1486 2619 cum
1513 2581 1655 2619 ancilla
1679 2594 1753 2618 anu

298 2655 491 2691 sarcinam
531 2649 650 2702 (667)
689 2655 887 2702 portante.
920 2672 974 2676 —
1007 2654 1100 2690 660.
1139 2653 1229 2696 flexi
1266 2651 1419 2701 scripsi,
1460 2651 1507 2687 cf.
1540 2650 1627 2687 Ter.
1661 2649 1752 2686 Hec.

297 2723 399 2760 608:
437 2721 566 2768 „Istuc
593 2724 659 2763 ,est
689 2733 841 2770 sapere,
875 2721 942 2769 qui
972 2720 1206 2769 ubicumque
1237 2731 1335 2768 opus
1358 2720 1411 2756 sit
1433 2719 1604 2755 animum
1629 2719 1754 2768 possit

294 2787 494 2827 flectere“.
555 2789 662 2826 Nihil
702 2792 761 2826 est
796 2789 893 2835 „feei
927 2789 1125 2837 ingenium
1155 2785 1331 2842 meum‘f3
1371 2785 1509 2823 saltem
1544 2785 1619 2833 „nd
1650 2787 1752 2835 inge-
