1963 3243
295 265 312 303 1
330 264 378 302 12
976 266 1098 302 Plauti
1523 258 1619 293 Prol.
1644 260 1778 294 20—48

290 386 385 427 Neu
416 397 581 426 sessum
615 382 758 432 ducat,
792 380 894 422 dum
924 380 1079 422 histrio
1109 381 1152 422 in
1185 395 1314 424 scena
1347 382 1440 424 siet.
1735 395 1780 429 20

291 457 374 499 Diu
407 456 480 510 qui
512 453 626 496 domi
658 452 787 494 otiosi
820 451 1100 504 dormierunt,
1133 452 1256 494 decet

292 528 446 569 Animo
479 539 617 579 aequo
649 537 764 565 nunc
797 527 925 572 stent,
957 522 1028 564 uel
1060 523 1248 566 dormire
1279 529 1535 579 temperent.

290 589 414 641 Serui
444 611 497 639 ne
529 595 772 646 obsideant,
803 593 954 636 liberis
985 599 1033 636 ut
1066 595 1123 636 sit
1151 594 1284 646 locus,

290 669 370 711 Uel
403 682 476 710 aes
508 682 585 722 pro
620 667 763 720 capite
795 665 918 718 dent3
952 666 988 707 si
1018 666 1060 708 id
1092 666 1235 708 facere
1266 680 1351 709 non
1386 672 1560 721 queunt,

291 741 478 782 Domum
507 739 680 788 abeant,
713 738 854 779 uitent
884 738 1065 792 ancipiti
1094 737 1341 790 infortunio,
1736 752 1780 786 25

290 811 356 852 Ne
390 816 433 852 et
462 810 533 851 hic
564 810 789 851 uarientur
819 809 954 862 uirgis
986 814 1029 851 et
1059 810 1164 851 loris
1196 810 1322 862 domi,

290 882 336 924 Si
369 882 508 923 minus
541 883 770 928 curassint,
804 894 933 935 quom
965 881 1027 922 eri
1055 881 1282 923 ‘reueniant
1314 881 1497 924 domum.

292 954 493 995 Nutrices
524 967 680 1006 pueros
711 952 888 994 infantis
919 952 1154 994 minutulos

292 1026 419 1067 Domi
450 1029 683 1078 procurent
712 1037 822 1065 neue
853 1028 1095 1077 spectatum
1126 1023 1338 1066 adferant.

291 1097 357 1139 Ne
390 1101 433 1138 et
462 1097 583 1150 ipsae
615 1096 766 1137 sitiant
798 1100 841 1137 et
872 1096 993 1149 pueri
1026 1100 1206 1149 pereant
1237 1096 1361 1148 fame,
1737 1110 1781 1143 30

291 1169 413 1210 Neue
445 1169 685 1209 esurientes
715 1167 785 1208 hic
817 1169 941 1220 quasi
971 1167 1102 1209 haedi
1133 1167 1379 1220 obuagiant.

291 1240 519 1282 Matronae
549 1240 710 1280 tacitae
743 1243 951 1292 spectent,
983 1239 1145 1281 tacitae
1175 1239 1366 1291 rideant-3

292 1312 464 1353 Canora
493 1311 562 1353 hic
593 1324 700 1352 uoce
731 1325 808 1353 sua
838 1311 997 1352 tinnire
1028 1315 1281 1364 temperent.

291 1383 477 1424 Domum
509 1396 726 1424 sermones
757 1382 982 1425 fabulandi
1013 1382 1246 1433 conferant,

290 1454 358 1496 Ne
391 1460 433 1496 et
463 1454 534 1495 hic
565 1454 669 1495 uiris
700 1455 786 1495 sint
817 1459 860 1496 et
891 1454 1004 1496 domi
1034 1454 1269 1497 molestiae.
1738 1467 1782 1502 35

292 1526 504 1579 Quodque
537 1525 593 1566 ad
623 1526 822 1568 ludorum
854 1530 1077 1568 curatores
1109 1525 1290 1578 adtinet,

292 1598 356 1640 Ne
388 1598 534 1651 palma
565 1598 691 1639 detur
722 1599 954 1651 quoiquam
987 1597 1143 1639 artifici
1173 1597 1342 1648 iniuria,

291 1670 411 1711 Neue
444 1669 692 1711 ambitionis
725 1683 854 1711 causa
886 1669 1180 1711 extrudantur.
1200 1668 1331 1719 foras,

289 1741 383 1791 Quo
417 1741 652 1783 deteriores
686 1746 1016 1795 anteponantur,
1050 1741 1164 1783 boni.

291 1812 348 1853 Et
379 1813 461 1854 hoc
491 1826 663 1866 quoque
696 1814 839 1863 etiam,
873 1813 985 1866 quod
1018 1827 1154 1867 paene
1187 1812 1350 1855 oblitus
1382 1813 1464 1855 fui:
1736 1827 1781 1860 40

292 1885 403 1926 Dum
433 1885 524 1926 ludi
555 1884 678 1935 fiunt,
710 1886 754 1926 in
785 1886 1001 1939 popinam,
1035 1884 1272 1938 pedisequi,

291 1957 587 2010 Inruptionem
621 1956 769 2008 facite3
802 1971 925 2008 nunc,
958 1957 1059 1998 dum
1091 1957 1259 1998 occasio
1293 1962 1370 2005 est,

289 2028 425 2079 Nunc,
458 2028 558 2070 dum
596 2028 817 2070 scriblitae
849 2032 1062 2080 aestuant,
1094 2028 1325 2070 adcurrite.

290 2100 411 2141 Haec
444 2113 553 2154 quae
586 2100 787 2154 inperata
819 2106 919 2142 sunt
950 2115 1027 2154 pro
1059 2100 1225 2154 inperio
1258 2099 1451 2151 histrico,

292 2171 459 2213 Bonum
490 2171 633 2213 hercle
664 2171 840 2224 factum,
873 2187 950 2226 pro
985 2186 1028 2214 se
1060 2173 1241 2226 quisque
1273 2176 1321 2213 ut
1353 2172 1605 2213 meminerit.
1736 2183 1781 2216 45

293 2242 376 2296 [Ad
407 2248 705 2296 argumentum
737 2257 850 2286 nuuc
881 2245 1119 2286 uicissatim
1151 2243 1249 2284 uolo

290 2314 552 2367 Remigrare,
586 2319 633 2355 ut
665 2329 800 2368 aeque
833 2330 1002 2357 mecum
1034 2316 1126 2357 sitis
1158 2328 1378 2369 gnarures.

291 2385 396 2427 Eius
427 2400 538 2427 nunc
569 2387 780 2439 regiones,
813 2387 984 2437 limites,
1018 2386 1203 2429 confinia

381 2537 424 2568 27
449 2547 534 2571 cura
561 2536 635 2570 sint
729 2537 881 2572 ueniant
974 2539 1016 2572 28
1041 2537 1233 2571 minitulos
1261 2536 1288 2571 C
1376 2537 1419 2571 29
1443 2535 1551 2570 Domi
1578 2539 1617 2570 ut
1706 2546 1778 2570 neu

289 2602 381 2636 quae
407 2591 453 2635 B,
479 2593 630 2636 nequ
727 2594 852 2628 afferat
948 2596 991 2628 30
1016 2598 1167 2638 pertant
1192 2593 1227 2628 B
1328 2595 1369 2628 31
1397 2592 1478 2628 aedi
1571 2592 1727 2627 obuiant
1754 2591 1784 2627 C

290 2653 334 2686 32
359 2651 505 2686 rodiant
529 2652 573 2696 B,
600 2649 754 2684 redeant
781 2651 808 2686 C
923 2652 966 2685 33
996 2661 1128 2685 .onara
1154 2649 1198 2690 Β,
1226 2650 1371 2684 Lanora
1397 2648 1425 2684 C
1537 2660 1630 2684 uoce
1656 2659 1721 2684 om.
1750 2648 1780 2684 O

288 2709 334 2742 3ss
361 2709 403 2741 az]
431 2720 497 2744 om.
524 2709 560 2743 B
602 2728 607 2731 -
638 2710 681 2743 38
706 2707 799 2742 Niue
826 2707 853 2742 C
932 2709 975 2742 39
1001 2707 1107 2742 bonis
1191 2708 1232 2741 43
1259 2706 1456 2741 scribilitae
1483 2704 1529 2749 B,
1557 2705 1725 2750 scriplite
1755 2704 1784 2740 Ο

384 2766 566 2801 occurrite
684 2767 727 2798 47
752 2764 944 2808 Remigare
970 2763 1005 2798 B
1116 2764 1176 2797 siti
1202 2764 1307 2807 signa
1334 2773 1437 2797 rures
