1963 3243
336 222 414 260 152
1015 217 1134 252 Plauti
1550 218 1625 261 ΠΙ,
1650 221 1682 263 3,
1706 221 1816 255 2—21

331 343 510 385 Interibi
543 343 779 384 adtulerint
810 346 922 393 exta,
953 347 1083 397 atque
1116 342 1264 384 eadem
1295 343 1496 385 mulieres

332 414 424 456 Iam
454 414 508 456 ab
540 428 586 455 re
619 414 774 464 diuina,
805 414 950 465 credo,
981 414 1252 467 adparebunt
1284 415 1411 456 domi.

333 486 417 528 Sed
456 486 559 539 quid
595 485 680 526 huc
720 489 890 526 tantum
930 481 1149 526 hominum
1180 485 1414 528 incedunt?
1459 486 1713 539 ecquidnam
1744 486 1819 528 ad-

1347 557 1520 599 ferunt?

334 628 391 669 Et
420 629 510 669 illic
543 628 842 681 chlamydatus
875 629 1070 682 quisnam
1102 634 1178 677 est,
1213 629 1284 682 qui
1318 629 1512 681 sequitur
1542 628 1720 682 procul?

942 719 1208 760 Aduocati

336 789 475 831 Aetoli
507 790 622 830 ciues
654 795 696 831 te
729 790 975 841 salutamus,
1008 790 1134 842 Lyce,
1753 802 1823 835 620

336 860 608 914 Quamquam
640 861 752 902 hanc
783 861 968 902 salutem
999 861 1176 903 ferimus
1207 863 1333 903 inuiti
1365 860 1484 903 tibi(

992 951 1158 1005 Lycus

335 1023 566 1065 Fortunati
597 1037 744 1064 omnes
775 1023 882 1073 sitis,
915 1022 1030 1077 quod
1062 1028 1178 1064 certe
1211 1024 1298 1064 scio

335 1095 426 1137 Nec
457 1095 549 1136 fore
580 1108 660 1136 nec
691 1094 927 1136 Fortunam
959 1094 1004 1135 id
1037 1095 1215 1135 situram
1248 1094 1352 1136 fieri.

947 1173 1216 1215 Aduocati

336 1245 424 1287 Iste
457 1250 522 1287 est
552 1245 814 1287 thensaurus
848 1245 994 1287 stultis
1026 1247 1069 1286 in
1099 1246 1249 1298 lingua
1281 1247 1402 1297 situs,

337 1317 395 1359 Ut
427 1318 626 1371 quaestui
657 1317 848 1358 habeant
878 1317 991 1358 male
1022 1317 1140 1370 loqui
1171 1317 1436 1359 melioribus.
1756 1328 1824 1362 625
1883 1373 1887 1376 μ

995 1395 1164 1450 Lycus

340 1469 463 1510 Uiam
495 1469 568 1522 qui
600 1469 749 1514 nescit,
783 1483 867 1522 qua
899 1468 1103 1510 deueniat
1134 1469 1189 1510 ad
1220 1482 1350 1519 mare,

339 1540 449 1581 Eum
481 1543 652 1594 oportet
684 1553 852 1580 amnem
885 1554 1093 1593 quaerere
1127 1541 1325 1581 comitem
1358 1540 1451 1581 sibi.

338 1612 429 1664 Ego
461 1611 571 1653 male
603 1611 809 1665 loquendi
839 1612 962 1653 uobis
993 1613 1161 1653 nesciui
1192 1613 1329 1663 uiam3

337 1684 462 1725 Nunc
493 1698 570 1725 uos
603 1682 706 1724 mihi
737 1684 877 1724 amnis
911 1685 1036 1735 estis3
1067 1698 1144 1725 uos
1175 1690 1339 1725 certum
1371 1687 1439 1725 est
1470 1684 1604 1737 sequi.

340 1755 383 1797 Si
414 1755 693 1808 benedicetis,
726 1760 877 1796 uostra
907 1769 986 1796 uos
1016 1756 1114 1809 ripa
1146 1769 1325 1809 sequar3
1757 1766 1824 1799 630

338 1827 383 1869 Si
414 1827 694 1877 maledicetis,
725 1832 875 1868 uostro
908 1827 1083 1880 gradiar
1114 1828 1260 1869 limite.

946 1907 1209 1948 Aduocati

337 1978 452 2019 Malo
486 1978 739 2020 benefacere
770 1978 1025 2019 tantundem
1058 1983 1122 2020 est
1154 1979 1390 2032 periculum

339 2049 555 2099 Quantum
587 2050 699 2091 bono
733 2050 1000 2091 malefacere.

998 2136 1164 2190 Lycus

1071 2208 1151 2258 Qui
1184 2208 1321 2249 uero?

961 2299 1224 2340 Aduocaffi

1380 2369 1508 2412 Scies.

428 2505 494 2538 616
520 2505 724 2539 attulerunt
752 2504 781 2540 C
863 2506 929 2539 617
954 2505 1121 2539 rediuiua
1208 2505 1274 2539 618
1300 2510 1335 2539 et
1361 2504 1534 2548 quidnam
1559 2503 1595 2538 B
1675 2505 1741 2538 619
1764 2503 1824 2537 ille

428 2567 599 2605 sequetur
683 2563 749 2596 620
773 2561 933 2596 Aetolici
959 2566 1061 2595 ueste
1138 2562 1200 2595 621
1228 2562 1394 2596 additur:
1420 2564 1457 2596 et
1486 2571 1706 2604 quamquam
1730 2560 1824 2594 bene

337 2617 505 2651 uolumus
532 2617 666 2652 leniter
690 2618 884 2652 lenonibus
996 2618 1062 2652 623
1088 2617 1190 2652 foren
1219 2617 1249 2652 ἀ
1272 2617 1317 2661 Β,
1345 2617 1425 2652 fore
1451 2621 1488 2651 et
1515 2616 1543 2651 C
1651 2616 1685 2650 S.
1712 2617 1823 2651 itatu-

336 2685 413 2707 ram
442 2674 470 2709 C
603 2675 668 2708 624
693 2674 779 2708 Istic
908 2675 943 2708 in
971 2675 1095 2717 lingua
1121 2675 1209 2708 situs
1236 2686 1301 2708 om.
1327 2674 1363 2708 B
1493 2675 1559 2708 625
1584 2673 1684 2718 loqui
1709 2673 1765 2708 bis
1788 2672 1824 2707 B

335 2731 401 2764 626
427 2730 467 2764 E.
494 2741 559 2765 om.
666 2732 732 2765 629
759 2742 884 2765 amnes
989 2732 1057 2765 630
1080 2732 1158 2775 ripa
1183 2743 1249 2764 uos
1359 2732 1422 2765 631
1451 2734 1580 2764 uostra
1604 2730 1750 2774 gradiar
1773 2729 1824 2773 ly·

335 2787 423 2820 mito
448 2787 483 2821 B
576 2788 642 2821 632
668 2787 888 2822 tantundvm
915 2788 944 2821 si
1038 2789 1104 2822 633
1130 2787 1217 2831 quid
