1963 3243
103 245 171 287 111,
204 248 231 287 1,
263 246 370 280 1—23
746 246 954 281 Pseudolus.

772 466 932 508 PUER.

107 591 217 641 Quoi
249 592 505 633 seruitutem
538 590 579 632 di
611 590 777 632 danunt
808 591 1023 633 lenoniam

106 663 256 707 Puero.
290 668 420 716 atque
453 663 591 704 eidem
625 663 659 704 si
692 662 858 704 addunt
889 662 1216 717 turpitudinem,

107 734 169 776 Ne
201 735 277 785 illi,
310 740 518 789 quantum
552 748 629 788 ego
662 748 773 775 nuno
806 734 933 776 corde
966 735 1185 788 conspicio
1217 747 1326 784 meo,

107 805 265 848 Malam
296 820 385 848 rem
417 819 615 860 magnam
649 805 892 858 multasque
924 820 1152 848 aerumnas
1186 806 1362 848 danunt.

107 877 235 920 L'elut
266 877 373 919 haec
405 878 508 919 mihi
540 878 683 919 euenit
715 879 913 928 seruitus,
945 877 1019 919 ubi
1051 892 1128 932 ego
1161 878 1359 920 omnibus

106 949 261 991 Paruis
293 951 548 1004 magnisque
580 950 762 991 miseriis
795 948 1069 1003 praefuloior,

107 1021 254 1077 Neque
288 1036 366 1076 ego
399 1027 636 1064 amatorem
669 1020 771 1062 mihi
804 1021 997 1063 inuenire
1030 1021 1166 1063 ullum
1199 1036 1321 1076 queo,

108 1094 190 1144 Qui
221 1099 337 1136 amet
369 1108 447 1146 me,
478 1097 526 1135 ut
558 1107 682 1135 curer
713 1093 888 1134 tandem
922 1092 1210 1135 nitidiuscule.

107 1165 229 1207 Nunc
261 1166 359 1208 huic
390 1165 534 1208 lenoni
565 1165 693 1207 hodie
727 1170 791 1206 est
824 1164 982 1206 natalis
1015 1165 1125 1216 dies;

107 1237 413 1280 Interminatus
447 1242 514 1280 est
546 1251 570 1279 a
602 1238 792 1279 minumo
824 1237 879 1278 ad
912 1251 1173 1288 maxumum,

110 1309 152 1351 Si
185 1310 279 1363 quis
312 1324 395 1352 uon
426 1309 554 1351 hodie
587 1323 742 1350 munus
774 1309 964 1351 misisset
997 1308 1092 1359 sibi,

109 1381 219 1422 Eum
250 1395 346 1423 cra-s
379 1382 575 1423 cruciatu
606 1394 804 1422 maxumo
838 1380 1067 1434 perbitere.

60 1487 63 1490 .
105 1453 231 1495 Nunc
262 1454 409 1495 nescio
442 1453 599 1503 hercle,
630 1453 758 1494 rebus
790 1452 893 1505 quid
925 1452 1081 1494 faciam
1113 1452 1231 1503 meis,

107 1525 256 1579 Neque
288 1538 365 1578 ego
397 1525 505 1567 illud
538 1539 710 1579 possum
743 1524 860 1578 quod
891 1523 954 1565 illi
986 1526 1060 1578 qui
1092 1530 1272 1579 possunt
1303 1523 1454 1566 solent.

109 1595 249 1650 [Nunc-
280 1598 360 1638 nisi
391 1597 535 1639 lenoni
566 1611 722 1639 munus
754 1596 880 1638 hodie
914 1597 1081 1646 misero,

109 1667 212 1711 Cras
243 1670 347 1711 1111111
379 1668 594 1723 potandus
626 1668 793 1710 fructus
826 1674 892 1710 est
921 1667 1158 1722 fullonius]

106 1740 240 1790 Eheu,
274 1754 405 1795 quam
435 1740 534 1782 illae
566 1741 628 1781 rei
659 1754 736 1794 ego
769 1741 901 1782 etiam
932 1754 1044 1781 nunc
1077 1754 1169 1782 sum
1201 1739 1422 1794 paruolus.

107 1814 247 1866 Atque
280 1811 444 1867 edepol,
474 1817 522 1854 ut
553 1825 666 1853 nunc
697 1811 810 1853 male
840 1811 1001 1853 malum
1033 1817 1178 1854 metuo
1211 1813 1351 1862 miser,

108 1883 150 1926 Si
182 1884 397 1938 quispiam
429 1883 502 1926 det
533 1885 605 1938 qui
636 1897 788 1925 manus
819 1884 995 1937 grauior
1028 1884 1122 1934 siet,

108 1956 380 2010 Quamquam
411 1955 519 1997 illud
550 1956 671 1997 aiunt
702 1969 856 2009 magno
888 1955 1049 2008 gemitu
1080 1955 1186 2005 fieri,

108 2025 385 2082 Conprimere
418 2027 560 2069 dentis
592 2027 744 2069 uideor
775 2041 899 2081 posse
934 2027 1079 2080 aliquo
1113 2026 1252 2068 modo.

107 2099 190 2141 Sed
222 2099 535 2153 conprimunda
567 2104 633 2141 est
663 2098 768 2140 mihi
802 2111 884 2141 uox
916 2105 1046 2152 atque
1079 2099 1237 2149 oratio;

107 2171 218 2212 Erus
251 2184 397 2213 eccum
427 2171 582 2225 recipit
615 2185 659 2212 se
693 2170 864 2212 domum
897 2175 939 2212 et
971 2169 1090 2212 ducit
1121 2183 1314 2223 coquom.

1543 254 1594 292 65

1520 469 1593 510 DU

1529 891 1597 924 775

1531 1250 1597 1282 780

1531 1606 1598 1639 785

1533 1965 1598 1998 790

200 2582 355 2616 Titulum
382 2590 447 2615 om.
475 2580 503 2615 C
592 2582 659 2614 772
682 2581 779 2615 idem
808 2580 835 2615 C
926 2582 991 2614 775
1017 2580 1130 2615 Uellit
1156 2580 1184 2614 C
1275 2580 1341 2613 776
1366 2578 1595 2623 praefulgior

105 2639 170 2672 777
197 2638 308 2672 ullum
332 2638 498 2672 inuenire
653 2639 718 2671 778
743 2644 846 2672 curet
997 2639 1064 2671 780
1090 2637 1352 2671 Interminatus
1380 2641 1455 2669 tam
1479 2636 1593 2670 inimo

106 2696 171 2729 782
195 2694 287 2729 Tum
379 2695 444 2728 783
471 2694 554 2738 quia
578 2693 622 2735 Β,
650 2705 721 2737 qua
747 2693 774 2727 C
865 2695 930 2727 786
957 2698 1133 2738 potantus
1160 2692 1195 2726 B
1284 2693 1349 2727 787
1376 2691 1436 2726 ille
1462 2692 1592 2735 relego

103 2752 173 2785 788
197 2751 288 2786 male
314 2762 395 2786 eum
420 2756 544 2785 metuo
626 2751 690 2784 7³3
717 2760 823 2785 ecum
849 2748 884 2783 B
977 2749 1087 2784 ducet.
1113 2749 1140 2783 C

1303 2825 1322 2858 5
