1963 3243
293 213 373 251 344
917 208 1115 244 Mercator.

294 338 440 377 Abiens
476 340 608 386 uxori,
649 351 734 388 quae
767 338 923 376 domum
954 339 1134 386 intravit,
1175 340 1337 388 clamat,
1376 343 1421 376 ut
1458 341 1619 390 opsonia
1657 345 1746 378 ante

292 407 393 445 aedes
423 408 592 445 iacentia
623 407 768 444 auferri
798 406 944 454 iubeat,
982 420 1030 444 ne
1061 419 1199 456 magno
1229 408 1358 457 pretio
1391 411 1522 458 empta
1551 409 1748 447 inutiliter

291 479 468 526 pereant.
501 495 554 501 —
587 476 679 513 790.
711 475 800 513 hinc
831 475 920 513 add.
952 474 1036 524 Pyl.
1069 494 1122 501 —
1155 476 1248 513 791.
1280 475 1439 523 Eadem,
1471 476 1597 524 simul,
1628 490 1664 515 v.
1698 477 1748 514 ad

291 543 431 582 Bacch.
465 545 531 582 47.
562 563 616 570 —
645 545 801 593 rectius,
831 543 983 590 melius,
1015 543 1173 581 lautius.

408 750 500 788 792.
532 749 630 798 Syra
667 752 874 798 postquam
913 748 1098 799 Dorippae
1135 752 1286 798 patrem
1328 750 1433 787 domi
1470 763 1547 788 non
1586 751 1747 799 invenit,

291 818 405 864 redit,
442 821 487 855 ut
517 818 591 856 hoc
620 818 723 855 herae
754 818 922 856 nuntiet.
983 817 1035 855 ad
1063 819 1217 865 patrem
1249 818 1298 855 ad
1329 829 1403 867 quo
1434 819 1750 857 accommodatur

292 899 364 935 pro
402 890 550 935 „,pater
582 886 631 923 ad
663 884 821 937 quem“,
853 886 899 924 cf.
935 887 1027 924 503.

408 955 644 993 794-805.
687 954 779 991 Haec
809 956 850 992 in
882 955 993 992 codd.
1025 957 1117 1005 post
1148 955 1228 992 817
1260 925 1503 993 collocantur
1532 969 1749 1007 novamque

294 1022 468 1060 efficiunt
497 1036 666 1072 scenam,
699 1023 760 1060 cui
792 1022 924 1060 SYRA
954 1024 1092 1060 titulus
1122 1023 1361 1061 inscribitur.
1413 1023 1511 1071 Illic,
1541 1029 1749 1075 postquam

293 1091 390 1140 Syra
430 1091 651 1140 Eutychum
691 1095 823 1129 secuta
869 1091 984 1139 abiit,
1031 1090 1128 1128 ferri
1171 1104 1248 1128 non
1293 1105 1407 1141 posse
1447 1097 1629 1143 apparet3
1676 1094 1749 1132 huc

292 1160 500 1197 transtulit
537 1160 710 1198 Bothius.
771 1160 829 1197 Ac
867 1161 947 1197 sive
984 1159 1151 1197 Plautus
1188 1159 1270 1197 haec
1307 1161 1465 1210 scripsit
1501 1162 1601 1210 sive,
1646 1163 1750 1213 quod

292 1230 425 1279 pot-ius
457 1230 585 1276 credo,
618 1233 737 1278 poeta
767 1230 886 1279 paulo
916 1229 1147 1278 posterioris
1178 1231 1318 1277 aetatis,
1350 1230 1390 1267 id
1421 1234 1617 1281 spectasse
1641 1232 1749 1269 vide-

292 1302 371 1345 tur,
415 1301 461 1335 ut
491 1298 694 1347 aliquanto
726 1299 842 1347 plura
873 1297 979 1334 dicat
1010 1296 1108 1346 Syra
1141 1300 1232 1334 ante
1262 1310 1378 1346 quam
1410 1298 1535 1336 altera
1564 1312 1747 1350 persona,

293 1365 506 1415 Eutychus,
562 1368 700 1403 intret.
789 1367 851 1404 Ad
903 1368 1175 1414 argumentum
1227 1366 1449 1403 conferatur
1493 1365 1591 1404 Cato
1645 1369 1748 1418 apud

293 1434 462 1472 Gellium
493 1434 540 1482 X,
577 1436 640 1473 23.
677 1454 727 1460 —-
762 1436 854 1473 795.
892 1432 1107 1482 ‚,DIiserae“
1142 1435 1273 1484 inquit
1309 1435 1356 1473 R.
1399 1435 1478 1482 „sic
1516 1436 1749 1474 collocatum

291 1517 369 1542 non
401 1501 671 1550 Plautinum“,
705 1504 811 1553 quod
843 1515 913 1552 ego
945 1516 1022 1540 non
1053 1502 1339 1540 affirmaverim.
1385 1503 1529 1551 Bergk.
1558 1504 1642 1542 Ind.
1669 1505 1748 1543 sch.

292 1572 398 1610 Hall.
435 1573 652 1610 1858—59
693 1586 731 1622 p.
773 1572 825 1609 VI
864 1573 961 1610 coni.
1007 1569 1158 1620 „iure“.
1205 1591 1257 1598 —
1305 1573 1384 1610 796
1423 1585 1480 1621 sq.
1542 1571 1599 1609 De
1628 1573 1750 1611 Sibis

291 1642 426 1690 posito
465 1655 501 1678 v.
543 1641 592 1678 ad
631 1642 722 1679 Aul.
763 1642 856 1687 223,
897 1641 944 1678 cf.
976 1640 1120 1678 Pseud.
1155 1641 1248 1678 266.
1281 1654 1337 1690 sq.
1397 1641 1518 1678 Poen.
1554 1641 1660 1678 1044
1692 1655 1747 1691 sq.

1866 0 1893 102 12-ss

296 1711 401 1747 1113
430 1723 489 1759 sq.
535 1710 675 1759 Amph.
703 1710 782 1747 934
809 1722 867 1758 sq.
901 1729 954 1734 —
980 1709 1073 1746 798.
1099 1710 1229 1746 uirum
1253 1709 1402 1746 Parcus
1426 1709 1476 1746 ad
1502 1713 1746 1747 constantem
1790 1727 1796 1729 ·
1872 1727 1875 1730 ·

292 1778 423 1816 Plauti
460 1792 585 1828 usum,
627 1779 674 1816 cf.
717 1779 808 1816 796.
852 1779 945 1817 356.
988 1778 1079 1815 537.
1113 1777 1163 1816 al.
1198 1796 1246 1802 —
1282 1779 1375 1816 799.
1409 1789 1528 1816 causa
1557 1779 1747 1827 querendi

292 1851 331 1884 et
361 1848 565 1897 puniendi.
599 1867 654 1872 —
685 1848 780 1885 802.
812 1848 880 1894 qui
908 1848 1050 1890 minus,
1090 1860 1125 1884 v.
1159 1845 1290 1885 Madv.
1322 1846 1464 1897 Opusc.
1496 1847 1545 1884 II.
1578 1861 1616 1898 p.
1651 1849 1745 1886 265.

291 1935 345 1940 —
376 1915 472 1952 Post
503 1917 582 1954 803
617 1929 702 1966 quae
734 1917 772 1952 in
804 1915 916 1952 codd.
948 1915 1146 1963 leguntur,
1178 1928 1225 1952 ex
1254 1915 1359 1952 mala
1389 1916 1624 1966 repetitione
1655 1928 1743 1953 ver-

291 1997 355 2022 sus
389 1985 468 2022 796
501 1990 587 2023 orta
617 1989 720 2022 sunt.
753 2004 806 2009 —-
838 1985 933 2022 804.
964 1983 1053 2022 illae
1084 1983 1143 2022 ed.
1177 1997 1236 2034 pr.

406 2054 498 2091 810.
539 2055 596 2091 mi
633 2053 721 2091 add.
764 2052 846 2101 Pyl.
889 2072 940 2077 -
981 2053 1074 2090 812.
1114 2052 1159 2090 In
1197 2056 1374 2102 tempore
1413 2052 1616 2090 advenisse
1654 2052 1748 2089 hera

291 2122 448 2168 dicitur,
489 2126 532 2159 ut
571 2121 764 2170 flagitium
805 2121 959 2159 familiae
996 2120 1236 2171 prohiberet.
1304 2119 1402 2160 Cum
1439 2121 1587 2169 quidem
1623 2121 1748 2160 salute

289 2190 460 2236 familiai
497 2190 624 2239 Both„
667 2194 710 2228 ut
746 2190 871 2228 Graeci
911 2190 977 2226 σύν
1014 2204 1055 2240 γε
1091 2190 1191 2238 τύχῃ,
1234 2190 1364 2227 Latini
1404 2190 1544 2227 saltem
1580 2191 1620 2227 in
1660 2190 1746 2229 aliis

289 2258 470 2305 vocibus,
521 2273 554 2297 v.
594 2259 726 2297 Madv.
767 2258 815 2296 ad
857 2258 933 2296 Cic.
975 2259 1062 2296 Fiu.
1104 2257 1154 2305 ΙΙ,
1198 2259 1261 2307 13,
1302 2259 1368 2297 43.
1430 2258 1579 2296 Camer.
1613 2262 1652 2296 et
1682 2258 1744 2296 R.:

294 2326 395 2373 „Sua
442 2327 599 2377 quidem
645 2327 771 2365 salute
817 2341 860 2364 ac
899 2324 1102 2374 familiai“‚
1149 2326 1307 2364 Muell.:
1380 2326 1455 2374 „Et
1493 2326 1650 2376 quidem
1689 2340 1745 2364 sa-

289 2396 371 2433 lute
417 2410 487 2434 sua
533 2410 576 2434 ac
619 2393 833 2442 familiae“‚
880 2396 1023 2433 omissa
1067 2397 1362 2446 praepositione,
1410 2400 1454 2432 ut
1498 2394 1639 2444 Amph.
1682 2395 1746 2441 32,

289 2466 355 2503 ubi
387 2465 465 2503 vid.

402 2603 511 2640 Inter
548 2617 584 2641 v.
626 2603 704 2640 817
749 2606 788 2639 et
828 2603 907 2639 794
947 2603 984 2639 in
1026 2601 1113 2639 edd.
1156 2601 1447 2651 antiquioribus
1485 2600 1574 2637 inde
1615 2614 1635 2636 a
1674 2599 1744 2637 Pio

289 2672 516 2709 inseruntur
568 2674 767 2721 octoginta
813 2676 901 2708 octo
949 2683 1084 2709 versus
1131 2669 1178 2708 ab
1224 2669 1326 2706 Italo
1372 2669 1540 2718 quodam
1586 2667 1744 2706 homine

289 2740 456 2787 conficti,
488 2740 630 2789 quibus
663 2739 918 2789 Demiphonis
949 2752 1047 2776 uxor
1076 2739 1341 2778 introducitur
1372 2738 1420 2774 de
1450 2737 1582 2774 mariti
1605 2737 1743 2774 crude-

288 2807 399 2845 litate
431 2821 607 2858 querens,
640 2809 706 2859 qui
735 2807 859 2845 filium
890 2810 929 2846 in
962 2808 1141 2846 exsilium
1173 2808 1229 2845 ire
1260 2813 1386 2858 cogat,
1419 2810 1458 2845 et
1489 2804 1628 2844 deinde
1659 2817 1743 2844 cum
