1963 3243
207 221 286 261 358
850 215 1043 250 Poenulus.

204 344 300 384 riri³‘
343 346 541 383 dicuntur.
624 344 748 394 Gepp.
793 341 1018 390 „Alecu1a“,
1058 345 1170 392 quasi
1207 344 1349 390 muria,
1391 357 1477 393 quae
1516 346 1696 394 proximo

205 428 321 453 versu
359 410 496 452 hallex
527 413 759 462 quibusdam
794 412 870 449 dici
900 413 984 448 visa
1015 415 1091 458 est3
1138 411 1328 460 glossaria
1364 411 1546 461 pollicem
1583 413 1696 463 pedis

207 486 411 529 enarrant,
459 482 570 530 quasi
612 480 749 517 Hanno
795 491 927 528 parvae
972 482 1131 516 staturae
1171 479 1302 517 fuerit.
1393 479 1551 517 Loewio
1597 480 1694 517 Pro-

205 551 327 588 drom.
367 564 405 600 p.
450 550 528 587 273
580 544 760 595 „hallux“
805 547 920 584 huius
970 548 1137 584 nominis
1176 559 1274 583 vera
1309 547 1434 584 forma
1471 547 1694 596 videbatur,

205 619 251 656 cf.
299 618 405 654 Fest.
452 630 511 653 vv.
564 613 740 663 „hallus“
790 619 829 652 et
879 612 1043 661 „allus“.
1095 634 1150 640 —-
1193 612 1208 651 i
1245 613 1312 661 in,
1361 615 1406 652 cf.
1455 615 1502 651 ad
1551 615 1696 654 Pseud.

207 687 299 724 336.
342 705 390 710 —
435 685 553 722 1309.
593 682 866 730 contractare,
909 682 956 719 cf.
993 683 1085 720 697.
1129 702 1177 707 -
1226 683 1345 720 1310.
1390 677 1547 721 Maena
1576 684 1697 732 piscis

205 757 297 791 nota
329 758 406 799 est3
438 754 615 801 proxima
648 752 822 789 convicia
853 763 1004 788 omnem
1033 751 1094 788 vel
1118 751 1404 787 enarrationem
1431 751 1492 788 vel
1517 752 1696 788 emenda-

205 824 352 859 tionem
399 820 641 870 probabilem
683 823 884 867 respuunt.
931 837 978 843 —
1031 819 1150 856 1312.
1196 814 1288 855 Alli
1330 814 1537 868 ulpicique
1580 819 1697 857 facile

150 891 153 894 ’
207 890 469 926 emendatum.
553 887 740 925 Columel.
779 886 857 932 XI,
900 888 941 933 3,
983 887 1055 923 20:
1111 884 1340 935 „Ulpicum,
1387 887 1493 935 quod
1539 888 1696 937 quidam

205 958 337 994 allium
380 957 567 993 Punicum
607 960 771 1001 vocant,
819 953 944 991 Graeci
988 958 1117 991 autem
1162 953 1434 1002 ἀφροσκόροδον
1479 956 1694 1005 appellant.

205 1026 320 1074 longe
361 1026 521 1062 maioris
562 1027 621 1060 est
658 1023 887 1060 incrementi
920 1035 1035 1071 quam
1070 1020 1243 1058 allium“.
1307 1022 1388 1059 Hoc
1421 1023 1544 1070 igitur
1574 1023 1697 1061 Poeni

206 1093 428 1139 utebantur,
463 1106 532 1129 nec
565 1092 678 1128 aliter
711 1091 876 1128 Romani
907 1093 1098 1139 remiges3
1147 1090 1336 1140 milesque
1368 1092 1421 1138 ei,
1454 1104 1568 1140 quem
1598 1091 1696 1129 Poe-

205 1174 295 1198 num
323 1174 405 1197 esse
431 1160 549 1205 videt,
583 1160 772 1196 foetorem
798 1160 876 1196 oris
901 1158 1048 1202 obiicit,
1081 1162 1124 1194 ut
1151 1158 1267 1195 Most.
1289 1159 1339 1195 38
1364 1159 1537 1196 urbanus
1562 1172 1697 1197 servus

205 1230 368 1266 rustico.
406 1248 452 1253 —
492 1229 610 1265 1313.
634 1224 851 1275 pruriunt,
885 1240 919 1264 V.
954 1226 1002 1262 ad
1026 1226 1167 1276 Amph.
1188 1227 1280 1264 291.
1312 1246 1359 1251 —
1397 1227 1500 1264 1315
1535 1240 1591 1276 sq.
1625 1225 1696 1265 (cd-

205 1293 319 1334 hibes
357 1297 400 1334 l‘u
437 1297 595 1345 scripsi,
642 1295 747 1345 quod
777 1295 1001 1344 proximum
1038 1292 1246 1343 „loquere“
1282 1294 1477 1343 postulat3
1524 1297 1697 1333 numeris

206 1366 297 1403 solis
329 1365 579 1402 consulentes
610 1363 731 1400 Weis.
770 1360 938 1409 „istaec“
974 1363 1062 1409 del„
1097 1362 1243 1412 Gepp.:
1280 1362 1406 1410 „Quin
1438 1362 1694 1401 adhibuisti“.

206 1433 339 1479 Miles,
388 1433 454 1481 qui
488 1429 702 1469 Cinaedwn
735 1433 926 1468 eviratum
960 1431 1255 1478 Agorastoclem
1297 1431 1567 1481 appellaturus
1599 1435 1694 1477 erat,

207 1504 263 1538 ait
294 1514 377 1537 eum
412 1500 613 1538 Gallorum
654 1513 760 1536 more
800 1513 885 1537 cum
926 1503 1111 1548 tympano
1152 1499 1297 1535 saltare
1337 1499 1482 1535 debere
1525 1503 1563 1536 et
1593 1500 1698 1537 inter

206 1569 443 1618 loquendum
485 1573 714 1616 tympanum
754 1568 931 1617 pulsare,
979 1568 1026 1604 cf.
1059 1567 1222 1606 Sueton.
1254 1568 1352 1615 Aug.
1395 1567 1466 1604 68:
1519 1580 1697 1613 „versum

207 1637 252 1673 de
279 1636 392 1673 Gallo
420 1637 561 1673 Matris
594 1636 709 1673 deum
733 1639 1042 1685 tympanizante:
1092 1635 1260 1672 Videsne
1291 1638 1335 1672 ut
1367 1635 1536 1672 cinaedus
1564 1635 1698 1672 orbem

207 1705 332 1753 digito
363 1703 614 1754 teinperat?‘'
650 1724 703 1728 -—
744 1705 862 1742 1320.
903 1703 994 1741 Haec
1027 1717 1103 1740 non
1135 1703 1184 1739 ad
1215 1704 1394 1752 proxime
1426 1703 1698 1740 antecedentia

205 1773 454 1822 respondent,
488 1773 554 1810 secl
587 1773 635 1809 ad
666 1787 701 1809 v.
726 1773 852 1818 13123
886 1785 1006 1820 quare
1039 1772 1169 1808 nescio
1202 1785 1249 1808 an
1282 1770 1472 1808 additicia
1502 1773 1580 1808 sint
1611 1784 1698 1820 quae

204 1842 465 1878 intercedunt.
532 1836 611 1889 Qui
641 1839 819 1889 Seyffert.
838 1840 940 1877 Phil.
959 1839 1090 1877 XXIX
1116 1852 1153 1888 p.
1183 1841 1261 1876 392
1295 1839 1380 1876 coll.
1413 1839 1531 1876 1369.
1578 1839 1695 1888 Epid.

210 1910 299 1947 101.
330 1910 423 1947 332.
485 1909 588 1946 Men.
618 1909 710 1946 332.
771 1908 871 1945 Rud.
907 1909 998 1945 639.
1032 1928 1088 1932 —
1129 1908 1248 1945 1321.
1280 1903 1553 1952 inclementer,
1586 1921 1621 1944 v.
1648 1906 1698 1944 ad

207 1978 347 2028 Amph.
383 1978 476 2014 735.
515 1996 571 2001 —
619 1976 738 2013 1324.
788 1972 884 2013 bene
922 1975 1097 2025 factum,
1145 1975 1192 2012 cf.
1233 1975 1321 2013 Ter.
1353 1975 1475 2012 Andr.
1511 1976 1603 2012 992.
1642 1995 1698 1999 —

210 2047 328 2083 1325.
364 2040 411 2083 Si
442 2042 545 2095 (said
560 2046 604 2089 A,
637 2049 682 2081 ut
713 2045 789 2081 iam
821 2044 881 2081 ed.
908 2057 967 2093 pr.
994 2064 1049 2069 --
1071 2044 1167 2081 Post
1198 2040 1339 2081 Zenoni
1368 2043 1518 2089 hiatus3
1556 2040 1693 2089 ‚,huic“

207 2114 295 2151 add.
323 2114 479 2162 Py1.-—
509 2113 626 2150 1326.
659 2108 801 2160 Quom,
832 2125 867 2149 v.
896 2112 943 2148 ad
974 2112 1112 2161 Amph.
1134 2113 1226 2150 636.
1253 2131 1307 2136 —
1337 2112 1455 2148 1327.
1495 2106 1698 2149 Credibile

208 2178 321 2227 dicit,
355 2195 390 2218 v.
424 2181 472 2218 ad
505 2181 586 2217 Mil.
622 2181 714 2217 293.
747 2199 801 2204 -
837 2181 1068 2218 1328—32.
1110 2181 1187 2218 Pro
1226 2180 1284 2217 his
1317 2180 1486 2229 quinque
1517 2179 1697 2216 versibus

210 2251 248 2286 in
282 2250 313 2286 A
348 2249 470 2298 Gepp.
504 2254 586 2286 tres
618 2248 737 2285 fuisse
769 2249 884 2286 dicit:

279 2316 877 2354 SEDECCUMLENONEMIN
897 2346 904 2353 .
923 2317 939 2353 Ι

477 2384 542 2422 ΕΟ
807 2384 858 2421 LI
876 2412 998 2422 .....
1018 2383 1051 2421 D
1072 2415 1077 2421 .
1096 2415 1102 2422 .
1121 2384 1279 2423 ISCUM
1299 2414 1446 2422 ......
1467 2382 1492 2420 S

677 2453 711 2490 U
986 2452 1091 2490 TUN
1422 2450 1576 2497 UISKI,
1610 2462 1694 2500 quae

207 2522 261 2557 sic
293 2521 565 2570 redintegrare
598 2525 781 2558 conatur:

293 2588 366 2625 Sed
400 2603 528 2626 eccum
562 2589 758 2635 lenonem3
792 2590 986 2625 neminem
1020 2588 1215 2625 lubentius

294 2657 363 2693 Hic
396 2657 521 2702 video,
557 2658 621 2705 qui
650 2669 790 2693 -aurum
826 2670 950 2694 meum
984 2658 1062 2693 tuis
1095 2669 1180 2693 cum
1213 2656 1303 2693 filiis

292 2724 500 2762 Furatust:
533 2725 656 2763 bonus
688 2726 750 2761 uir
780 2737 819 2761 se
852 2726 993 2774 recipit
1024 2723 1209 2762 domums
1243 2723 1326 2760 HA.
1359 2721 1481 2769 Quis?
1513 2718 1603 2759 hic‘?
