1963 3243
156 169 217 214 IV,
242 170 275 213 9,
302 168 435 210 13—V,
459 171 481 203 7
708 167 816 202 Miles
842 167 1039 211 gloriosus.
1535 168 1611 207 123

157 295 214 338 Ut
244 295 470 336 adoriatur
502 295 740 338 moechum.
773 295 845 347 qui
879 293 1061 334 formast
1094 292 1225 337 ferox„

157 368 238 419 Qui
270 368 408 408 omnis
440 382 485 409 se
516 381 663 409 amare
695 366 846 417 credit,
880 379 1081 419 quaeque
1114 364 1362 416 adspexerit

157 439 323 490 Mulier,
357 453 483 493 quem
517 439 701 480 oderunt
732 452 818 492 qua
851 438 932 478 uiri
965 451 1052 491 qua
1083 435 1294 478 mulieres.
1528 447 1614 481 1385

155 512 277 554 Nunc
308 511 350 552 in
384 510 618 552 tumultum
650 510 743 562 ibo;
776 511 893 551 intus
925 510 1157 552 clamorem
1188 509 1331 550 audio.

233 1027 747 1071 PERIPLECOMENUS
781 1027 980 1069 SENEX.
1041 1025 1536 1069 PYRGOPOLINICES

492 1096 676 1139 MILES.
739 1094 976 1147 COQUOS.
1037 1095 1284 1138 LORARII.

650 1268 1126 1323 Periplecomenus

155 1342 307 1384 Ducite
338 1343 490 1393 istum3
523 1342 559 1383 si
590 1355 673 1383 non
709 1342 920 1396 sequitur,
952 1342 1094 1395 rapite
1127 1340 1357 1383 sublimem
1389 1339 1517 1381 foras.

154 1414 301 1457 Facite
331 1415 447 1456 inter
476 1419 639 1456 terram
671 1420 804 1469 atque
838 1413 1004 1456 caelum
1036 1420 1084 1454 ut
1115 1414 1215 1465 siet3
1247 1413 1493 1455 discindite.

658 1528 1108 1583 Pyrgopolinices

153 1599 343 1643 Obsecro
373 1600 531 1650 hercle,
562 1600 926 1655 Periplecomene,
959 1606 1015 1643 te.

643 1714 1121 1769 Periplecomenus

906 1787 1182 1842 Nequiquam
1213 1788 1357 1829 hercle
1390 1787 1609 1829 obsecras.

153 1859 262 1902 Uide
294 1866 341 1901 ut
371 1861 471 1902 istic
501 1859 582 1902 tibi
615 1861 673 1902 sit
705 1867 875 1910 acutus,
910 1859 1050 1910 Cario,
1084 1860 1224 1902 culter
1256 1859 1403 1914 probe.
1524 1870 1612 1903 1390

780 1972 987 2028 Coquos

151 2044 259 2095 Quin
291 2047 378 2088 iam
408 2046 570 2088 dudum
601 2048 737 2099 gestit
769 2046 948 2089 moecho
980 2046 1062 2088 hoc
1094 2047 1309 2088 abdomen
1341 2047 1546 2088 adimere.

150 2117 231 2160 Uin
264 2119 419 2160 faciam
451 2121 578 2174 quasi
610 2134 744 2173 puero
776 2120 820 2160 in
853 2119 965 2161 collo
998 2119 1218 2174 pendeant
1250 2119 1517 2172 crepundia?

651 2233 1104 2287 Pyrgopolinices

148 2303 274 2346 Perii.

237 2455 325 2489 1383
349 2466 495 2490 mecum
610 2453 732 2488 forma
755 2454 785 2488 si
905 2456 992 2490 1384
1017 2454 1119 2488 omni
1145 2453 1180 2488 Β
1284 2464 1466 2498 quemque
1494 2453 1524 2488 0

146 2510 301 2547 Mulier&
324 2511 368 2555 B,
392 2512 565 2546 Mulieres
591 2523 674 2547 eum
701 2510 730 2546 G
819 2512 925 2556 quasi
951 2512 1021 2545 uiri
1047 2511 1082 2545 Β
1175 2510 1338 2544 mulieris

235 2567 713 2603 PERIPLECTOMENUS
739 2567 775 2602 B
881 2568 1031 2604 COCUS
1058 2567 1093 2602 B
1201 2568 1363 2602 Titulum
1387 2577 1453 2601 om.
1481 2565 1510 2600 C

149 2626 234 2659 1387
259 2626 392 2660 sublim
418 2625 454 2660 B
555 2627 641 2660 1383
667 2626 716 2659 sit
810 2626 1023 2660 descendite
1049 2625 1085 2659 Β
1182 2626 1267 2658 1389
1294 2625 1609 2668 peripleotomene

145 2681 220 2725 AO,
262 2683 468 2728 peripleoto
504 2695 612 2718 mane
649 2682 685 2716 Β
814 2695 884 2719 nec
921 2684 1116 2727 quicquam
1155 2681 1190 2716 Β
1320 2683 1406 2715 1390
1441 2683 1538 2715 istuc
1575 2680 1610 2715 Β

235 2745 340 2774 actus
437 2742 518 2774 1391
536 2739 605 2775 CO.
630 2751 698 2775 om.
791 2751 896 2773 meoo
917 2739 953 2773 B
1046 2739 1205 2773 abdomo
1228 2737 1263 2772 Β
1360 2739 1444 2772 1392
1469 2737 1518 2772 Ut

145 2795 305 2839 pendeat
327 2795 364 2831 B
