1963 3243
355 230 434 271 170
1032 228 1154 264 Plauti
1559 229 1622 272 1v,
1647 232 1680 274 2,
1704 229 1839 266 37—43
1908 202 1927 223 '²

985 353 1212 408 Milphio

855 424 1092 475 Quemnam
1125 425 1369 468 hominem?

916 504 1276 559 Synoerastus
1916 564 1919 565 ⁷

1229 576 1318 619 Nec
1347 581 1391 619 te
1421 591 1500 619 neo
1530 591 1611 630 me,
1643 578 1839 633 Milphio,
1901 596 1916 626 ;

351 645 501 701 Neque
532 660 650 688 erum
679 660 822 689 meum
853 647 975 690 adeo.

978 727 1205 781 Milphio

855 798 991 849 Quem
1023 803 1168 841 ament
1198 799 1358 852 igitur?

908 891 1283 946 Syncerastus

1203 964 1412 1018 Aliquem,
1446 965 1601 1018 dignus
1633 965 1706 1018 qui
1736 965 1839 1018 siet3

296 1084 298 1086 v
352 1033 462 1076 Nam
493 1038 740 1077 nostrorum
771 1048 896 1077 nemo
929 1035 1115 1089 dignust.

977 1114 1210 1169 Milphio

1112 1187 1272 1240 Lepide
1303 1187 1493 1241 loquere.

915 1265 1281 1320 Syncerastus

1510 1339 1579 1380 Me
1611 1339 1747 1380 decet.
1773 1348 1841 1384 860
1883 1371 1888 1375 .

976 1408 1205 1464 Milphio

351 1481 462 1533 Quid
495 1481 617 1534 agis?

912 1551 1275 1606 Syncerastus

584 1625 729 1676 Facio,
763 1624 877 1679 quod
909 1624 1141 1666 manufesti
1174 1625 1340 1667 moechi
1372 1625 1488 1667 haud
1520 1625 1656 1667 ferme
1687 1625 1839 1669 solent.
1895 1668 1897 1670 .

979 1703 1210 1758 Milphio

356 1775 466 1827 Quid
496 1776 540 1818 id
571 1776 663 1818 est‘?

919 1846 1272 1900 Syneerastus

652 1919 805 1962 Refero
836 1933 945 1961 uasa
978 1919 1114 1960 salua.

980 1998 1208 2051 Milphio

1088 2071 1141 2112 Di
1172 2075 1215 2114 te
1247 2076 1290 2114 et
1319 2075 1439 2113 tuum
1472 2085 1590 2113 erum
1625 2070 1839 2125 perduint.

918 2149 1277 2204 Syncerastus

353 2221 422 2264 Me
453 2236 538 2264 non
569 2223 773 2276 perdent,
804 2222 923 2263 illum
950 2226 999 2264 ut
1022 2222 1218 2275 perdant,
1250 2221 1391 2264 facere
1417 2236 1605 2276 possum,
1639 2222 1674 2263 si
1697 2221 1839 2264 uelim.

357 2293 517 2347 [Meum
549 2307 666 2335 erum
700 2297 750 2336 ut
779 2294 976 2348 perdant,
1009 2295 1054 2335 ni
1085 2294 1189 2335 mihi
1221 2297 1423 2344 metuam,
1454 2293 1650 2348 Milphio.

981 2373 1205 2427 Milphio

1360 2443 1468 2493 Quid
1502 2444 1545 2486 id
1578 2444 1670 2486 est?
1702 2440 1839 2496 cedo]
1870 2465 1877 2469 -
1915 2508 1941 2526 .

441 2571 508 2604 858
532 2580 601 2604 nec
627 2573 729 2604 tenet
753 2568 789 2604 B
905 2579 961 2602 me
987 2579 1051 2603 om⁴
1081 2567 1109 2603 G
1220 2568 1287 2602 859
1321 2568 1455 2612 dignus
1489 2568 1550 2613 qui
1584 2567 1653 2602 siet
1684 2577 1749 2602 om.
1774 2564 1842 2601 BG
1887 2576 1889 2578 ·

353 2627 419 2661 860
444 2626 578 2670 diguus
604 2631 661 2660 est
761 2625 885 2670 lepidu
912 2625 1081 2669 eloquere
1106 2635 1164 2659 me
1264 2626 1328 2660 861
1356 2616 1563 2660 manufesto
1587 2624 1663 2658 imo
1689 2622 1770 2658 echi
1793 2621 1838 2662 B,
1934 2619 1937 2626 '

353 2682 563 2718 Manufesto
588 2682 751 2718 himechi
778 2681 808 2717 Ο
880 2682 953 2717 hau
977 2681 1012 2715 A
1102 2682 1168 2716 862
1194 2681 1367 2726 perdiunt
1391 2681 1436 2725 B,
1463 2681 1625 2726 perdunt
1651 2679 1680 2715 C
1774 2679 1840 2714 863

353 2739 469 2783 perde
494 2739 637 2774 nullum
663 2738 713 2782 B,
740 2750 807 2783 per
831 2738 954 2773 hercle
979 2738 1118 2772 nullum
1146 2737 1175 2773 G
1287 2739 1424 2782 possim
1449 2737 1518 2773 BC
1637 2738 1704 2772 864
1727 2735 1787 2772 nei
1813 2733 1842 2771 0

442 2796 513 2830 mei
538 2799 636 2830 tuam
664 2794 699 2830 B
