1963 3243
329 215 410 254 216
999 209 1118 245 Plauti
1508 207 1554 251 v,
1577 211 1609 248 4,
1641 208 1777 242 31-42

926 335 1181 389 Demipho

331 410 523 464 Supplici
557 409 639 450 sibi
670 414 814 451 sumat
845 407 960 462 quod
992 407 1085 449 uolt
1114 408 1205 461 ipse
1238 407 1292 449 ob
1323 406 1436 448 hano
1461 407 1682 459 iniuriam;
1711 419 1778 453 980

328 482 458 524 Modo
490 495 642 535 pacem
673 480 843 522 faciatis
875 493 965 529 oro,
996 484 1046 521 ut
1075 493 1128 521 ne
1161 479 1264 521 mihi
1294 480 1434 521 iratus
1465 479 1560 521 siet.

330 554 374 596 Si
405 554 551 595 hercle
582 553 809 595 sciuissem
841 552 934 593 siue
964 551 1074 593 adeo
1106 551 1248 594 ioculo
1281 551 1462 593 dixisset
1493 550 1597 591 mihi
1647 599 1650 601 Α

331 625 384 667 Se
423 625 544 666 illam
584 638 742 675 amare,
780 637 1014 676 numquam
1051 623 1241 666 facerem
1279 627 1327 664 ut
1358 622 1478 664 illam
1510 623 1674 665 amanti
1705 623 1778 664 ab-

1412 695 1625 736 ducerem.

332 766 538 820 Eutyche,
576 768 651 809 ted
680 782 754 809 oro
790 791 841 796 —
873 765 1034 808 sodalis
1066 767 1157 808 eius
1188 780 1234 808 es
1269 789 1317 795 —
1351 780 1480 808 serua
1511 771 1555 808 et
1585 767 1779 808 subueni.

332 838 457 880 Hunc
489 854 635 881 senem
667 853 774 893 para
805 838 1025 891 clientem3
1056 852 1288 880 memorem
1319 838 1438 880 dices
1468 838 1662 880 benefici.
1715 850 1782 884 985

882 985 920 1026 L
928 1000 956 1039 y
965 1000 986 1027 s
995 987 1061 1026 im
1071 1000 1095 1028 α
1104 1000 1124 1027 c
1133 986 1161 1027 h
1169 1002 1197 1028 u
1207 1000 1229 1028 s

333 1059 432 1111 Ora,
465 1067 512 1101 ut
542 1061 741 1112 ignoscat
771 1059 940 1101 delictis
971 1059 1060 1101 tuis
1092 1064 1223 1114 atque
1255 1058 1589 1100 adulescentiae.

931 1207 1076 1250 Demi
1123 1207 1187 1249 ho

332 1283 489 1335 Pergin
520 1287 567 1324 tu
598 1287 743 1324 autem
776 1283 821 1322 in
851 1295 918 1322 me
942 1222 1128 1334 superffe
1159 1280 1385 1322 inuehier‘?
1417 1280 1551 1334 Spero
1576 1293 1655 1333 ego
1681 1279 1784 1322 mihi

660 1403 664 1407 ι
1415 1365 1588 1407 quoque

333 1427 518 1481 Tempus
549 1427 635 1468 tale
667 1430 939 1477 euenturum,
969 1430 1017 1467 ut
1047 1425 1127 1467 tibi
1159 1425 1344 1478 gratiam
1376 1424 1560 1466 referam
1590 1437 1749 1478 parem.

885 1573 1233 1627 Lysimachus

334 1647 492 1689 Missas
523 1649 608 1689 iam
641 1662 719 1700 ego
749 1649 857 1690 istas
889 1654 1007 1691 artes
1037 1646 1133 1689 feci.

936 1785 1060 1826 Dem
1072 1783 1189 1836 ιῬΙιο

943 1857 999 1898 Et
1029 1855 1204 1911 quidem
1236 1870 1315 1909 ego
1347 1855 1504 1898 dehinc
1533 1855 1633 1897 iam.

888 1993 1232 2047 Lysimachus

1535 2064 1653 2106 Nihil
1683 2064 1786 2117 ayis.

337 2140 661 2183 Consuetudine
695 2139 863 2180 animus
895 2152 1046 2180 rursus
1079 2144 1121 2179 te
1153 2137 1237 2179 huc
1267 2137 1455 2178 inducet..

936 2275 1191 2329 Demipho

1488 2345 1694 2396 Obsecro,
1724 2353 1790 2388 990

338 2423 454 2464 Satis,
486 2423 571 2462 iam
603 2428 649 2462 ut
680 2421 890 2463 habeatis.
939 2420 1050 2471 Quin
1082 2420 1187 2462 loris
1219 2420 1386 2462 caedite
1419 2420 1564 2469 etiam,
1597 2418 1633 2458 si
1654 2415 1787 2458 lubet.

428 2609 495 2642 980
520 2608 589 2641 sibi
615 2616 681 2641 om.
709 2605 738 2640 Ο
827 2605 915 2650 quid
1007 2605 1071 2638 981
1106 2602 1217 2637 faciat
1241 2602 1376 2636 misero
1402 2606 1442 2635 ut
1466 2599 1502 2635 B
1595 2599 1708 2633 iratus
1732 2599 1790 2632 est

428 2666 494 2698 952
519 2665 642 2699 loculo
766 2664 832 2697 983
858 2662 931 2697 Sed
957 2661 987 2697 0
1112 2662 1179 2695 984
1203 2664 1241 2694 te
1364 2669 1443 2693 esse
1469 2669 1555 2692 rura
1575 2661 1612 2692 et
1723 2654 1790 2691 985

339 2733 429 2765 para
455 2733 513 2755 me
607 2720 769 2755 benefiet
793 2719 828 2754 B
928 2720 994 2753 986
1020 2717 1093 2753 LY.
1119 2728 1185 2752 om.
1284 2717 1423 2751 deliciis
1523 2713 1698 2751 9871218.

340 2784 461 2812 autem
488 2778 558 2821 huc
584 2778 741 2822 superbe
755 2777 798 2820 B,
825 2780 947 2810 autem
972 2775 1033 2809 hia
1052 2774 1211 2818 superbe
1227 2773 1256 2809 C
1345 2772 1520 2807 inuehere
1612 2771 1678 2805 989
1691 2767 1789 2804 LYS.

339 2847 405 2870 om.
499 2835 632 2870 Missus
727 2832 899 2868 artificiet
993 2833 1071 2876 agis
1097 2842 1163 2866 om.
