1963 3243
380 250 458 289 116
1053 247 1174 281 Plauti
1549 244 1611 289 IV,
1635 247 1669 289 8,
1696 249 1828 283 14—26
1887 246 1906 250 ‘⁴

876 372 1325 414 Philocomasium
1742 422 1750 427 ‚

734 493 738 496 ,
1572 443 1666 485 Non
1699 458 1824 498 queo,

376 516 514 566 Quom
545 522 588 558 te
620 517 761 559 uideo.

888 592 1326 647 Pyryopolinices

646 667 769 709 Habe
800 667 961 708 bonum
992 667 1195 707 animum.

876 779 1326 821 Philocomasium

1155 850 1254 893 Scio
1287 865 1364 904 ego
1396 851 1502 905 quid
1533 852 1679 894 doleat
1711 853 1826 896 mihi.
1895 820 1920 843 ἰ,

948 964 1259 1006 Palaestrio

375 1039 482 1079 Nam
516 1038 622 1079 nihil
656 1039 799 1087 miror,
834 1038 867 1077 si
894 1037 1104 1082 lubenter,
1132 1037 1509 1086 Philocomasium,
1543 1037 1612 1077 hic
1628 1050 1724 1077 eras
1744 1047 1830 1082 1320

377 1111 618 1164 Formaque
673 1110 811 1160 huius,
865 1123 1020 1160 mores,
1066 1109 1204 1150 uirtus
1251 1110 1442 1150 animum
1488 1101 1712 1151 adtinuere
1758 1109 1829 1150 hic

883 1227 885 1230 ,
1492 1187 1627 1231 tuum,

377 1253 512 1303 Quom
545 1267 624 1306 ego
665 1267 828 1303 seruos,
868 1252 1042 1306 quando
1074 1252 1269 1306 adspicio
1301 1253 1426 1302 hunc,
1462 1252 1696 1294 lacrumem
1729 1254 1830 1308 quia

1350 1325 1624 1378 diiungimur.

879 1403 1321 1446 Philocomasium

374 1478 576 1529 Obsecro,
610 1478 710 1519 licet
741 1478 956 1531 conplecti
990 1477 1106 1530 prius
1139 1491 1270 1530 quam
1302 1476 1556 1531 proficisco‘?

886 1589 1329 1644 Pyryopolinices

1578 1648 1713 1691 Licet.

879 1750 1327 1792 Philocomasium

378 1825 411 1865 O
443 1825 526 1865 mei
557 1823 682 1874 oculi,
715 1837 738 1864 ο
770 1824 827 1864 mi
858 1824 1012 1864 anime.

958 1936 1254 1977 Palaestrio

1056 2008 1257 2058 Obsecro,
1292 2013 1391 2050 tene
1424 2008 1659 2055 mulierem,

378 2081 442 2123 Ne
475 2080 722 2135 adfligatur.

888 2183 1120 2237 Pyryopo
1134 2184 1145 2224 Z
1158 2184 1320 2224 mices

648 2255 761 2305 Quid
791 2256 904 2297 istuc
936 2256 1170 2309 quaesost‘e

958 2369 1247 2411 Palaestrio

963 2441 1074 2492 Quia
1103 2442 1182 2483 abs
1213 2447 1256 2483 te
1287 2441 1392 2492 abit,
1426 2441 1568 2482 animo
1600 2441 1712 2483 male
1745 2452 1830 2486 1325

381 2514 605 2556 Factumst
635 2514 736 2555 huic
766 2520 946 2567 repente
979 2515 1175 2555 miserae.

473 2640 558 2673 1319
583 2639 649 2683 Qffi
677 2638 710 2673 B
816 2637 884 2672 PY.
911 2648 975 2672 om.
1082 2637 1154 2672 ΡΑ.
1180 2638 1256 2672 scio
1281 2636 1317 2671 B
1420 2637 1541 2681 inquit
1646 2637 1734 2671 1320
1756 2636 1828 2671 ΡΛ.
1879 2660 1883 2662 -
1944 2688 1949 2696 ι

378 2707 444 2731 om,
469 2696 505 2730 B
600 2697 682 2731 1321
711 2695 845 2729 Forma
868 2694 975 2728 huius
1001 2705 1141 2728 morem
1234 2694 1293 2728 hic
1318 2694 1480 2728 animum
1502 2695 1659 2728 attinere
1679 2694 1738 2728 hic

382 2755 468 2793 1322
493 2752 606 2795 Quem
642 2752 671 2788 C'
771 2753 976 2786 lacrumun·
1011 2751 1291 2795 quiadiungitur
1398 2752 1483 2785 1323
1509 2750 1583 2784 PH.
1612 2755 1645 2785 et
1669 2749 1739 2784 PY.
1764 2760 1829 2785 om.

449 2812 535 2844 1324
561 2809 615 2844 Oh
663 2809 754 2843 mihi
848 2809 944 2843 omei
973 2808 1001 2843 0
1090 2808 1160 2841 ΡΑ.
1188 2818 1251 2842 om.
1345 2812 1381 2842 te
1478 2808 1564 2841 1325
1589 2806 1738 2842 PY.om.

379 2874 538 2911 que-post
563 2868 624 2911 qui
651 2867 754 2900 abste
850 2867 936 2899 1326
961 2866 1112 2898 miserat
1137 2866 1255 2898 currit
1279 2871 1315 2897 et
