1963 3243
140 214 247 249 supp.
274 202 408 238 28-85
789 203 982 238 Poenulus.
1548 211 1627 250 215

141 327 189 370 Id
219 328 284 370 uti
316 328 516 380 ignoscas
549 342 712 383 quaeso
745 334 799 373 et,
833 343 961 383 quom
996 330 1103 371 istas
1136 331 1338 372 inuenisti
1372 331 1492 380 filias,

140 399 208 442 Ita
238 413 304 442 me
338 400 380 441 di
411 405 570 447 ament,
604 399 708 442 mihi
740 401 956 454 uoluptati
989 407 1065 442 est.

794 495 828 536 H
846 509 870 536 a
884 510 906 536 n
921 510 944 536 n
959 510 982 536 ο

966 567 1143 619 Ignosce
1175 572 1217 609 et
1248 567 1376 609 credo
1410 567 1629 621 tibi.]1410

670 661 806 702 Auta
823 661 1096 702 inoenides

138 732 200 775 Tu
233 738 309 774 aut
332 733 516 774 amicam
541 732 645 773 mihi
671 732 746 774 des
773 732 902 773 facito
920 738 995 777 aut
1020 735 1113 775 auri
1143 733 1243 774 mihi
1272 734 1427 776 reddas
1455 735 1624 776 minam.

799 827 964 880 Lycus

139 897 220 941 Uin
252 898 477 940 tibicinam
510 912 648 940 meam
682 898 871 940 habere?

671 994 1095 1036 Antamoenides

914 1066 1029 1107 Nihil
1063 1081 1207 1108 moror
1238 1066 1475 1108 tibicinam.

138 1136 329 1187 Nescias,
362 1140 505 1178 utrum
539 1138 576 1178 ei
609 1137 794 1179 maiores
829 1137 1044 1179 buccaene
1078 1152 1131 1179 an
1164 1152 1374 1180 mammae
1405 1139 1530 1180 sient.

794 1231 962 1286 Lycus

139 1302 275 1355 Dabo,
307 1317 417 1358 quae
448 1303 632 1358 placeat.

690 1398 1073 1452 Agorastocles

629 1469 798 1512 Curato.

797 1565 963 1618 Lycus

787 1637 948 1678 Aurum
983 1650 1080 1678 cras
1113 1637 1170 1678 ad
1198 1642 1240 1678 te
1272 1635 1458 1677 referam
1490 1642 1622 1677 tuum.

685 1731 1073 1783 Agorastocles

137 1800 288 1844 Facito
320 1803 363 1844 in
395 1804 601 1845 memoria
631 1803 811 1845 habeas.

798 1898 962 1952 Lycus

749 1970 882 2019 Miles,
920 1983 1100 2022 sequere
1134 1983 1209 2009 ine.

669 2071 1092 2113 Ant-anioenides

1089 2142 1178 2194 Ego
1210 2156 1313 2183 uero
1346 2155 1515 2196 sequor.
1538 2153 1624 2187 1415

687 2221 1074 2274 Agorastocles

134 2289 247 2340 Quid
279 2294 355 2343 ais,
389 2293 572 2347 patrue?
604 2293 775 2346 quando
808 2293 907 2333 hinc
939 2294 999 2333 ire
1031 2294 1197 2345 cogitas
1231 2290 1566 2346 Carthaginem?

134 2362 243 2406 Nam
273 2369 416 2406 tecum
449 2365 551 2406 mihi
583 2380 669 2406 una
700 2366 761 2405 ire
794 2372 959 2405 certum
992 2370 1068 2405 est.

787 2466 972 2507 Hanno

977 2536 1056 2578 Ubi
1092 2538 1276 2590 primum
1310 2542 1475 2590 potero,
1508 2536 1620 2577 ilico.

227 2673 314 2706 1410
338 2671 542 2717 uoluptatis
569 2675 624 2706 est
762 2674 842 2705 1411
873 2672 974 2705 Leno
1000 2674 1139 2705 tuatem
1165 2670 1215 2713 B,
1253 2669 1354 2705 Leno
1381 2675 1420 2704 tu
1446 2674 1567 2705 autem
1597 2670 1624 2702 (Ἰ

136 2728 221 2762 1413
246 2728 318 2762 eim
341 2727 378 2762 Β
492 2739 611 2763 mores
638 2728 801 2763 buccene
828 2739 1030 2761 amammae
1150 2728 1235 2760 1414
1263 2738 1349 2760 cura
1440 2733 1622 2778 ‘crassate

137 2785 225 2819 1415
249 2783 366 2820 Facto
459 2785 690 2819 immemoria
715 2784 749 2819 Β
845 2786 929 2818 1416
955 2784 1079 2827 cogita
1105 2782 1139 2816 Β
1229 2784 1319 2817 ,1417
1344 2783 1434 2817 mibi
1459 2793 1524 2818 om.
1553 2783 1582 2819 Ο
