<?xml version="1.0" encoding="UTF-8"?>
<!DOCTYPE html PUBLIC "-//W3C//DTD XHTML 1.0 Transitional//EN"
    "http://www.w3.org/TR/xhtml1/DTD/xhtml1-transitional.dtd">
<html xmlns="http://www.w3.org/1999/xhtml" xml:lang="en" lang="en">
 <head>
  <title>
</title>
<meta http-equiv="Content-Type" content="text/html;charset=utf-8" />
  <meta name='ocr-system' content='tesseract 3.04.00' />
  <meta name='ocr-capabilities' content='ocr_page ocr_carea ocr_par ocr_line ocrx_word'/>
</head>
<body>
  <div class='ocr_page' id='page_1' title='image "./comoediaerecensu04plauuoft_0171.png"; bbox 0 0 1963 3243; ppageno 0'>
   <div class='ocr_carea' id='block_1_1' title="bbox 126 216 1588 262">
    <p class='ocr_par' dir='ltr' id='par_1_1' title="bbox 126 216 1588 262">
     <span class='ocr_line' id='line_1_1' title="bbox 126 216 1588 262; baseline -0.005 -8"><span class='ocrx_word' id='word_1_1' title='bbox 126 217 171 262; x_wconf 81' lang='lat'>11,</span> <span class='ocrx_word' id='word_1_2' title='bbox 196 219 230 258; x_wconf 82' lang='lat'>3,</span> <span class='ocrx_word' id='word_1_3' title='bbox 260 216 436 250; x_wconf 83' lang='lat'>112-120</span> <span class='ocrx_word' id='word_1_4' title='bbox 761 216 958 250; x_wconf 74' lang='lat' dir='ltr'><strong>Mercator.</strong></span> <span class='ocrx_word' id='word_1_5' title='bbox 1512 222 1588 261; x_wconf 78' lang='lat'>165</span> 
     </span>
    </p>
   </div>
   <div class='ocr_carea' id='block_1_2' title="bbox 727 343 1586 471">
    <p class='ocr_par' dir='ltr' id='par_1_2' title="bbox 727 343 1586 471">
     <span class='ocr_line' id='line_1_2' title="bbox 727 343 985 397; baseline 0.008 -14"><span class='ocrx_word' id='word_1_6' title='bbox 727 343 985 397; x_wconf 78' lang='lat' dir='ltr'>Demipho</span> 
     </span>
     <span class='ocr_line' id='line_1_3' title="bbox 870 416 1586 471; baseline 0 -14"><span class='ocrx_word' id='word_1_7' title='bbox 870 416 952 457; x_wconf 70' lang='lat' dir='ltr'>Sed</span> <span class='ocrx_word' id='word_1_8' title='bbox 985 416 1056 457; x_wconf 75' lang='lat' dir='ltr'>ille</span> <span class='ocrx_word' id='word_1_9' title='bbox 1090 416 1208 458; x_wconf 77' lang='lat' dir='ltr'>illam</span> <span class='ocrx_word' id='word_1_10' title='bbox 1240 417 1446 471; x_wconf 80' lang='lat' dir='ltr'>accipiet3</span> <span class='ocrx_word' id='word_1_11' title='bbox 1480 417 1586 457; x_wconf 83' lang='lat' dir='ltr'>siue.</span> 
     </span>
    </p>
   </div>
   <div class='ocr_carea' id='block_1_3' title="bbox 126 540 992 666">
    <p class='ocr_par' dir='ltr' id='par_1_3' title="bbox 126 540 992 666">
     <span class='ocr_line' id='line_1_4' title="bbox 725 540 992 583; baseline 0 -1"><span class='ocrx_word' id='word_1_12' title='bbox 725 540 992 583; x_wconf 84' lang='lat' dir='ltr'>Charinus</span> 
     </span>
     <span class='ocr_line' id='line_1_5' title="bbox 126 613 964 666; baseline -0.002 -10"><span class='ocrx_word' id='word_1_13' title='bbox 126 613 215 656; x_wconf 89' lang='lat' dir='ltr'>Non</span> <span class='ocrx_word' id='word_1_14' title='bbox 251 619 373 666; x_wconf 74' lang='lat' dir='ltr'>potes</span> <span class='ocrx_word' id='word_1_15' title='bbox 406 619 452 653; x_wconf 86' lang='lat' dir='ltr'>tu</span> <span class='ocrx_word' id='word_1_16' title='bbox 486 613 578 666; x_wconf 82' lang='lat' dir='ltr'>lege</span> <span class='ocrx_word' id='word_1_17' title='bbox 612 613 800 655; x_wconf 73' lang='lat' dir='ltr'>uendere</span> <span class='ocrx_word' id='word_1_18' title='bbox 833 614 964 655; x_wconf 83' lang='lat' dir='ltr'>illam.</span> 
     </span>
    </p>
   </div>
   <div class='ocr_carea' id='block_1_4' title="bbox 725 739 1489 867">
    <p class='ocr_par' dir='ltr' id='par_1_4' title="bbox 725 739 1489 867">
     <span class='ocr_line' id='line_1_6' title="bbox 725 739 983 794; baseline 0.004 -14"><span class='ocrx_word' id='word_1_19' title='bbox 725 739 758 780; x_wconf 91' lang='lat' dir='ltr'>D</span> <span class='ocrx_word' id='word_1_20' title='bbox 772 754 793 781; x_wconf 87' lang='lat' dir='ltr'>e</span> <span class='ocrx_word' id='word_1_21' title='bbox 807 741 869 781; x_wconf 88' lang='lat' dir='ltr'>mi</span> <span class='ocrx_word' id='word_1_22' title='bbox 883 755 908 794; x_wconf 86' lang='lat' dir='ltr'>p</span> <span class='ocrx_word' id='word_1_23' title='bbox 921 740 946 781; x_wconf 95' lang='lat' dir='ltr'>h</span> <span class='ocrx_word' id='word_1_24' title='bbox 960 755 983 781; x_wconf 92' lang='lat'>0</span> 
     </span>
     <span class='ocr_line' id='line_1_7' title="bbox 1005 812 1489 867; baseline 0 -14"><span class='ocrx_word' id='word_1_25' title='bbox 1005 812 1095 866; x_wconf 84' lang='lat' dir='ltr'>Ego</span> <span class='ocrx_word' id='word_1_26' title='bbox 1127 813 1294 867; x_wconf 84' lang='lat' dir='ltr'>aliquid</span> <span class='ocrx_word' id='word_1_27' title='bbox 1327 813 1489 855; x_wconf 82' lang='lat' dir='ltr'>uidero.</span> 
     </span>
    </p>
   </div>
   <div class='ocr_carea' id='block_1_5' title="bbox 123 937 1455 1132">
    <p class='ocr_par' dir='ltr' id='par_1_5' title="bbox 123 937 1455 1132">
     <span class='ocr_line' id='line_1_8' title="bbox 721 937 991 980; baseline 0 -1"><span class='ocrx_word' id='word_1_28' title='bbox 721 937 991 980; x_wconf 80' lang='lat' dir='ltr'>Charinus</span> 
     </span>
     <span class='ocr_line' id='line_1_9' title="bbox 125 1010 1455 1064; baseline 0 -12"><span class='ocrx_word' id='word_1_29' title='bbox 125 1010 227 1052; x_wconf 80' lang='lat' dir='ltr'>Post</span> <span class='ocrx_word' id='word_1_30' title='bbox 259 1016 404 1051; x_wconf 79' lang='lat' dir='ltr'>autem</span> <span class='ocrx_word' id='word_1_31' title='bbox 437 1011 700 1052; x_wconf 76' lang='lat' dir='ltr'>communist</span> <span class='ocrx_word' id='word_1_32' title='bbox 732 1010 807 1051; x_wconf 73' lang='lat' dir='ltr'>illa</span> <span class='ocrx_word' id='word_1_33' title='bbox 840 1010 942 1051; x_wconf 89' lang='lat' dir='ltr'>mihi</span> <span class='ocrx_word' id='word_1_34' title='bbox 977 1024 1073 1052; x_wconf 84' lang='lat' dir='ltr'>cum</span> <span class='ocrx_word' id='word_1_35' title='bbox 1106 1011 1214 1062; x_wconf 79' lang='lat' dir='ltr'>ali03</span> <span class='ocrx_word' id='word_1_36' title='bbox 1247 1012 1320 1064; x_wconf 91' lang='lat' dir='ltr'>qui</span> <span class='ocrx_word' id='word_1_37' title='bbox 1354 1013 1455 1062; x_wconf 86' lang='lat' dir='ltr'>scio.</span> 
     </span>
     <span class='ocr_line' id='line_1_10' title="bbox 123 1081 1448 1132; baseline 0.001 -9"><span class='ocrx_word' id='word_1_38' title='bbox 123 1081 233 1132; x_wconf 88' lang='lat' dir='ltr'>Quid</span> <span class='ocrx_word' id='word_1_39' title='bbox 266 1083 322 1123; x_wconf 83' lang='lat' dir='ltr'>sit</span> <span class='ocrx_word' id='word_1_40' title='bbox 353 1083 390 1123; x_wconf 88' lang='lat' dir='ltr'>ei</span> <span class='ocrx_word' id='word_1_41' title='bbox 423 1083 567 1131; x_wconf 83' lang='lat' dir='ltr'>animi,</span> <span class='ocrx_word' id='word_1_42' title='bbox 601 1084 806 1124; x_wconf 83' lang='lat' dir='ltr'>uenirene</span> <span class='ocrx_word' id='word_1_43' title='bbox 840 1097 934 1124; x_wconf 87' lang='lat' dir='ltr'>eam</span> <span class='ocrx_word' id='word_1_44' title='bbox 967 1084 1075 1125; x_wconf 80' lang='lat' dir='ltr'>uelit</span> <span class='ocrx_word' id='word_1_45' title='bbox 1105 1097 1160 1125; x_wconf 88' lang='lat' dir='ltr'>an</span> <span class='ocrx_word' id='word_1_46' title='bbox 1192 1097 1276 1125; x_wconf 88' lang='lat' dir='ltr'>non</span> <span class='ocrx_word' id='word_1_47' title='bbox 1312 1083 1448 1125; x_wconf 72' lang='lat' dir='ltr'>uelit?</span> 
     </span>
    </p>
   </div>
   <div class='ocr_carea' id='block_1_6' title="bbox 122 1208 980 1335">
    <p class='ocr_par' dir='ltr' id='par_1_6' title="bbox 122 1208 980 1335">
     <span class='ocr_line' id='line_1_11' title="bbox 723 1208 980 1263; baseline 0 -13"><span class='ocrx_word' id='word_1_48' title='bbox 723 1208 980 1263; x_wconf 81' lang='lat' dir='ltr'>Demipho</span> 
     </span>
     <span class='ocr_line' id='line_1_12' title="bbox 122 1281 489 1335; baseline -0.003 -12"><span class='ocrx_word' id='word_1_49' title='bbox 122 1281 210 1335; x_wconf 89' lang='lat' dir='ltr'>Ego</span> <span class='ocrx_word' id='word_1_50' title='bbox 242 1281 332 1323; x_wconf 91' lang='lat' dir='ltr'>scio</span> <span class='ocrx_word' id='word_1_51' title='bbox 364 1281 489 1323; x_wconf 90' lang='lat' dir='ltr'>uelle.</span> 
     </span>
    </p>
   </div>
   <div class='ocr_carea' id='block_1_7' title="bbox 312 1360 1584 1490">
    <p class='ocr_par' dir='ltr' id='par_1_7' title="bbox 312 1360 1584 1490">
     <span class='ocr_line' id='line_1_13' title="bbox 719 1360 990 1403; baseline 0 0"><span class='ocrx_word' id='word_1_52' title='bbox 719 1360 990 1403; x_wconf 81' lang='lat' dir='ltr'>Charinus</span> 
     </span>
     <span class='ocr_line' id='line_1_14' title="bbox 312 1434 1584 1490; baseline 0.002 -14"><span class='ocrx_word' id='word_1_53' title='bbox 312 1435 367 1476; x_wconf 77' lang='lat' dir='ltr'>At</span> <span class='ocrx_word' id='word_1_54' title='bbox 400 1435 469 1488; x_wconf 82' lang='lat' dir='ltr'>pol</span> <span class='ocrx_word' id='word_1_55' title='bbox 504 1448 581 1488; x_wconf 79' lang='lat' dir='ltr'>ego</span> <span class='ocrx_word' id='word_1_56' title='bbox 616 1449 708 1476; x_wconf 87' lang='lat' dir='ltr'>esse</span> <span class='ocrx_word' id='word_1_57' title='bbox 742 1434 872 1476; x_wconf 86' lang='lat' dir='ltr'>credo</span> <span class='ocrx_word' id='word_1_58' title='bbox 907 1435 1110 1490; x_wconf 80' lang='lat' dir='ltr'>aliquem,</span> <span class='ocrx_word' id='word_1_59' title='bbox 1142 1437 1215 1489; x_wconf 88' lang='lat' dir='ltr'>qui</span> <span class='ocrx_word' id='word_1_60' title='bbox 1247 1449 1332 1477; x_wconf 88' lang='lat' dir='ltr'>non</span> <span class='ocrx_word' id='word_1_61' title='bbox 1365 1435 1484 1477; x_wconf 83' lang='lat' dir='ltr'>uelit.</span> <span class='ocrx_word' id='word_1_62' title='bbox 1517 1448 1584 1480; x_wconf 85' lang='lat'>445</span> 
     </span>
    </p>
   </div>
   <div class='ocr_carea' id='block_1_8' title="bbox 120 1560 979 1682">
    <p class='ocr_par' dir='ltr' id='par_1_8' title="bbox 120 1560 979 1682">
     <span class='ocr_line' id='line_1_15' title="bbox 718 1560 979 1614; baseline 0 -12"><span class='ocrx_word' id='word_1_63' title='bbox 718 1560 754 1602; x_wconf 93' lang='lat' dir='ltr'>D</span> <span class='ocrx_word' id='word_1_64' title='bbox 767 1575 788 1602; x_wconf 89' lang='lat' dir='ltr'>e</span> <span class='ocrx_word' id='word_1_65' title='bbox 801 1561 866 1602; x_wconf 91' lang='lat' dir='ltr'>mi</span> <span class='ocrx_word' id='word_1_66' title='bbox 877 1575 903 1614; x_wconf 89' lang='lat' dir='ltr'>p</span> <span class='ocrx_word' id='word_1_67' title='bbox 916 1560 945 1603; x_wconf 92' lang='lat' dir='ltr'><strong>h</strong></span> <span class='ocrx_word' id='word_1_68' title='bbox 955 1575 979 1602; x_wconf 92' lang='lat' dir='ltr'>o</span> 
     </span>
     <span class='ocr_line' id='line_1_16' title="bbox 120 1631 624 1682; baseline 0 -8"><span class='ocrx_word' id='word_1_69' title='bbox 120 1631 230 1682; x_wconf 89' lang='lat' dir='ltr'>Quid</span> <span class='ocrx_word' id='word_1_70' title='bbox 261 1633 305 1674; x_wconf 90' lang='lat' dir='ltr'>id</span> <span class='ocrx_word' id='word_1_71' title='bbox 336 1647 432 1674; x_wconf 87' lang='lat' dir='ltr'>mea</span> <span class='ocrx_word' id='word_1_72' title='bbox 463 1633 624 1675; x_wconf 80' lang='lat' dir='ltr'><strong>refert?</strong></span> 
     </span>
    </p>
   </div>
   <div class='ocr_carea' id='block_1_9' title="bbox 460 1724 1579 1852">
    <p class='ocr_par' dir='ltr' id='par_1_9' title="bbox 460 1724 1579 1852">
     <span class='ocr_line' id='line_1_17' title="bbox 714 1724 988 1767; baseline -0.004 0"><span class='ocrx_word' id='word_1_73' title='bbox 714 1724 988 1767; x_wconf 89' lang='lat' dir='ltr'>Charinus</span> 
     </span>
     <span class='ocr_line' id='line_1_18' title="bbox 460 1797 1579 1852; baseline 0 -13"><span class='ocrx_word' id='word_1_74' title='bbox 460 1797 571 1848; x_wconf 85' lang='lat' dir='ltr'>Quia</span> <span class='ocrx_word' id='word_1_75' title='bbox 602 1797 665 1839; x_wconf 88' lang='lat' dir='ltr'>illi</span> <span class='ocrx_word' id='word_1_76' title='bbox 697 1813 819 1840; x_wconf 84' lang='lat' dir='ltr'>suam</span> <span class='ocrx_word' id='word_1_77' title='bbox 851 1813 940 1840; x_wconf 88' lang='lat' dir='ltr'>rem</span> <span class='ocrx_word' id='word_1_78' title='bbox 974 1812 1066 1840; x_wconf 90' lang='lat' dir='ltr'>esse</span> <span class='ocrx_word' id='word_1_79' title='bbox 1098 1804 1330 1852; x_wconf 82' lang='lat' dir='ltr'>aequomst</span> <span class='ocrx_word' id='word_1_80' title='bbox 1361 1799 1404 1840; x_wconf 88' lang='lat' dir='ltr'>in</span> <span class='ocrx_word' id='word_1_81' title='bbox 1438 1812 1579 1840; x_wconf 88' lang='lat' dir='ltr'>manu.</span> 
     </span>
    </p>
   </div>
   <div class='ocr_carea' id='block_1_10' title="bbox 119 1924 1578 2202">
    <p class='ocr_par' dir='ltr' id='par_1_10' title="bbox 119 1924 1578 2202">
     <span class='ocr_line' id='line_1_19' title="bbox 718 1924 978 1978; baseline 0 -12"><span class='ocrx_word' id='word_1_82' title='bbox 718 1924 978 1978; x_wconf 89' lang='lat' dir='ltr'>Demipho</span> 
     </span>
     <span class='ocr_line' id='line_1_20' title="bbox 119 1992 357 2044; baseline 0.004 -8"><span class='ocrx_word' id='word_1_83' title='bbox 119 1992 228 2044; x_wconf 86' lang='lat' dir='ltr'>Quid</span> <span class='ocrx_word' id='word_1_84' title='bbox 262 1996 357 2037; x_wconf 82' lang='lat' dir='ltr'>ais?</span> 
     </span>
     <span class='ocr_line' id='line_1_21' title="bbox 716 2075 987 2119; baseline 0 -1"><span class='ocrx_word' id='word_1_85' title='bbox 716 2075 913 2119; x_wconf 88' lang='lat' dir='ltr'>Charin</span> <span class='ocrx_word' id='word_1_86' title='bbox 929 2091 987 2118; x_wconf 92' lang='lat' dir='ltr'>us</span> 
     </span>
     <span class='ocr_line' id='line_1_22' title="bbox 173 2146 1578 2202; baseline 0.001 -13"><span class='ocrx_word' id='word_1_87' title='bbox 173 2146 422 2190; x_wconf 86' lang='lat' dir='ltr'>Communis</span> <span class='ocrx_word' id='word_1_88' title='bbox 448 2148 550 2190; x_wconf 87' lang='lat' dir='ltr'>mihi</span> <span class='ocrx_word' id='word_1_89' title='bbox 575 2149 652 2190; x_wconf 88' lang='lat' dir='ltr'>illa</span> <span class='ocrx_word' id='word_1_90' title='bbox 680 2155 746 2191; x_wconf 84' lang='lat' dir='ltr'>est</span> <span class='ocrx_word' id='word_1_91' title='bbox 771 2164 867 2191; x_wconf 86' lang='lat' dir='ltr'>cum</span> <span class='ocrx_word' id='word_1_92' title='bbox 897 2149 1003 2202; x_wconf 79' lang='lat' dir='ltr'>ali03</span> <span class='ocrx_word' id='word_1_93' title='bbox 1028 2150 1065 2191; x_wconf 89' lang='lat' dir='ltr'>is</span> <span class='ocrx_word' id='word_1_94' title='bbox 1094 2165 1208 2192; x_wconf 88' lang='lat' dir='ltr'>nunc</span> <span class='ocrx_word' id='word_1_95' title='bbox 1233 2151 1303 2192; x_wconf 89' lang='lat' dir='ltr'>hic</span> <span class='ocrx_word' id='word_1_96' title='bbox 1328 2164 1414 2192; x_wconf 89' lang='lat' dir='ltr'>non</span> <span class='ocrx_word' id='word_1_97' title='bbox 1441 2150 1578 2192; x_wconf 76' lang='lat' dir='ltr'>adest.</span> 
     </span>
    </p>
   </div>
   <div class='ocr_carea' id='block_1_11' title="bbox 116 2275 976 2401">
    <p class='ocr_par' dir='ltr' id='par_1_11' title="bbox 116 2275 976 2401">
     <span class='ocr_line' id='line_1_23' title="bbox 717 2275 976 2329; baseline 0.004 -13"><span class='ocrx_word' id='word_1_98' title='bbox 717 2275 753 2316; x_wconf 94' lang='lat' dir='ltr'>D</span> <span class='ocrx_word' id='word_1_99' title='bbox 764 2289 786 2317; x_wconf 90' lang='lat' dir='ltr'>e</span> <span class='ocrx_word' id='word_1_100' title='bbox 798 2290 837 2316; x_wconf 92' lang='lat' dir='ltr'>m</span> <span class='ocrx_word' id='word_1_101' title='bbox 848 2276 861 2317; x_wconf 92' lang='lat' dir='ltr'>i</span> <span class='ocrx_word' id='word_1_102' title='bbox 872 2290 898 2329; x_wconf 90' lang='lat' dir='ltr'>p</span> <span class='ocrx_word' id='word_1_103' title='bbox 912 2275 940 2316; x_wconf 94' lang='lat' dir='ltr'><strong>h</strong></span> <span class='ocrx_word' id='word_1_104' title='bbox 952 2290 976 2318; x_wconf 92' lang='lat' dir='ltr'>o</span> 
     </span>
     <span class='ocr_line' id='line_1_24' title="bbox 116 2343 833 2401; baseline 0.006 -15"><span class='ocrx_word' id='word_1_105' title='bbox 116 2343 238 2387; x_wconf 85' lang='lat' dir='ltr'>Prius</span> <span class='ocrx_word' id='word_1_106' title='bbox 269 2346 520 2400; x_wconf 84' lang='lat' dir='ltr'>respondes,</span> <span class='ocrx_word' id='word_1_107' title='bbox 552 2361 684 2401; x_wconf 90' lang='lat' dir='ltr'>quam</span> <span class='ocrx_word' id='word_1_108' title='bbox 715 2362 833 2401; x_wconf 88' lang='lat' dir='ltr'>rogo.</span> 
     </span>
    </p>
   </div>
   <div class='ocr_carea' id='block_1_12' title="bbox 107 2472 1578 2669">
    <p class='ocr_par' dir='ltr' id='par_1_12' title="bbox 107 2472 1578 2669">
     <span class='ocr_line' id='line_1_25' title="bbox 715 2472 983 2516; baseline 0.007 -2"><span class='ocrx_word' id='word_1_109' title='bbox 715 2472 983 2516; x_wconf 85' lang='lat' dir='ltr'>Charinus</span> 
     </span>
     <span class='ocr_line' id='line_1_26' title="bbox 699 2538 1578 2602; baseline 0.005 -16"><span class='ocrx_word' id='word_1_110' title='bbox 699 2545 824 2587; x_wconf 88' lang='lat' dir='ltr'>Prius</span> <span class='ocrx_word' id='word_1_111' title='bbox 857 2552 904 2588; x_wconf 82' lang='lat' dir='ltr'>tu</span> <span class='ocrx_word' id='word_1_112' title='bbox 937 2548 1057 2598; x_wconf 80' lang='lat' dir='ltr'>emis,</span> <span class='ocrx_word' id='word_1_113' title='bbox 1092 2561 1222 2600; x_wconf 87' lang='lat' dir='ltr'>quam</span> <span class='ocrx_word' id='word_1_114' title='bbox 1242 2538 1408 2599; x_wconf 51' lang='lat' dir='ltr'>&#39;uendo‚</span> <span class='ocrx_word' id='word_1_115' title='bbox 1442 2555 1578 2602; x_wconf 84' lang='lat' dir='ltr'>pater.</span> 
     </span>
     <span class='ocr_line' id='line_1_27' title="bbox 107 2611 1403 2669; baseline 0.005 -15"><span class='ocrx_word' id='word_1_116' title='bbox 107 2611 282 2665; x_wconf 71' lang='lat' dir='ltr'>Nescio,</span> <span class='ocrx_word' id='word_1_117' title='bbox 314 2617 504 2669; x_wconf 86' lang='lat' dir='ltr'>inquam,</span> <span class='ocrx_word' id='word_1_118' title='bbox 539 2617 644 2659; x_wconf 82' lang='lat' dir='ltr'>uelit</span> <span class='ocrx_word' id='word_1_119' title='bbox 675 2618 748 2659; x_wconf 88' lang='lat' dir='ltr'>ille</span> <span class='ocrx_word' id='word_1_120' title='bbox 779 2618 900 2660; x_wconf 87' lang='lat' dir='ltr'>illam</span> <span class='ocrx_word' id='word_1_121' title='bbox 932 2633 1066 2661; x_wconf 85' lang='lat' dir='ltr'>necue</span> <span class='ocrx_word' id='word_1_122' title='bbox 1099 2619 1403 2661; x_wconf 85' lang='lat' dir='ltr'>abalienarier.</span> 
     </span>
    </p>
   </div>
   <div class='ocr_carea' id='block_1_13' title="bbox 116 2741 1581 2893">
    <p class='ocr_par' dir='ltr' id='par_1_13' title="bbox 116 2741 1581 2893">
     <span class='ocr_line' id='line_1_28' title="bbox 203 2741 1578 2788; baseline 0.003 -14"><span class='ocrx_word' id='word_1_123' title='bbox 203 2741 271 2774; x_wconf 80' lang='lat'>442</span> <span class='ocrx_word' id='word_1_124' title='bbox 295 2741 589 2783; x_wconf 71' lang='lat' dir='ltr'>communestR</span> <span class='ocrx_word' id='word_1_125' title='bbox 616 2743 824 2777; x_wconf 76' lang='lat' dir='ltr'>communis</span> <span class='ocrx_word' id='word_1_126' title='bbox 851 2743 951 2778; x_wconf 74' lang='lat' dir='ltr'>ests]</span> <span class='ocrx_word' id='word_1_127' title='bbox 1041 2746 1107 2778; x_wconf 82' lang='lat'>444</span> <span class='ocrx_word' id='word_1_128' title='bbox 1133 2744 1227 2778; x_wconf 80' lang='lat' dir='ltr'>uelit</span> <span class='ocrx_word' id='word_1_129' title='bbox 1248 2745 1437 2788; x_wconf 70' lang='lat' dir='ltr'>posterius</span> <span class='ocrx_word' id='word_1_130' title='bbox 1461 2744 1578 2779; x_wconf 89' lang='lat' dir='ltr'>om.B</span> 
     </span>
     <span class='ocr_line' id='line_1_29' title="bbox 207 2797 1576 2841; baseline 0.003 -11"><span class='ocrx_word' id='word_1_131' title='bbox 207 2798 273 2831; x_wconf 83' lang='lat'>446</span> <span class='ocrx_word' id='word_1_132' title='bbox 299 2797 393 2841; x_wconf 84' lang='lat' dir='ltr'>Quid</span> <span class='ocrx_word' id='word_1_133' title='bbox 421 2799 465 2832; x_wconf 88' lang='lat' dir='ltr'>de</span> <span class='ocrx_word' id='word_1_134' title='bbox 491 2810 548 2833; x_wconf 85' lang='lat' dir='ltr'>me</span> <span class='ocrx_word' id='word_1_135' title='bbox 575 2797 610 2833; x_wconf 98' lang='grc' dir='ltr'><strong><em>Β</em></strong></span> <span class='ocrx_word' id='word_1_136' title='bbox 722 2810 800 2834; x_wconf 84' lang='lat' dir='ltr'>rem</span> <span class='ocrx_word' id='word_1_137' title='bbox 827 2811 930 2834; x_wconf 81' lang='lat' dir='ltr'>suam</span> <span class='ocrx_word' id='word_1_138' title='bbox 956 2799 992 2834; x_wconf 94' lang='grc' dir='ltr'><strong><em>Β</em></strong></span> <span class='ocrx_word' id='word_1_139' title='bbox 1097 2802 1133 2834; x_wconf 90' lang='lat' dir='ltr'>in</span> <span class='ocrx_word' id='word_1_140' title='bbox 1161 2802 1247 2835; x_wconf 87' lang='lat' dir='ltr'>naui</span> <span class='ocrx_word' id='word_1_141' title='bbox 1273 2800 1309 2836; x_wconf 93' lang='grc' dir='ltr'><strong><em>Β</em></strong></span> <span class='ocrx_word' id='word_1_142' title='bbox 1401 2803 1468 2835; x_wconf 85' lang='grc'>448</span> <span class='ocrx_word' id='word_1_143' title='bbox 1494 2812 1576 2835; x_wconf 87' lang='lat' dir='ltr'>cum</span> 
     </span>
     <span class='ocr_line' id='line_1_30' title="bbox 116 2852 1581 2893; baseline 0.005 -7"><span class='ocrx_word' id='word_1_144' title='bbox 116 2852 179 2887; x_wconf 83' lang='lat' dir='ltr'>ino</span> <span class='ocrx_word' id='word_1_145' title='bbox 271 2855 329 2890; x_wconf 88' lang='lat' dir='ltr'>hic</span> <span class='ocrx_word' id='word_1_146' title='bbox 356 2867 454 2890; x_wconf 85' lang='lat' dir='ltr'>nunc</span> <span class='ocrx_word' id='word_1_147' title='bbox 479 2855 516 2890; x_wconf 92' lang='lat' dir='ltr'><em>B</em></span> <span class='ocrx_word' id='word_1_148' title='bbox 608 2858 675 2891; x_wconf 86' lang='grc'>449</span> <span class='ocrx_word' id='word_1_149' title='bbox 701 2857 766 2892; x_wconf 88' lang='lat' dir='ltr'>ille</span> <span class='ocrx_word' id='word_1_150' title='bbox 792 2867 856 2892; x_wconf 87' lang='lat' dir='ltr'>om.</span> <span class='ocrx_word' id='word_1_151' title='bbox 884 2858 917 2891; x_wconf 88' lang='lat' dir='ltr'><strong><em>A</em></strong></span> <span class='ocrx_word' id='word_1_152' title='bbox 1013 2870 1082 2892; x_wconf 81' lang='lat' dir='ltr'>nec</span> <span class='ocrx_word' id='word_1_153' title='bbox 1108 2870 1165 2892; x_wconf 91' lang='lat' dir='ltr'>me</span> <span class='ocrx_word' id='word_1_154' title='bbox 1190 2857 1226 2892; x_wconf 93' lang='lat' dir='ltr'><em>B</em></span> <span class='ocrx_word' id='word_1_155' title='bbox 1329 2859 1374 2892; x_wconf 85' lang='lat' dir='ltr'>ab</span> <span class='ocrx_word' id='word_1_156' title='bbox 1403 2858 1523 2893; x_wconf 84' lang='lat' dir='ltr'>aliena</span> <span class='ocrx_word' id='word_1_157' title='bbox 1552 2857 1581 2893; x_wconf 84' lang='lat' dir='ltr'><em>C</em></span> 
     </span>
    </p>
   </div>
  </div>
 </body>
</html>
