1963 3243
323 192 371 230 31
380 193 403 230 2
950 190 1149 224 Mercator.

433 318 624 356 Fabulam
665 332 687 355 a
727 319 809 355 veri
850 317 1105 355 similitudine
1143 330 1221 355 non
1259 317 1357 355 nihil
1396 317 1682 366 abhorrentem,
1713 321 1784 358 sed

321 385 532 423 admodum
575 385 784 423 ridiculam
822 399 871 422 ex
911 385 1168 432 Philemonis,
1216 398 1300 434 quae
1332 385 1514 434 Ἔαπορος
1553 387 1781 434 vocabatur,

318 453 484 491 Plautus
523 455 664 500 vertit,
707 468 742 492 v.
777 454 927 491 9—10.
988 452 1046 489 Ne
1084 452 1185 490 hanc
1224 452 1382 502 quidem
1422 454 1469 491 ab
1501 453 1639 492 alienis
1671 456 1782 493 addi—

318 523 503 559 tamentis
534 522 699 559 liberam
732 534 828 568 esse,
861 521 1028 558 libenter
1059 521 1242 566 concedo,
1276 520 1384 557 velut
1413 521 1566 570 prologi
1605 534 1782 572 magnam

319 593 488 639 partem,
523 603 583 627 vv.
618 590 754 627 9—10
788 594 827 625 et
855 590 1029 636 16-39,
1063 589 1186 638 ipsius
1219 592 1349 626 autem
1379 588 1522 626 fabulae
1548 590 1781 636 794-805,

320 669 408 706 quae
440 658 558 693 etiam
598 657 683 694 loco
722 670 886 706 prorsus
925 657 1055 694 alieno
1086 657 1126 694 in
1159 656 1271 693 codd.
1303 657 1499 705 leguntur,
1531 662 1621 707 post
1652 658 1783 696 Plauti

319 727 477 761 aetatem
517 724 652 761 addita
693 728 879 775 apparet3
926 725 1085 774 gravius
1122 727 1376 761 retractatam
1424 737 1506 761 esse
1547 738 1622 762 non
1664 726 1781 764 credo

317 804 402 838 nec,
436 793 542 841 quod
574 794 757 831 censebat
781 793 840 836 R.,
874 807 918 829 ex
943 806 977 829 v.
1006 793 1083 830 221
1113 792 1295 830 efficitur.
1327 811 1381 816 —
1414 791 1473 829 Ex
1496 794 1783 832 recentioribus

319 860 450 908 poetis
492 860 653 898 eandem
694 861 868 898 fabulam
901 874 1009 897 suam
1042 861 1135 897 fecit
1166 859 1320 904 Cecchi,
1352 861 1478 898 Italus
1509 861 1637 910 homo,
1672 863 1782 900 cuius

318 927 452 964 fabula
488 927 569 974 „La
600 927 753 966 stiava“
788 928 964 966 Venetiis
1000 929 1105 966 1550
1139 928 1245 965 edita
1276 932 1345 966 est.

434 996 698 1034 Personarum
729 998 888 1034 nomina
919 998 999 1033 eius
1031 997 1188 1044 generis
1220 1000 1322 1042 sunt,
1363 1009 1440 1045 quo
1471 998 1588 1047 vulgo
1619 998 1781 1036 uteban-

321 1067 387 1100 tur
406 1063 545 1112 Graeci,
569 1077 639 1102 nec
666 1064 875 1102 admodum
899 1064 1115 1114 premenda
1139 1068 1199 1101 est
1224 1063 1459 1114 significatio
1483 1078 1630 1113 eorum,
1650 1079 1781 1116 quam-

319 1145 435 1181 quam
466 1133 506 1169 in
537 1145 614 1170 uno
648 1137 687 1169 et
717 1133 844 1170 altero
875 1133 1069 1170 rationem
1094 1133 1264 1182 aliquam
1289 1136 1409 1181 poeta
1433 1137 1588 1171 secutus
1612 1135 1780 1181 videtur,

316 1200 428 1237 velut
459 1201 564 1250 quod
597 1201 888 1250 Pasicompsam
918 1201 1122 1238 mulierem
1164 1202 1265 1238 dixit
1295 1201 1599 1251 pulcherrimam
1632 1206 1671 1239 et
1702 1216 1780 1240 om-

315 1269 435 1306 nibus
453 1269 569 1306 rebus
587 1272 776 1315 ornatam,
795 1283 829 1307 v.
852 1271 930 1307 508
949 1282 1022 1319 sq.‚
1038 1267 1318 1307 Acanthionem
1333 1289 1387 1294 —
1403 1270 1443 1306 in
1467 1269 1578 1307 codd.
1603 1270 1781 1316 „Achan-

315 1333 398 1373 ti0“
440 1336 629 1375 scribitur
660 1357 714 1363 —-
745 1351 899 1376 servum
938 1337 1170 1376 iracundum
1207 1336 1258 1384 (v.
1297 1335 1406 1386 141),
1438 1338 1505 1386 qni
1537 1351 1655 1388 quum
1688 1339 1781 1377 olim

318 1404 557 1455 paedagogus
584 1406 734 1454 fuisset,
766 1420 867 1444 nunc
892 1407 986 1444 hero
1009 1406 1265 1443 nuntiaturus
1289 1406 1490 1443 mulierem
1517 1419 1539 1443 a
1561 1410 1675 1456 patre
1691 1419 1780 1444 con-

316 1477 492 1523 spectam
524 1487 620 1522 esse,
660 1475 851 1512 morando
884 1474 1171 1511 adulescentem
1203 1475 1472 1523 impatientem
1505 1476 1615 1524 quasi
1646 1476 1780 1512 stimu-

316 1541 363 1578 lis
401 1543 545 1590 pungit
588 1545 627 1579 et
665 1546 843 1592 torquet;
883 1543 1025 1592 quibus
1057 1544 1190 1580 nescio
1222 1555 1269 1578 an
1302 1543 1393 1579 addi
1425 1543 1550 1591 possit
1578 1543 1782 1591 Eutychus

315 1609 560 1656 adulescens,
602 1612 713 1649 cuius
744 1611 849 1648 felici
880 1624 1002 1661 opera
1032 1614 1118 1648 tota
1149 1624 1210 1648 res
1242 1612 1504 1660 componitur,
1536 1614 1574 1648 et
1603 1611 1780 1659 qusima-

315 1678 409 1717 chus
448 1691 566 1716 senex
597 1678 698 1716 nihil
731 1679 854 1728 magis
885 1680 1026 1716 timens
1058 1692 1174 1729 quam
1208 1679 1343 1716 uxoris
1374 1680 1515 1727 iurgia.
1572 1679 1616 1716 In
1650 1679 1781 1717 arche-

315 1750 414 1796 typo
445 1759 706 1796 personarum
738 1750 842 1784 notae
875 1746 1022 1785 Graecae
1052 1747 1199 1784 litterae
1230 1748 1391 1785 fuerunt
1421 1747 1469 1784 ad
1501 1760 1589 1784 eum
1620 1752 1796 1795 morem,'
1869 1752 1875 1761 ‘

314 1827 434 1864 quem
474 1816 774 1853 commemoravi
806 1815 961 1863 Proleg.
994 1829 1032 1865 p.
1069 1817 1160 1853 158.
1221 1815 1319 1852 Eius
1351 1816 1518 1863 vestigia
1550 1815 1579 1851 B
1610 1816 1781 1853 servavit

314 1884 354 1919 in
389 1887 564 1920 extrema
595 1883 738 1921 fabulae
769 1885 925 1934 pagina,
960 1886 987 1922 i.
1020 1897 1051 1921 e.
1085 1898 1107 1922 a
1138 1897 1174 1921 v.
1213 1884 1332 1928 1003,
1365 1883 1431 1920 ubi
1464 1882 1609 1921 Graecae
1640 1884 1781 1922 litterae

317 1952 484 1989 caeruleo
531 1952 662 1989 colore
706 1953 824 2002 pictae
871 1956 1030 1989 exstant
1069 1959 1112 1999 A,
1150 1958 1194 1995 Β,
1232 1957 1273 1998 Γ,
1321 1951 1463 2001 quibus
1509 1951 1779 1999 significantur

314 2019 586 2070 Lysimachus,
627 2019 834 2070 Demipho,
874 2020 1090 2069 Eutychus,
1131 2021 1177 2058 de
1218 2033 1294 2069 quo
1332 2032 1380 2056 ne
1411 2020 1532 2056 lector
1563 2020 1777 2066 dubitaret,

315 2088 382 2136 qui
413 2100 667 2136 personarum
701 2093 817 2126 notas
843 2088 1004 2126 Latinas
1028 2088 1148 2126 rubro
1175 2089 1303 2125 colore
1330 2087 1495 2133 addidit,
1521 2087 1587 2125 ubi
1610 2089 1778 2138 primum

314 2159 580 2202 occurrerunt,
614 2156 686 2194 hoc
717 2157 847 2194 colore
879 2157 972 2202 LIS,
1007 2156 1051 2204 D,
1084 2156 1151 2194 EV
1183 2160 1251 2194 aut
1282 2155 1314 2192 Ε
1345 2157 1637 2206 superscripsit.

428 2224 674 2274 Scripturam
736 2225 880 2263 codicis
940 2224 1323 2263 Palatino-Vaticani
1383 2237 1430 2261 ex
1483 2223 1687 2261 Ritschelii
1739 2226 1778 2261 et

313 2292 468 2330 Goetzii
521 2292 761 2331 editionibus
814 2294 998 2339 indicavi,
1055 2294 1427 2342 Heidelbergensem
1474 2293 1557 2341 ipse
1603 2292 1774 2330 contuli3

315 2361 431 2398 etiam
474 2361 776 2412 palimpsestum
816 2362 878 2398 hic
919 2362 997 2399 illic
1037 2364 1202 2413 inspexi.
1265 2361 1514 2398 Ambrosiani
1545 2359 1650 2408 folia,
1690 2371 1775 2410 quae

310 2429 385 2466 huc
447 2431 660 2479 pertinent,
724 2429 805 2467 haec
865 2431 1164 2468 continuerunt:
1239 2429 1474 2474 245—317‚
1539 2428 1772 2475 351—422,

313 2497 549 2544 449—610,
584 2499 819 2544 673—779,
854 2511 1022 2547 quorum
1054 2512 1172 2549 quum
1205 2499 1283 2535 alia
1306 2497 1480 2547 perbene
1505 2500 1661 2534 servata
1683 2497 1772 2544 sint,

313 2565 494 2613 aliorum,
541 2567 707 2603 maxime
752 2579 788 2604 V.
837 2567 1075 2614 351—422,
1126 2567 1360 2614 548-610,
1409 2565 1645 2611 673-741,
1692 2564 1774 2601 fere

311 2632 409 2669 nihil
441 2633 520 2681 legi
550 2636 694 2684 potuit.
750 2633 959 2682 Singulare
993 2635 1149 2682 accidit,
1183 2634 1288 2685 quod
1321 2647 1365 2670 ea
1396 2635 1551 2682 pagina,
1578 2645 1664 2682 quae
1687 2645 1771 2671 ver·

312 2712 377 2737 sus
410 2702 603 2739 244—62
637 2704 824 2750 continet,
856 2702 913 2741 bis
945 2705 1095 2754 scripta
1126 2705 1285 2742 inventa
1317 2706 1388 2747 est,
1420 2706 1459 2739 et-
1489 2714 1526 2750 p.
1567 2701 1643 2738 193
1669 2703 1769 2750 etp.

312 2768 406 2812 213,
454 2769 522 2807 sed
569 2759 695 2808 altero
743 2771 829 2808 loco
875 2773 1074 2820 scriptura
1119 2772 1195 2809 iam
1242 2771 1289 2808 ab
1337 2772 1445 2821 ipso,
1492 2770 1561 2817 qui
1599 2769 1770 2807 codicem
