1963 3243
140 254 196 298 11,
224 254 254 297 2,
280 253 415 288 55-62
782 250 992 286 Pseudolus.
1578 257 1628 295 55

142 380 235 423 Huc
266 393 386 421 suam
419 378 472 420 ad
506 392 597 429 nos,
631 391 726 419 cum
759 391 808 419 eo
841 377 986 419 aiebat
1018 377 1130 419 uelle
1163 378 1275 419 mitti
1308 377 1548 427 mulierem3

142 452 250 494 Nam
283 451 352 492 hic
384 464 555 504 quoque
587 449 830 503 exemplum
861 449 1038 503 reliquit
1071 449 1176 490 eius.

778 562 852 604 Ha
867 577 920 615 η)
933 576 994 604 aa:

1161 633 1340 676 Omnem
1373 648 1460 675 rem
1494 639 1627 676 tenes.

726 728 1037 771 Pseudolus

145 804 258 855 Quid
291 817 370 856 ego
403 804 444 844 ni
476 801 674 844 teneam?

777 903 991 958 Harpax

612 977 724 1018 Dato
756 977 900 1018 istunc
932 974 1171 1030 symbolum
1205 989 1305 1029 ergo
1337 974 1411 1016 illi.

743 1089 1037 1131 Pseudolus

1397 1161 1530 1202 Licet.
1566 1172 1632 1206 655

140 1235 226 1278 Sed
260 1235 362 1289 quid
395 1240 462 1277 est
493 1234 571 1276 tibi
603 1234 789 1275 nomen?

775 1335 812 1377 H
826 1350 850 1377 a
860 1350 880 1377 r
890 1351 916 1390 p
931 1350 955 1377 a
967 1351 992 1376 x

702 1407 892 1463 Harpax.

736 1521 1040 1564 Pseudolus

820 1594 966 1647 Apage
998 1598 1053 1643 te,
1087 1593 1287 1647 Harpax3
1320 1593 1436 1634 haud
1470 1593 1628 1647 places.

139 1672 234 1716 Huc
266 1673 440 1728 quidem
469 1672 615 1716 hercle
645 1671 763 1715 haud
794 1672 876 1715 ibis
908 1673 1033 1724 int-ro,
1067 1686 1120 1714 ne
1146 1673 1249 1728 quid
1275 1673 1442 1728 harpax
1466 1672 1628 1714 feceris.

775 1786 991 1841 Harpax

141 1858 288 1901 Hostis
321 1859 446 1901 uiuos
477 1873 632 1913 rapere
666 1859 782 1901 soleo
815 1873 865 1900 ex
897 1859 1007 1910 acie3
1040 1873 1091 1901 ex
1122 1858 1203 1900 hoc
1234 1873 1389 1901 nomen
1420 1858 1525 1900 mihi
1551 1863 1628 1900 est.

737 1972 1037 2014 Pseudolus

143 2044 218 2086 Pol
251 2050 292 2086 te
325 2044 460 2086 multo
492 2045 629 2099 magis
662 2046 816 2098 opinor
846 2057 954 2086 uasa
986 2043 1126 2085 ahena
1158 2058 1209 2085 ex
1241 2044 1429 2086 aedibus.

779 2157 994 2212 Harpax

142 2228 238 2272 Non
270 2231 393 2282 itast3
427 2230 502 2273 sed
533 2231 622 2272 scin
655 2229 758 2284 quid
789 2234 831 2271 te
865 2243 951 2280 oro,
985 2228 1118 2281 Syre?

731 2331 1040 2374 Pseudolus

1111 2402 1264 2453 Sciam,
1298 2404 1334 2444 si
1365 2403 1536 2445 dixeris.
1565 2414 1632 2448 660

234 2551 300 2586 653
325 2550 437 2586 Suam
462 2551 531 2585 huc
633 2561 745 2595 quom
847 2550 970 2585 alebat
994 2549 1030 2584 Β
1130 2551 1195 2584 653
1221 2549 1377 2594 reliquid
1471 2548 1538 2583 HA
1564 2559 1630 2584 om.

144 2607 212 2641 655
235 2607 278 2642 H.
305 2607 398 2651 Quid
514 2609 549 2640 P.
576 2607 663 2642 dato
690 2617 780 2651 ergo
806 2607 917 2641 istum
943 2606 1142 2641 simbolum
1169 2617 1258 2650 ergo
1285 2605 1351 2642 BG
1471 2605 1537 2640 PS.
1568 2615 1634 2640 om.

144 2664 211 2698 656
236 2675 350 2708 arpax
374 2663 420 2706 B,
445 2664 607 2710 harparx
633 2664 662 2700 C
753 2663 873 2707 hapax
898 2664 932 2698 B
1023 2665 1089 2698 657
1113 2663 1184 2698 hoc
1212 2663 1240 2698 G
1331 2662 1475 2696 audibis
1501 2662 1535 2696 A

145 2720 243 2755 intro
268 2721 306 2755 ni
332 2721 368 2762 C,
394 2722 564 2756 lacunam
587 2721 693 2756 habet
717 2719 751 2754 Β
856 2721 918 2764 qui
944 2719 979 2755 Β
1077 2721 1142 2754 658
1168 2719 1269 2754 soleo
1296 2719 1373 2754 acie
1399 2717 1467 2753 BC
1569 2719 1636 2753 659

146 2774 291 2812 Poltem
316 2778 394 2811 uito
421 2776 490 2812 BC
590 2778 732 2812 ahenea
758 2776 974 2811 exscedibus
1001 2776 1067 2811 BC
1166 2777 1233 2811 660
1257 2777 1328 2810 ista
1353 2775 1387 2810 A
1491 2775 1547 2812 sin
1573 2774 1640 2810 BC

239 2844 340 2868 orem
364 2833 430 2868 BC
523 2833 614 2868 Sure
639 2834 682 2874 A,
711 2844 813 2877 scyre
840 2832 874 2867 B
