1963 3243
338 185 389 223 26
1001 183 1125 219 Plauti
1521 185 1568 229 11,
1594 189 1626 230 3,
1650 188 1782 222 43—51

919 308 1208 351 Sceledrus

1549 368 1659 418 Quid
1692 370 1807 426 est?

904 444 935 485 P
949 445 1068 486 alae
1082 445 1214 486 strio

337 514 469 557 Iuben
488 515 567 557 tibi
587 516 734 558 oculos
754 515 946 566 exfodiri,
972 516 1129 570 quibus
1155 516 1198 558 id
1223 516 1337 570 quod
1361 523 1617 572 nusquamst
1634 520 1784 562 uides?

918 617 944 660 S
959 631 981 659 c
993 618 1071 659 ele
1083 618 1109 659 d
1119 632 1140 659 r
1152 633 1179 659 u
1189 631 1207 658 s

333 672 456 724 Quid,
489 675 734 728 nusquam?

902 753 934 795 P
945 754 990 795 al
1002 767 1026 795 a
1037 767 1058 795 e
1071 767 1090 795 s
1103 754 1207 795 trio

736 825 833 868 Non
865 839 944 879 ego
976 830 1096 867 tuam
1121 825 1300 879 empsim
1325 826 1458 868 uitam
1482 828 1640 871 uitiosa
1663 843 1784 872 nuce.

917 925 1207 969 Sceledrus

332 996 444 1047 Quid
474 998 620 1052 negoti
653 999 749 1040 est‘?

547 1058 552 1067 Ι
907 1077 1214 1120 Palaestrio

766 1149 879 1200 Quid
910 1150 1056 1204 negoti
1088 1151 1155 1202 sit,
1185 1151 1344 1204 rogas?

918 1252 1208 1295 Sceledrus

1382 1325 1468 1368 Cur
1498 1341 1583 1369 non
1613 1329 1785 1382 rogem?

908 1403 1215 1446 Palaestrio

330 1473 426 1516 Non
480 1479 526 1516 tu
583 1475 663 1517 tibi
718 1477 847 1518 istam
904 1481 1204 1530 praetruncari
1257 1477 1447 1532 linguam
1499 1478 1784 1534 largiloquam

1402 1550 1554 1592 iubes?
1718 1563 1785 1596 320

916 1627 1207 1669 Sceledrus

331 1697 467 1748 Quam
487 1698 539 1740 ob
556 1713 646 1740 rem
664 1699 865 1741 iubeam?

908 1801 939 1843 P
952 1802 999 1844 al
1010 1816 1035 1843 a
1047 1816 1098 1844 es
1109 1803 1177 1844 tri
1189 1817 1212 1845 o

674 1874 1039 1916 Philocomasium
1059 1888 1206 1916 eccam
1225 1875 1349 1927 domi,
1368 1890 1495 1929 quam
1512 1877 1555 1918 in
1574 1892 1783 1930 proxumo

331 1944 498 1987 Uidisse
525 1946 648 1988 aibas
672 1951 715 1988 te
741 1946 1007 1988 osculantem
1033 1951 1164 1999 atque
1181 1947 1499 2001 amplexantem
1518 1962 1614 1990 cum
1631 1949 1781 1992 altero.

915 2049 1206 2091 Sceledrus

330 2119 498 2170 Mirum,
531 2120 634 2162 lolio
667 2121 869 2162 uictitare
902 2128 943 2163 te
975 2127 1063 2163 tam
1096 2123 1172 2163 uili
1203 2122 1361 2163 tritico.

898 2224 929 2264 P
942 2224 1027 2266 ala
1040 2238 1091 2266 es
1104 2225 1210 2266 trio

330 2277 443 2328 Quid
473 2279 589 2321 iam?

917 2360 943 2403 S
956 2360 1067 2403 cele
1080 2361 1203 2403 drus

601 2431 713 2482 Quia
742 2433 1015 2475 luscitiosu’s.

418 2568 484 2599 317
520 2566 650 2601 lubeut
755 2579 930 2612 nusquam
967 2568 1026 2602 hic
1058 2569 1153 2602 uidis
1257 2571 1324 2604 318
1358 2573 1518 2603 mutuam
1552 2581 1595 2604 ea
1626 2570 1694 2613 ipsi
1727 2571 1780 2604 tui

330 2628 402 2657 tam
510 2626 575 2657 319
601 2623 688 2666 Q·xit
713 2626 940 2667 genegotiist
973 2626 1060 2668 quid
1094 2638 1187 2669 nego
1214 2632 1252 2660 tu
1278 2627 1327 2660 sit
1351 2627 1468 2669 bogas
1496 2628 1524 2660 C
1625 2628 1690 2660 320
1714 2638 1780 2660 om.

329 2680 357 2714 C
403 2680 497 2713 Noui
532 2680 561 2714 ὣ
594 2682 642 2715 ibi
677 2681 711 2715 Β
816 2683 931 2726 ῇΐιιῃο
965 2683 1040 2716 dari
1074 2682 1109 2716 B
1213 2685 1276 2717 321
1311 2684 1431 2717 iubeat
1534 2695 1605 2727 qua
1716 2684 1782 2716 322

329 2737 428 2771 ala..
449 2749 464 2770 s
487 2737 531 2780 Β,
565 2738 688 2772 aleuas
715 2738 743 2772 C
834 2739 1066 2783 amplexante
1098 2739 1142 2782 B,
1177 2740 1429 2784 ampleocante
1459 2740 1488 2775 C
1575 2741 1640 2774 323
1667 2740 1780 2774 Mirus

329 2794 401 2830 olio
495 2797 560 2828 324
585 2795 806 2830 lusciniosus
832 2795 867 2830 B
