1963 3243
339 191 394 230 80
1011 187 1134 222 Plauti
1507 184 1570 228 IV,
1599 187 1627 221 1.
1651 187 1786 221 29—38

835 311 1283 366 Pyrgopolinices

334 383 425 426 Eho
457 389 517 435 tu,
547 384 726 426 aduenit
755 384 975 438 Ephesum
1006 387 1145 424 mater
1177 382 1299 424 eius?

901 507 934 549 P
944 507 1029 549 ala
1039 521 1061 548 e
1073 521 1092 549 s
1103 511 1122 548 t
1130 507 1173 548 ri
1184 521 1208 548 o

1362 562 1495 604 Aiunt
1525 562 1599 617 qui
1631 563 1785 604 sciunt.

835 655 1284 709 Pyrgopolinices

334 728 489 770 Hercle
521 728 792 770 occasionem
822 727 1011 781 lepidam
1042 731 1091 768 ut
1123 726 1343 767 mulierem
1374 724 1597 767 excludam
1629 724 1756 766 foras.

903 851 1210 892 Palaestrio

334 925 468 966 Immo
500 925 573 965 uin
604 928 652 965 tu
683 923 826 976 lepide
857 922 1030 966 facere?

837 1048 1285 1102 Pyrgopolinices
1482 1094 1486 1098 ,

1107 1120 1302 1174 Loquere
1334 1122 1378 1160 et
1408 1118 1634 1160 consilium
1667 1119 1786 1161 cedo.

906 1246 937 1286 P
952 1245 1036 1286 ala
1047 1259 1068 1286 e
1081 1259 1100 1286 s
1112 1249 1130 1286 t
1140 1245 1182 1285 ri
1194 1259 1217 1286 o

337 1318 414 1360 Uin
433 1324 481 1360 tu
498 1318 618 1359 illam
636 1323 832 1359 actutum
848 1331 1064 1368 amouere,
1083 1331 1108 1358 a
1125 1322 1166 1358 te
1184 1320 1234 1357 ut
1249 1315 1380 1357 abeat
1397 1329 1474 1370 per
1489 1315 1705 1368 gratiam?
1721 1327 1790 1360 975

837 1441 1286 1498 Pyrgopolinices

335 1499 488 1554 Cupio.

911 1590 1218 1632 Palaestrio

504 1663 612 1704 Tum
636 1667 679 1704 te
696 1663 778 1704 hoc
793 1662 938 1704 facere
956 1667 1148 1717 oportet:
1173 1661 1253 1704 tibi
1279 1661 1530 1702 diuitiarum
1547 1659 1789 1712 adfatimst3

334 1735 438 1777 Iube
456 1735 538 1777 sibi
556 1747 707 1776 aurum
732 1748 861 1789 atque
887 1739 1140 1776 ornamenta
1166 1748 1278 1788 quae
1304 1734 1365 1774 illi
1389 1734 1594 1774 instruxti
1618 1733 1790 1774 mulieri

336 1808 458 1849 Dono
490 1807 666 1860 habere,
699 1808 870 1849 auferre
903 1812 946 1848 et
976 1807 1054 1848 abs
1088 1811 1130 1848 te
1162 1806 1275 1847 abire
1307 1821 1392 1860 quo
1425 1805 1577 1847 lubeat
1608 1805 1703 1847 sibi.

838 1920 1285 1975 Pyrgopolinices

334 1994 484 2036 Placet
516 1999 564 2035 ut
595 1993 726 2045 dicis3
766 1993 841 2035 sed
882 2007 933 2035 ne
973 1997 1013 2034 et
1049 1994 1178 2035 istam
1211 1993 1409 2034 amittam
1441 1995 1485 2033 et
1514 1991 1622 2034 haec
1652 1996 1790 2033 mutet

1446 2063 1587 2115 fidem,

336 2123 446 2166 Uide
480 2123 619 2165 modo.

905 2202 1219 2245 Palaestrio

506 2275 603 2317 Uah
634 2274 882 2326 delicatu's;
913 2289 1022 2328 quae
1054 2280 1096 2316 te
1127 2280 1351 2329 tamquam
1383 2273 1531 2316 oculos
1563 2279 1692 2315 amet.
1723 2285 1791 2318 980

839 2388 1287 2443 Pyrgopolinices

337 2447 479 2489 Uenus
511 2461 576 2488 me
608 2450 739 2488 amat.

425 2584 492 2616 972
518 2583 597 2617 Eon
677 2582 802 2615 aeuius
880 2582 945 2614 974
971 2581 1121 2615 faceret.
1150 2581 1205 2615 ΡΙ.
1235 2580 1396 2624 loquerit
1421 2579 1457 2614 Β
1532 2581 1599 2614 975
1625 2583 1787 2614 actutum

334 2640 434 2674 illam
463 2639 490 2674 0
569 2639 729 2673 habeant
753 2639 796 2681 Β,
823 2638 958 2671 habeat
985 2637 1014 2672 C
1102 2639 1167 2672 976
1193 2642 1280 2672 tum.
1308 2637 1367 2671 PA
1461 2638 1527 2671 977
1550 2637 1632 2671 Iubi
1657 2637 1727 2671 sibi
1753 2636 1790 2671 B

427 2707 520 2740 quae
547 2706 612 2730 om.
639 2696 673 2729 B
776 2695 953 2729 instruxit
1059 2696 1125 2729 978
1159 2695 1300 2729 auferet
1331 2695 1396 2728 abs
1502 2693 1606 2728 abire
1631 2704 1697 2728 om.

337 2754 434 2797 quod
461 2753 489 2787 Ο
579 2753 704 2787 iubeat
795 2753 862 2786 979
888 2764 931 2786 ne
959 2753 1066 2785 istam
1166 2753 1333 2786 amittam
1357 2752 1447 2786 haec
1473 2750 1509 2785 Β
1603 2752 1670 2785 980
1694 2749 1788 2785 Uido

336 2810 447 2844 modo
473 2809 507 2843 B
601 2821 671 2854 que
697 2810 808 2844 etiam
835 2809 963 2843 oculos
989 2821 1090 2844 meos
1118 2809 1152 2843 B
