1963 3243
699 215 738 250 V.
765 216 955 250 342—376.
1480 224 1561 260 249

110 347 225 385 1015.
269 346 355 385 Ter.
397 346 494 384 Eun.
542 347 660 384 1004.
695 346 796 383 infra
835 347 937 383 803:
981 344 1148 392 ‚‚aliae“.
1212 346 1438 384 Buecheler.
1475 348 1559 386 Lat.

105 414 210 453 Deol.
243 428 280 464 p.
320 417 408 453 114.
447 434 493 440 -
529 416 630 463 quod
660 416 706 452 A.
768 414 849 452 Hoc
881 414 1069 452 Cavallin.
1104 414 1260 453 Tidskr.
1295 416 1318 453 f.
1353 415 1492 454 Pliilol.
1525 431 1559 454 n.

103 496 132 521 s.
171 484 189 521 I
228 496 265 532 p.
310 484 388 521 265
422 487 599 521 enarrat:
650 497 721 530 „ex
754 497 800 520 eo
832 480 978 533 quod“.
1041 482 1186 520 Luchs.
1223 483 1355 521 Herm.
1389 483 1484 521 XIII
1524 499 1560 535 p.

105 553 180 590 501
226 551 382 602 „quia“.
444 552 573 589 Facile
612 552 767 589 credam
807 551 993 588 Guietum
1037 555 1077 587 et
1119 551 1162 588 R.
1199 556 1303 589 recte
1336 553 1559 603 scripsisse:

105 620 227 668 „Mihi
259 621 404 658 solaest
434 621 538 670 quod
565 618 770 670 superfit“.
807 638 854 644 —
892 620 970 658 359
999 619 1043 657 R..
1077 625 1117 656 et
1151 620 1261 658 Ribb.
1294 634 1430 670 parum
1458 625 1562 659 recte

103 688 389 727 Philocomasio
420 689 528 727 dant.
561 708 616 714 —
647 700 754 726 mmo
785 689 859 725 iam
893 685 939 725 A.

216 760 307 796 360.
347 758 448 806 Quid
485 759 544 795 ais
582 758 653 796 tu?
711 758 758 802 A,
800 770 834 794 v.
876 756 923 793 ad
958 756 1097 804 Amph.
1131 757 1223 795 414.
1255 777 1309 782 —
1341 757 1454 795 Hanc
1484 770 1560 796 rem

98 839 207 875 yero,
246 827 317 865 hoc
358 840 450 876 ago,
489 839 524 864 v.
559 826 607 863 ad
640 826 743 863 Men.
778 826 873 863 812.
934 825 1018 871 Quo
1049 827 1193 863 certius
1235 827 1377 864 ostium
1411 831 1561 874 servet,

101 909 147 933 ne
178 897 374 946 respicere
407 895 563 945 quidem
591 895 685 938 vult.
710 894 776 932 sed
802 895 911 944 loqui
935 907 1022 930 eum
1049 894 1180 942 iubet3
1213 895 1348 932 audire
1375 908 1415 932 se
1433 908 1561 945 posse.

101 983 154 990 —
187 965 277 1002 361.
318 966 411 1002 istoc
451 966 496 1001 A.
553 966 643 1001 istoc
680 963 863 1010 evemplo,
904 964 980 1000 isto
1014 962 1147 1007 modo.
1179 967 1223 1000 ut
1254 977 1355 1000 nunc
1386 967 1479 1010 stas,
1512 964 1559 1001 cf.

103 1031 194 1070 726.
252 1034 346 1070 757.
401 1032 500 1071 Rud.
559 1033 650 1070 368.
708 1032 810 1069 infra
854 1033 950 1069 402.
998 1031 1045 1068 ad
1094 1031 1211 1069 Most.
1266 1033 1354 1069 187.
1446 1032 1559 1070 Simi-

101 1101 305 1138 litudinem
349 1105 478 1138 autem
518 1101 670 1151 praebet
709 1101 876 1137 hominis
915 1101 1019 1137 cruci
1060 1099 1180 1137 affixi.
1230 1121 1282 1126 —
1316 1101 1560 1147 pereundum

102 1165 408 1221 („perfundum“
445 1171 586 1207 lectum
620 1166 695 1217 est)
728 1172 835 1207 Μῖνα
860 1173 1014 1216 portam
1049 1172 1092 1208 A.
1156 1169 1278 1207 Extra
1308 1173 1462 1220 portam
1496 1183 1560 1207 ur-

100 1239 158 1277 bis
195 1239 390 1290 supplicia
425 1239 528 1276 facta
559 1252 657 1285 esse,
688 1243 827 1288 sponte
859 1239 1106 1288 intelligitur.
1141 1258 1194 1263 —
1228 1239 1320 1276 362.
1355 1238 1557 1286 Dz'spesse's.

100 1307 249 1346 Gellius
279 1307 362 1354 XV,
400 1309 461 1354 15,
496 1309 518 1344 4
553 1308 622 1345 hos
656 1321 790 1345 versus
820 1307 996 1353 laudans,
1038 1312 1081 1345 ut
1113 1307 1343 1345 ostenderet
1373 1309 1560 1357 antiquos

103 1376 176 1423 „ab
206 1390 264 1425 eo,
297 1377 402 1426 quod
434 1381 495 1413 est
525 1377 669 1427 pando,
702 1389 859 1426 passum
892 1375 1052 1425 dixisse,
1080 1390 1156 1414 non
1181 1374 1397 1426 pansum“:
1449 1375 1559 1423 „Dis-

98 1445 220 1494 pessis
259 1444 354 1482 dicit
390 1458 462 1495 pro
503 1458 547 1482 eo
586 1445 691 1494 quod
730 1450 789 1483 est
829 1443 1060 1496 dispassiS.“
1106 1446 1151 1483 cf.
1192 1445 1295 1482 infra
1337 1446 1457 1483 1401.
1505 1463 1557 1469 --

91 1513 312 1560 patibulum
342 1526 414 1563 pro
446 1527 573 1558 cruce,
607 1527 641 1551 v.
677 1513 724 1550 ad
757 1513 874 1551 Most.
912 1515 975 1551 53.
1007 1515 1167 1556 Imbebe's,
1200 1515 1224 1552 i.
1259 1527 1290 1551 e.
1324 1514 1559 1551 tenebis.—

100 1593 306 1629 quamnam
344 1583 387 1620 ob
426 1583 533 1620 rem?
570 1583 686 1619 etiam
719 1583 765 1619 A.
798 1601 851 1606 —
887 1583 978 1621 363.
1012 1584 1099 1630 quis
1138 1583 1184 1620 de
1228 1584 1401 1630 muliere,
1443 1596 1478 1620 v.
1512 1584 1559 1620 ad

99 1649 185 1688 Aul.
230 1651 305 1689 136
347 1656 385 1688 et
425 1651 528 1689 infra
569 1652 663 1689 808.
715 1651 852 1697 „illaec
892 1650 1002 1700 quis“
1047 1656 1197 1702 transp.
1231 1651 1344 1688 Both.
1377 1670 1433 1675 —
1465 1651 1559 1689 365.

97 1719 251 1766 quando
291 1719 401 1765 lubet,
442 1733 493 1758 sc.
527 1721 676 1769 perire;
716 1733 750 1757 v.
787 1721 865 1758 344
899 1733 939 1757 se
971 1721 1103 1757 multis
1135 1719 1366 1757 verberibus
1397 1719 1558 1769 dignum

98 1785 263 1835 dixerat,
296 1789 328 1825 si
361 1789 688 1828 Philocomasium
720 1788 825 1826 domi
857 1794 969 1827 esset.
1004 1809 1058 1814 -
1092 1789 1223 1827 Perire
1247 1801 1417 1837 propera
1442 1789 1485 1825 A.
1505 1808 1558 1813 —

100 1856 178 1894 366
211 1857 278 1894 iste
307 1860 362 1895 est
391 1862 430 1895 et
453 1858 591 1905 probri
619 1858 664 1904 A,
698 1860 869 1895 marzani
898 1858 1048 1895 Acidal.
1083 1863 1135 1906 et,
1167 1862 1211 1895 ut
1242 1858 1415 1903 videtur,
1439 1858 1485 1895 A.
1505 1877 1558 1883 -—

98 1923 190 1962 367.
232 1925 318 1968 Em,
352 1927 377 1963 i.
409 1940 440 1964 e.
474 1940 534 1973 en,
575 1939 719 1973 eccum,
760 1939 793 1963 v.
836 1926 884 1963 ad
917 1926 1058 1975 Amph.
1094 1927 1186 1964 771.
1248 1926 1396 1963 Eadem
1430 1927 1557 1963 forma

97 1995 225 2030 exstat
256 1994 294 2030 in
325 1995 409 2032 cod.
445 1995 569 2033 Vassic.
603 1995 680 2033 Cic.
714 1995 858 2044 Philip.
892 1995 938 2039 V,
970 1991 1015 2043 ἐξ
1046 1997 1092 2032 15
1123 1999 1162 2032 et
1189 1994 1253 2033 33.
1288 1995 1556 2032 Palaestrionis

96 2059 176 2099 haec
206 2075 302 2109 esse,
335 2062 484 2101 Camer.
516 2065 627 2102 vidit.
663 2083 711 2090 —
749 2064 839 2101 mihi
868 2064 964 2101 dizit
994 2064 1062 2100 tibet
1092 2074 1189 2111 quae
1219 2064 1299 2100 dm·
1323 2065 1368 2101 A.
1390 2083 1442 2088 —
1463 2064 1555 2102 368.

103 2129 185 2168 Tun
201 2143 259 2169 me
276 2131 389 2169 Ribb.
408 2153 461 2159 —
479 2134 538 2171 czc's
554 2133 598 2170 A.
619 2152 672 2157 —
703 2134 796 2171 369.
814 2131 954 2180 Atque.
1004 2132 1149 2169 Versus
1167 2146 1186 2168 a
1205 2134 1556 2182 proceleusmatico

97 2199 245 2248 incipit.
284 2213 317 2238 v,
359 2201 463 2239 Prol.
496 2216 534 2252 p.
573 2202 661 2239 181.
696 2201 740 2239 R.
779 2199 902 2249 „Ac“.
938 2221 986 2226 —
1023 2202 1115 2239 370.
1149 2201 1269 2238 hercle
1299 2202 1344 2238 A.
1378 2221 1432 2227 —
1465 2203 1556 2240 371.

95 2266 304 2306 deterrebor
335 2270 379 2315 A,
412 2271 458 2307 cf.
495 2270 588 2308 334.
624 2290 672 2295 —
709 2271 801 2307 372.
850 2270 932 2317 qu
963 2271 1085 2308 stulta
1116 2273 1151 2308 et
1182 2282 1288 2307 mora
1320 2274 1359 2306 et
1391 2271 1422 2306 A
1456 2276 1494 2307 et
1527 2270 1555 2307 B

96 2337 237 2375 omisso
267 2349 366 2384 sum,
398 2352 432 2376 v.
464 2338 512 2376 ad
543 2338 685 2388 Amph.
721 2339 786 2376 56.
819 2350 961 2382 morus.
996 2353 1030 2377 v,
1066 2338 1113 2376 ad
1145 2338 1247 2376 Men.
1275 2341 1367 2377 557.
1387 2359 1441 2364 —
1460 2340 1554 2377 373.

94 2404 246 2450 fabuler
274 2408 319 2445 A.
360 2427 413 2432 —
454 2409 592 2454 capitis
619 2408 791 2454 perdam.
834 2422 869 2445 v.
903 2407 950 2444 ad
983 2408 1092 2445 Asin.
1129 2409 1219 2445 131.
1256 2427 1301 2432 —
1340 2409 1432 2446 375.
1465 2411 1557 2445 sunt

95 2475 254 2513 maiores
290 2477 336 2513 A.
378 2495 431 2502 -—-
469 2477 542 2523 siti,
580 2480 733 2526 perstat
770 2477 809 2513 in
842 2477 1098 2514 similitudine
1130 2476 1339 2526 sepulchri.
1373 2496 1426 2501 —
1461 2477 1554 2515 376.

94 2543 292 2590 minaciae,
325 2546 436 2594 quasi
467 2558 546 2582 non
577 2545 763 2582 Plautina
794 2557 869 2582 vox
900 2549 1013 2591 esset,
1049 2546 1191 2583 iniuria
1223 2546 1262 2581 in
1294 2546 1553 2595 suspicionem

94 2614 250 2650 vocavit
294 2612 440 2651 Ritsch.
489 2612 562 2662 Op.
609 2612 647 2650 II
693 2626 730 2663 p.
781 2615 873 2659 650,
921 2627 956 2650 v.
1005 2613 1104 2651 Rud.
1138 2614 1231 2652 785.
1266 2612 1423 2651 Trucul.
1458 2613 1551 2652 938.

95 2677 237 2731 Haupt.
277 2680 348 2731 Op.
386 2682 425 2719 11
464 2695 501 2732 p.
545 2682 637 2719 110.
684 2701 738 2706 -
788 2679 962 2728 „oculis“
998 2682 1126 2719 facilis
1158 2681 1411 2719 librariorum
1444 2696 1553 2719 error

94 2747 269 2798 videtur;
300 2751 467 2788 retinuit
497 2749 614 2788 Ribb.
648 2750 759 2800 quasi
789 2751 1087 2798 nominativum,
1123 2763 1155 2786 v.
1184 2749 1415 2797 Buecheler,
1447 2750 1553 2789 Decl.

93 2827 133 2867 p.
166 2818 228 2855 37.
259 2837 314 2843 —
343 2819 508 2865 exfodirc’
535 2814 584 2856 A.
