1963 3243
310 168 390 206 298
878 162 983 197 Miles
1008 163 1190 206 gloriosus

310 293 481 331 diaeresis
513 297 585 339 est,
616 297 654 329 et
685 293 764 329 m'ri
794 292 956 329 aiteram
990 293 1173 341 corripit;
1211 292 1279 330 sed
1312 292 1477 329 fortasse
1510 295 1616 329 recte
1647 292 1760 330 Both.

312 360 459 409 aliique
497 360 556 398 ted
595 361 846 408 scripserunt.
882 380 928 384 —
965 360 1058 405 Quae
1096 365 1270 397 extremo
1309 361 1441 397 versui
1483 362 1521 396 in
1553 359 1665 397 codd.
1697 361 1762 397 ad-

311 428 470 470 duntur,
504 442 550 464 ex
583 428 691 464 1272
723 428 982 476 irrepserunt.
1015 447 1069 452 —
1104 428 1223 465 1268.
1260 428 1444 474 „melius‘⁴
1480 439 1554 464 om.
1586 426 1762 465 Guietus.

310 495 484 534 Auditur
534 495 631 539 „hoc
667 493 837 532 facere“.
873 515 921 520 —
955 494 1023 532 illa
1060 495 1105 532 R.
1146 495 1235 533 add.
1269 515 1320 519 —
1351 505 1410 531 me
1444 494 1577 539 facere
1613 494 1762 532 Camer.

309 583 363 589 —
399 565 518 601 1270.
550 563 615 600 uir
645 564 725 600 eius
753 574 812 600 me
841 562 1095 610 deprehendat
1124 563 1250 600 Loew.
1300 562 1522 611 Legebatur
1553 567 1643 612 post
1658 562 1763 600 Cam.

315 632 410 678 „Uir
440 634 524 668 eius
554 637 613 668 est
644 627 916 668 metuendus“.
949 650 1004 656 —
1039 633 1158 668 1271.
1190 643 1215 668 α
1243 641 1296 669 se.
1329 631 1415 668 PY.
1446 631 1522 678 Qui
1550 631 1590 668 id
1619 630 1679 669 ed.
1704 643 1762 680 pr.

310 700 424 748 Seyff.
475 699 608 737 Goetz.
657 712 740 735 cum
788 699 910 735 hiatu.
976 698 1131 745 „Quid?
1178 701 1245 748 qui
1290 699 1356 736 id“
1408 698 1511 736 Cam.
1560 719 1608 724 —
1644 700 1764 736 1272.

317 767 416 815 Quia
433 767 553 810 aedes,
580 768 897 816 episynaloephe,
919 781 950 804 v.
970 767 1122 815 Prolog.
1148 780 1185 816 p.
1214 768 1306 805 214.
1341 768 1577 804 P0e11.887:
1615 779 1765 813 „meum

312 834 450 873 ad‹·0“.
513 836 609 872 870.
663 848 794 881 „meae
843 834 967 871 alae“.
1033 835 1132 874 Rud.
1181 837 1273 874 257.
1336 836 1442 872 Trin.
1488 836 1578 872 138.
1642 834 1767 881 Vulgo

313 918 399 941 cum
431 904 565 941 Reizio
602 902 747 949 „Quia“
784 905 971 941 omittunt
1003 912 1138 941 contra
1173 903 1301 940 Plauti
1335 917 1492 940 morem.
1526 923 1579 928 —
1611 902 1706 941 Iube
1722 902 1765 939 R.

313 977 357 1010 ut
389 972 501 1009 codd.
533 976 625 1020 post
661 972 775 1008 1267,
812 990 865 995 -
903 973 1020 1009 1273.
1052 972 1142 1008 Iam
1172 971 1278 1009 Cam.
1310 992 1364 997 —
1395 973 1468 1010 sies
1501 972 1611 1008 Both.
1644 990 1697 996 —
1728 972 1768 1008 in

314 1042 591 1089 exspectatione
635 1039 851 1083 Scutarius,
899 1040 945 1077 cf.
985 1039 1089 1077 Coel.
1132 1040 1179 1077 ad
1219 1040 1297 1078 Cic.
1340 1040 1448 1077 Fam.
1490 1039 1594 1086 VIII,
1642 1041 1702 1084 14,
1737 1041 1767 1076 l.

319 1111 382 1156 „in
414 1107 506 1158 spe“
542 1108 620 1146 Cic.
652 1109 736 1145 Att.
770 1108 838 1152 ΙΙΙ,
877 1108 937 1151 18,
978 1110 1010 1145 l.
1044 1110 1108 1153 23,
1141 1110 1177 1146 4.
1215 1110 1278 1155 „in
1311 1106 1443 1145 metu“
1479 1107 1556 1145 Cic.
1585 1111 1666 1144 Att.
1698 1106 1766 1153 111,

317 1180 353 1222 9.
387 1179 422 1215 3.
473 1180 538 1223 „in
577 1175 833 1226 quaestion&
877 1176 989 1226 Capt.
1024 1178 1103 1215 252
1146 1190 1232 1214 cum
1264 1190 1353 1214 ann.
1402 1196 1449 1201 -—
1503 1177 1620 1214 1276.
1653 1176 1694 1213 It
1720 1175 1771 1213 ad

315 1257 384 1283 nos
429 1245 492 1282 ΒΓ.
527 1245 614 1282 coll.
648 1245 765 1282 Most.
801 1247 898 1282 555:
965 1245 1062 1290 „Hic
1109 1245 1155 1282 ad
1203 1259 1262 1282 me
1303 1243 1374 1282 it“.
1435 1244 1539 1282 Cam.
1573 1244 1768 1281 ediderat:
1827 1254 1833 1263 '

320 1315 423 1361 „Iam
459 1327 525 1350 nos
549 1314 633 1350 uolt
660 1314 720 1350 hic
747 1311 964 1362 profect0“.
991 1314 1102 1350 Ribb.
1156 1314 1280 1357 „Num
1317 1327 1384 1349 nos
1417 1312 1531 1349 uolt-⁸?
1564 1313 1642 1349 ΡΑ.
1676 1310 1769 1349 Te“.

319 1402 361 1407 —
394 1383 511 1419 1277.
537 1382 707 1429 hancA;
739 1386 870 1418 cetera
895 1395 969 1418 nou
997 1388 1201 1431 apparent.
1235 1402 1288 1407 —
1320 1383 1398 1419 iam
1423 1380 1589 1429 Seyffert
1615 1393 1624 1427 3
1657 1381 1771 1428 vulgo

319 1465 404 1488 cum
437 1451 599 1488 Bothio:
635 1451 824 1500 „arcessit
855 1451 965 1487 hanc.
1002 1450 1078 1487 PA.
1111 1450 1172 1486 Ita
1205 1448 1362 1487 credo“.

436 1521 554 1557 1278.
587 1519 798 1557 Pleusicles
830 1518 1041 1556 adveniens
1072 1532 1199 1555 secum
1234 1519 1421 1568 loquitur,
1447 1531 1515 1554 nec
1541 1524 1630 1554 aute
1666 1518 1770 1554 1284

319 1593 470 1625 ceteros
517 1588 812 1625 animadvertit.
854 1606 907 1611 —
949 1588 992 1624 πὶ
1035 1588 1151 1624 sciam
1197 1587 1310 1624 Grut.
1356 1606 1410 1611 —
1461 1587 1579 1624 1279.
1624 1596 1770 1631 uerear,

319 1656 467 1705 pudeat
499 1668 571 1702 me,
603 1657 650 1694 cf.
672 1656 814 1693 Bacch.
839 1657 934 1694 156:
972 1655 1068 1702 „Hic
1100 1657 1230 1692 uereri
1261 1654 1475 1705 perdidit“.
1508 1654 1595 1691 Ter.
1614 1653 1768 1690 Phorm.

321 1725 422 1761 971:
470 1737 620 1772 „neque
651 1724 767 1762 huius
798 1725 849 1762 sis
880 1725 1031 1761 ueritus
1062 1725 1230 1761 feminae
1262 1721 1513 1773 primariae“.
1575 1722 1632 1759 De
1663 1733 1796 1758 acen--

321 1793 449 1829 sativo
489 1805 573 1830 cum
612 1793 680 1829 inf.
728 1793 775 1830 cf.
808 1792 857 1829 ad
889 1792 1027 1830 Bacch.
1061 1794 1153 1830 234.
1200 1812 1255 1817 —
1305 1792 1424 1829 1280.
1458 1791 1600 1828 Hiatus
1629 1792 1669 1827 in
1700 1801 1771 1826 cae-

321 1874 425 1898 sura.
457 1880 511 1885 —
554 1862 673 1899 1281.
721 1862 938 1908 acceperim..
1000 1861 1281 1899 Coniunctivus
1324 1865 1417 1910 post
1461 1870 1575 1907 quom
1619 1857 1772 1909 causale

322 1929 428 1979 apud
473 1929 654 1966 Plautum
702 1930 896 1975 insolitus,
944 1943 979 1968 v.
1023 1930 1231 1967 Luebbert.
1271 1928 1441 1966 Gramm.
1474 1927 1638 1966 Studien
1667 1925 1706 1963 II
1734 1937 1770 1974 p.

327 1998 403 2035 137
436 2010 505 2047 sq.,
539 1999 606 2047 qui
636 1999 711 2034 nisi
744 2011 790 2035 ex
821 2000 998 2036 oratione
1030 1999 1163 2047 aliqua
1195 1997 1354 2047 obliqua
1386 1998 1480 2033 oriri
1508 2009 1621 2045 posse
1646 2000 1772 2043 negat.

322 2065 462 2116 Itaque
504 2079 589 2104 cum
631 2066 828 2115 Scaligero
867 2066 911 2103 R.
945 2067 1109 2116 aliisque
1142 2066 1334 2103 excidisse
1366 2065 1517 2114 aliquid
1549 2067 1657 2101 ratus
1686 2065 1772 2112 post

324 2148 358 2172 v.
391 2135 495 2172 1282
528 2135 643 2172 talem
677 2136 757 2172 fere
788 2148 943 2172 versum
976 2136 1171 2172 exstitisse
1202 2137 1338 2183 putat:
1383 2133 1473 2180 „Me
1499 2144 1654 2183 quoque
1676 2131 1774 2167 istuc

324 2203 451 2241 facere
497 2204 647 2241 facinus
686 2204 873 2241 audacter
913 2201 1068 2239 decet“.
1130 2202 1206 2240 Sed
1245 2203 1307 2239 vel
1347 2204 1402 2239 sic
1443 2202 1560 2238 nimis
1599 2203 1774 2237 contorte

324 2272 406 2309 haec
444 2274 640 2310 sententia
678 2272 784 2309 illius
822 2273 1011 2308 orationis
1051 2271 1221 2320 obliquae
1251 2283 1343 2320 pars
1374 2284 1455 2308 esse
1487 2270 1643 2307 dicitur.
1702 2267 1774 2302 Ac-

325 2342 440 2386 cedit,
489 2341 591 2390 quod
639 2341 726 2377 aliis
773 2340 902 2376 Plauti
947 2340 1042 2376 locis
1088 2339 1226 2377 similis
1265 2340 1536 2376 coniunctivus
1567 2337 1773 2376 invenitur,

326 2411 428 2446 infra
468 2424 502 2446 v.
551 2409 674 2447 1322:
726 2420 867 2457 „quom
907 2405 1159 2451 laci-umem“,
1207 2407 1347 2444 Pseud.
1386 2408 1482 2444 183:
1534 2418 1674 2455 „quom
1703 2403 1774 2439 Sim

327 2475 491 2523 siccus“,
547 2476 657 2526 Capt.
715 2478 813 2514 886:
870 2482 1001 2513 sancte
1055 2489 1172 2525 quom
1218 2474 1384 2519 iurem“‚
1431 2476 1498 2523 qui
1544 2471 1775 2511 coniunctivi

327 2546 525 2595 quomodo
551 2545 788 2595 potentiales
814 2548 881 2580 nut
909 2545 1042 2581 iussivi
1071 2545 1264 2595 appellari
1290 2545 1452 2592 possint,
1482 2555 1558 2579 non
1586 2539 1773 2589 intelligo.

329 2614 396 2651 His
430 2613 626 2650 addantur
658 2613 734 2650 duo
766 2613 939 2649 Terentii
974 2613 1061 2654 loci.
1103 2613 1194 2649 Hec.
1230 2613 1328 2650 705:
1377 2611 1634 2661 „praesertim
1664 2608 1703 2644 in
1732 2617 1776 2642 ea

328 2695 369 2718 re
403 2695 517 2730 quom
550 2683 598 2718 sit
632 2681 726 2718 mihi
759 2680 931 2718 adiutrix
970 2679 1145 2727 socrus“,
1180 2681 1252 2717 Ad.
1291 2681 1388 2717 166:
1432 2677 1625 2726 „indignis
1661 2684 1775 2724 quom

328 2754 481 2797 egomet
514 2751 798 2799 sim'acceptus
829 2746 996 2793 modis“,
1030 2753 1067 2785 et
1099 2747 1304 2798 apparebit
1330 2747 1459 2784 Plauti
1485 2750 1612 2791 aetate,
1643 2754 1775 2793 quam-
