1963 3243
99 227 141 271 V,
167 228 198 270 2,
227 227 400 262 105—121
750 225 944 260 Poenulus.
1515 229 1591 268 187

365 412 372 416 -
653 350 1046 404 Agorastocles

100 424 360 478 Ampsigura
389 428 529 465 mater
561 422 664 464 mihi
697 422 789 466 fuit.
823 422 984 464 Iachon
1019 427 1154 476 pater.

752 516 938 558 Hanno

99 590 272 632 Patrem
304 594 436 644 atque
468 594 650 630 matrem
683 589 879 630 uiuerent
911 588 1067 629 uellem
1099 587 1192 628 tibi.

644 683 1042 736 Agorastocles

101 742 164 783 An
198 742 355 782 mortui
387 740 517 782 sunt?

758 810 937 853 Hanno

576 883 769 926 Factum.
802 883 915 936 quod
950 897 1021 935 esso
1054 897 1183 937 aegre
1215 883 1307 933 tuli,

101 956 211 998 Nam
244 955 348 997 mihi
382 955 558 997 sobrina
589 956 851 1009 Ampsigura
883 962 960 996 tua
992 961 1132 997 mater
1162 955 1253 997 fuit.
1510 965 1595 999 1065

99 1027 231 1069 Pater
262 1032 363 1068 tuus
397 1033 491 1069 erat
521 1026 660 1068 frater
692 1027 903 1081 patruelis
935 1042 1068 1079 meus,

99 1099 157 1141 Et
187 1100 222 1140 is
255 1113 321 1140 me
353 1099 557 1141 heredem
590 1098 704 1150 fecit,
736 1113 864 1152 quom
896 1113 1019 1142 suum
1053 1099 1145 1140 obit
1176 1098 1302 1147 diem,

101 1170 196 1221 Quo
229 1185 295 1212 me
327 1172 546 1225 priuatum
579 1184 706 1224 aegre
738 1172 881 1224 patior
914 1175 1095 1212 mortuo.

101 1243 184 1286 Sed
217 1243 253 1285 si
283 1244 346 1284 ita
377 1246 457 1291 est,
488 1246 537 1284 ut
568 1248 616 1283 tu
648 1243 705 1284 sis
739 1242 940 1284 Iachonis
971 1242 1098 1292 filius,

101 1314 279 1369 Signum
311 1328 404 1356 esse
437 1318 611 1368 oportet
641 1314 684 1355 in
716 1327 848 1356 manu
880 1315 1009 1356 laeua
1039 1314 1130 1364 tibi,
1509 1326 1596 1359 1070

100 1386 287 1428 Ludenti
319 1400 451 1440 puero
484 1385 603 1440 quod
635 1386 866 1428 memordit
897 1386 1035 1428 simia.

102 1457 313 1512 [Ostende
344 1458 370 1509 -ἰ-
400 1458 552 1511 inspici
585 1458 671 1499 iam
704 1459 823 1511 aperi
855 1458 1093 1512 audiatque
1125 1457 1260 1511 ades]

655 1549 1044 1602 Agorastocles

102 1606 163 1648 Mi
194 1610 361 1661 patrue,
395 1605 530 1648 salue.

755 1677 942 1719 Hanno

609 1749 666 1791 Et
695 1754 744 1791 tu
775 1750 895 1792 salue
928 1749 1246 1803 Agorastocles.

100 1823 262 1865 Iterum
295 1822 398 1864 mihi
430 1826 586 1875 gnatus
618 1821 783 1872 uideor,
816 1835 945 1875 quom
978 1826 1019 1863 te
1050 1821 1235 1875 repperi.

733 1901 958 1955 Milphio

101 1973 181 2016 Pol
211 1975 338 2016 istam
368 1988 459 2016 rem
489 1973 614 2016 uobis
645 1972 754 2014 bene
786 1973 983 2015 euenisse
1015 1971 1196 2026 gaudeo.
1511 1983 1596 2016 1075

103 2045 189 2088 Sed
219 2050 263 2088 te
295 2047 460 2088 moneri
489 2059 592 2087 num
623 2045 779 2086 neuis‘?

754 2123 944 2165 Hanno

834 2195 945 2237 Sane
977 2194 1090 2238 uolo.

741 2275 967 2329 Milphio

104 2348 292 2391 Paterna
323 2352 497 2403 oportet
528 2347 652 2389 reddi
684 2345 772 2388 filio
803 2346 928 2388 bona.

104 2421 299 2475 Aequom
330 2425 398 2463 est
427 2420 586 2461 habere
618 2419 732 2460 hunc
764 2419 890 2465 bona,
924 2432 1035 2472 quae
1068 2417 1262 2472 possedit
1293 2421 1430 2470 pater.

197 2578 284 2612 1062
307 2578 509 2622 Amsigura
535 2577 563 2611 G
670 2576 738 2610 fuit
763 2576 851 2609 mihi
878 2576 910 2609 A
1023 2575 1143 2609 Hiaou
1169 2575 1214 2618 A,
1242 2574 1330 2608 ihou
1355 2573 1390 2607 Β
1508 2574 1596 2608 1064

105 2644 175 2679 ego
201 2645 265 2670 om.
362 2636 450 2669 1065
475 2644 694 2678 ampsagura
719 2632 753 2667 Β
850 2634 935 2667 1066
960 2637 1045 2666 tuus
1070 2632 1100 2665 is
1127 2635 1204 2665 erat
1300 2631 1388 2664 1067
1414 2629 1462 2664 Et
1486 2630 1542 2664 his
1563 2629 1599 2664 Β

188 2690 288 2726 'obiit
394 2692 482 2726 1068
506 2702 617 2734 agrae
643 2689 678 2724 B
792 2690 878 2723 1069
903 2688 1048 2722 iahonis
1073 2687 1108 2721 B
1228 2688 1310 2721 1071
1339 2686 1540 2721 momordit
1563 2686 1599 2720 B

108 2749 195 2782 1074
221 2748 315 2782 Item
342 2747 371 2782 Ο
489 2758 562 2791 quo
589 2759 609 2780 a
636 2746 672 2789 C,
699 2756 771 2790 quo
798 2750 835 2779 at
860 2745 894 2779 B
1019 2745 1104 2778 1076
1130 2743 1178 2777 Et
1295 2754 1382 2777 num
1407 2753 1464 2777 me
1491 2743 1545 2777 uis
1573 2743 1601 2777 C

26 2805 43 2815 “
109 2805 195 2838 1079
221 2807 391 2849 Aequom
413 2805 443 2839 si
