1963 3243
258 207 264 214 '
295 221 347 260 86
967 215 1088 249 Plauti
1497 214 1560 259 iv,
1587 216 1621 256 6,
1649 214 1780 250 14‘—26

971 339 1111 382 Simo

296 413 473 455 Nullum
505 410 715 466 periclum
748 415 827 462 est,
859 411 974 465 quod
1004 412 1150 463 sciam,
1183 411 1447 466 stipularier„

297 485 357 526 Ut
386 483 623 537 concepisti
654 482 801 524 uerba.
862 483 1028 535 Uiginti
1058 483 1196 524 minas

296 555 467 598 Dabin?

954 632 1130 675 Ballio

528 705 768 746 Dabuntur.
1067 701 1069 703 ’

975 810 1111 852 Simo

837 881 930 924 Hoc
962 882 1136 936 quidem
1166 887 1311 924 actum
1344 886 1407 924 est
1437 882 1553 923 haud
1584 882 1707 923 male.

298 954 402 1009 [Sed
433 954 729 996 conuenistine
760 953 1002 996 hominem?

948 1067 1127 1109 Ballio

1067 1139 1202 1181 Immo
1234 1139 1387 1181 ambos
1419 1139 1558 1182 simul.

971 1241 1106 1283 Simo

299 1314 412 1364 Quid
443 1314 532 1356 ait?
565 1314 668 1367 quid
702 1314 879 1355 narrat?
912 1327 1072 1367 quaeso
1106 1313 1210 1367 quid
1241 1313 1347 1354 dicit
1375 1313 1484 1355 tibi?
1517 1319 1538 1354 t
1696 1324 1784 1357 1080

950 1427 1130 1468 Ballio

299 1500 445 1553 Nugas
475 1499 648 1549 theatri,
681 1499 816 1540 uerba
847 1513 958 1553 quae
990 1499 1034 1540 in
1065 1499 1299 1541 comoediis

298 1571 445 1614 Solent
475 1570 620 1613 lenoni
651 1570 748 1621 dici,
782 1584 895 1624 quae
927 1572 1048 1625 pueri
1082 1571 1245 1622 sciunt3

296 1644 459 1685 Malum
491 1647 533 1683 et
566 1642 796 1685 scelestum
827 1647 870 1685 et
900 1644 1121 1697 periurum
1153 1642 1276 1684 aibat
1306 1656 1402 1684 esse
1433 1656 1511 1683 me.

969 1756 1109 1798 Simo

300 1830 376 1871 Pol
406 1828 522 1871 haud
552 1829 789 1870 mentitust.

954 1937 1131 1979 Ballio

852 2009 965 2063 Ergo
997 2009 1110 2051 haud
1143 2010 1281 2050 iratus
1313 2008 1386 2050 fui.

297 2083 406 2125 Nam
439 2082 591 2137 quanti
622 2081 754 2123 refert
787 2081 825 2122 ei
855 2095 932 2122 nec
963 2085 1079 2123 recte
1112 2081 1266 2131 dicere,
1697 2087 1784 2122 1085

299 2155 380 2205 Qui
410 2154 536 2195 nihili
565 2153 699 2195 faciat
731 2154 890 2207 quique
922 2153 1082 2194 infitias
1112 2167 1196 2195 non
1230 2152 1333 2194 eat?

965 2265 1125 2320 Simo]

297 2341 379 2382 Sed
413 2341 485 2394 qui
517 2353 601 2381 non
634 2345 802 2380 metuas
835 2338 889 2380 ab
922 2352 985 2388 eo,
1017 2338 1060 2378 id
1093 2338 1243 2380 audire
1276 2341 1443 2392 expeto.

950 2451 1132 2492 Ballio

298 2525 409 2575 Quia
439 2538 674 2579 numquam
706 2524 894 2566 abducet
925 2523 1146 2564 mulierem
1178 2525 1261 2565 iam
1294 2536 1374 2564 nec
1403 2524 1561 2576 potest.

391 2685 476 2719 1076
503 2683 745 2731 periculumst
771 2682 800 2718 G
881 2683 966 2716 1078
992 2682 1062 2716 hau
1088 2681 1124 2716 B
1205 2683 1289 2716 1083
1315 2680 1465 2714 aiebant
1542 2679 1629 2713 1084
1653 2677 1725 2712 hau
1748 2674 1784 2710 Β

389 2752 457 2785 ego
485 2741 515 2776 Ο
607 2741 692 2775 1085
720 2741 750 2775 ei
777 2749 842 2774 om.
871 2738 898 2774 C
987 2744 1161 2783 negrecte
1186 2737 1222 2772 B
1323 2738 1408 2771 1086
1432 2735 1523 2770 nihil
1618 2735 1704 2768 1087
1729 2731 1782 2767 SI.

301 2808 367 2832 om.
387 2798 416 2833 C
481 2796 576 2839 Quid
599 2804 653 2832 est
675 2797 763 2841 quid
783 2808 858 2830 non
932 2800 1086 2839 expecto
1161 2795 1247 2829 1088
1272 2804 1472 2837 numquam
1499 2803 1520 2826 a
1543 2802 1600 2826 me
1626 2789 1786 2824 abducet
