1963 3243
152 205 199 247 ΙΙ,
224 204 256 244 3,
285 205 425 245 133-4‚
451 204 473 236 8
783 201 980 235 Mercator.
1535 203 1610 241 107

754 327 1009 380 Demipho

150 403 226 444 lbo
258 402 309 442 ad
345 408 531 455 portum.
595 401 655 442 Ne
688 399 757 441 hic
790 400 1011 448 resciscat,
1046 407 1174 439 cauto
1209 406 1358 451 opust3
1402 412 1484 437 non
1517 398 1610 450 ipse

1242 484 1395 519 emam,

151 545 231 588 Sed
267 544 521 598 Lysimacho
554 545 695 586 amico
730 543 968 594 mandab03
999 544 1035 584 is
1068 556 1112 584 se
1146 542 1201 583 ad
1235 546 1409 595 portum
1444 541 1615 582 dixerat

153 618 220 660 Ire
252 617 426 658 dudum.
490 617 557 659 Me
591 631 748 665 moror,
783 630 913 670 quom
946 616 1014 657 hic
1046 616 1184 658 adsto.

751 740 1021 783 Charinus

1012 813 1167 855 Nullus
1200 828 1317 865 sum3
1350 811 1502 855 occidi.
1549 824 1617 857 460

238 1100 526 1144 CHARINUS
559 1099 872 1151 EUTYCHUS,
907 1099 1352 1142 ADULESCENTES
1384 1099 1437 1141 ΙΙ.
1501 1099 1532 1141 C

753 1272 1017 1316 Charinus

152 1346 389 1388 Pentheum
423 1345 655 1399 diripuisse
688 1347 810 1387 aiunt
841 1346 1053 1397 bacchas;
1086 1358 1223 1397 nugas
1257 1358 1480 1386 maxumas

153 1419 304 1461 Fuisse
336 1418 480 1465 credo,
513 1424 670 1472 praeut
701 1432 787 1472 quo
822 1424 951 1472 pacto
984 1432 1063 1471 ego
1098 1417 1302 1459 diuorsus
1337 1416 1572 1458 distrahor.

155 1490 239 1533 Cur
270 1505 348 1544 ego
379 1492 512 1533 uiuo?
546 1505 624 1532 cur
654 1504 739 1532 non
772 1490 959 1531 morior?
992 1490 1097 1544 quid
1124 1490 1272 1531 mihist
1296 1490 1339 1530 in
1366 1490 1459 1530 uita
1483 1489 1618 1531 boni?

158 1563 388 1613 Certumst,
412 1563 484 1605 ibo
508 1563 563 1605 ad
590 1563 805 1605 medicum
831 1569 963 1616 atque
987 1563 1047 1604 ibi
1073 1577 1139 1604 me
1163 1563 1306 1603 toxico
1332 1562 1462 1603 morti
1489 1561 1617 1612 dabo,

159 1634 338 1685 Quando
365 1636 408 1677 id
433 1636 538 1677 mihi
555 1636 776 1686 adimitur,
801 1649 888 1690 qua
905 1648 1038 1676 causa
1054 1636 1190 1677 uitam
1209 1636 1335 1688 cupio
1354 1635 1519 1675 uiuere.
1550 1645 1618 1678 465

743 1761 1023 1815 Eutychus

110 1892 116 1897 1
157 1833 296 1885 Mane,
329 1848 466 1886 mane,
497 1834 690 1886 obsecro,
725 1833 924 1876 Charine.

759 1957 829 2000 Ch
842 1960 959 2001 arin
971 1974 1028 2000 us

908 2031 1013 2081 Quis
1044 2047 1112 2074 me
1143 2032 1356 2074 reuocat?

750 2159 1023 2213 Eutychus

1381 2229 1616 2283 Eutychus,

160 2302 276 2344 Tuus
309 2304 474 2345 amicus
508 2313 552 2346 et
584 2305 746 2347 sodalis
779 2311 823 2347 et
854 2306 1023 2347 uicinus
1055 2318 1306 2359 proxumus.

751 2430 1024 2473 Charinus

159 2500 254 2544 Non
285 2509 330 2544 tu
364 2505 461 2553 scis,
494 2510 708 2557 quantum
740 2504 953 2546 malarum
985 2518 1130 2546 rerum
1163 2504 1418 2545 sustineam.

248 2663 315 2695 458
339 2669 487 2705 portum
512 2669 550 2697 et
574 2676 620 2698 ne
645 2664 712 2698 BC
801 2666 869 2699 459
893 2676 972 2698 esse
997 2663 1034 2698 B
1127 2663 1293 2697 deixerat
1319 2663 1351 2696 A
1443 2663 1512 2696 460
1535 2663 1618 2696 heic

161 2719 194 2752 A
285 2720 334 2754 1η
361 2721 466 2755 titulo
491 2719 782 2756 EUTEYCHUS
804 2722 847 2764 A,
873 2720 1074 2756 EUTlCUS
1098 2720 1134 2754 Β
1228 2720 1254 2753 Β
1270 2719 1304 2753 ΙΙ
1319 2718 1345 2753 C
1361 2718 1398 2759 C,
1413 2730 1479 2754 om.
1494 2718 1530 2753 B

160 2778 226 2812 463
250 2777 325 2821 Qui·
349 2781 382 2813 A
477 2780 588 2812 ueiuo
614 2790 685 2822 qur
711 2779 743 2812 A
836 2778 926 2812 mihi
953 2779 1130 2812 sustinuit
1153 2777 1242 2811 boni
1263 2775 1299 2810 B
1392 2777 1460 2810 464
1485 2789 1543 2810 me
1566 2777 1619 2810 ibi

161 2835 197 2871 Β
287 2840 353 2872 466
378 2840 439 2882 qui
464 2836 531 2871 BG
622 2837 688 2869 467
715 2835 851 2869 sodalis
878 2836 985 2869 simul
1012 2836 1154 2868 uicinus
1180 2832 1246 2868 BC
