1963 3243
949 370 1263 411 Palaestrio

1189 441 1330 491 Eheu‚
1362 454 1528 494 nequeo
1560 442 1662 494 quin
1693 422 1831 494 fleam,

379 512 518 564 Quom
549 513 629 555 abs
661 519 704 555 te
736 513 901 555 abeam.

884 638 1331 692 Pyrgopolinices

695 710 776 752 Fer
807 723 945 763 aequo
979 710 1134 750 animo.
1197 708 1281 750 Sed
1313 708 1415 762 quid
1446 707 1560 750 hoc?
1593 722 1704 762 quae
1733 711 1831 752 res‘?

1403 780 1507 835 quid
1538 781 1667 822 uideo
1699 781 1798 833 eqo?

891 883 1334 925 Philocomasium

327 976 334 981 .
383 940 418 983 Ο
447 941 533 993 lux,
565 941 699 983 salue.

957 1042 1259 1084 Pleusicles

786 1113 877 1156 Iam
909 1114 1131 1168 resipisti‘?

882 1240 1333 1282 Philocomasium

1113 1312 1318 1363 Obsecro,
1350 1325 1480 1366 quem
1510 1311 1710 1366 amplexa
1739 1326 1833 1354 sum

377 1383 634 1426 Hominem?
667 1384 801 1435 Perii3
835 1398 986 1426 sumne
1018 1398 1096 1438 ego
1129 1384 1245 1438 apud
1276 1385 1374 1426 me‘?

960 1510 1257 1553 Pleusicles

1248 1581 1312 1624 Ne
1343 1582 1461 1636 time,
1491 1581 1696 1636 uoluptas
1726 1595 1834 1624 mea.
1892 1612 1899 1617 -

882 1712 1333 1766 Pyrgopolinices

379 1782 491 1832 Quid
522 1784 637 1825 istuc
669 1788 735 1826 est
764 1784 943 1838 negoti?

954 1897 1262 1939 Pleusicles

844 1970 1023 2011 Animus
1056 1969 1169 2010 hanc
1199 1970 1328 2012 modo
1359 1969 1430 2011 hic
1459 1968 1712 2024 reliquerat,
1745 1979 1833 2014 1340

378 2041 614 2096 Metuoque
649 2066 700 2071 —

956 2144 1255 2186 Palaestrio

658 2216 715 2259 Ut
746 2218 891 2269 timeo,
920 2231 974 2258 ne
1005 2216 1087 2258 hoc
1117 2216 1293 2258 tandem
1325 2216 1552 2270 propalam
1583 2215 1660 2256 fiat
1690 2215 1828 2256 nimis.

881 2353 1327 2408 Pyrgopolinices

377 2425 488 2476 Quid
519 2426 565 2468 id
596 2426 690 2469 est?

470 2633 555 2666 1336
600 2632 670 2666 heu
716 2642 833 2675 neque
964 2630 1065 2674 quiin
1107 2630 1135 2665 G
1257 2629 1345 2663 fleat
1474 2630 1559 2662 1337
1596 2627 1718 2660 animo
1755 2625 1827 2659 ΡΑ.

376 2689 452 2722 scio
489 2700 558 2731 ego
597 2689 683 2732 quid
721 2689 847 2722 doleat
884 2687 983 2721 mihi.
1035 2688 1124 2722 Tum
1160 2698 1249 2721 novo
1280 2697 1386 2721 versu
1421 2685 1490 2719 PH.
1527 2685 1599 2720 Sed
1636 2684 1724 2728 quid
1755 2683 1826 2718 hoo

377 2746 498 2790 queris
536 2746 623 2789 quid
657 2737 765 2779 uideo
802 2745 862 2779 uix
899 2745 1000 2779 salue
1032 2744 1076 2787 Β,
1115 2743 1189 2777 PH.
1224 2744 1289 2777 Set,
1328 2743 1448 2787 inquit.
1487 2743 1557 2776 hoc
1593 2753 1714 2786 queris
1740 2741 1826 2787 quid

376 2803 485 2836 uideo
512 2803 574 2835 lux
601 2802 702 2837 salue
729 2801 758 2836 O
872 2802 956 2835 1339
983 2812 1204 2844 perusumne
1230 2799 1259 2834 Ο
1373 2801 1460 2833 1340
1487 2799 1558 2833 ΡΑ.
1585 2799 1727 2832 animus

380 2861 462 2895 1341
490 2859 561 2909 Ρᾼ.
588 2869 653 2893 om.
746 2857 887 2903 proalla
915 2857 951 2901 0,
979 2858 1111 2901 proilla
1135 2856 1170 2892 B
1266 2857 1351 2891 1342
1377 2856 1436 2891 ide

1883 190 1917 237 '5-

383 248 461 286 118
1063 245 1181 279 Plauti
1556 243 1618 286 lv,
1642 245 1674 288 8,
1697 236 1834 280 32—39‘
1874 238 1878 241 '

1897 391 1923 399 ,Ἱ
