1963 3243
315 169 393 206 146
998 161 1119 195 Plauti
1523 161 1549 204 I9
1574 163 1607 205 2,
1631 163 1766 197 83-93

911 286 1179 327 Charinus

315 360 609 415 [Nequiquam
641 374 760 401 mare
794 357 1035 410 subterfugi
1067 358 1210 398 saeuis
1241 357 1574 410 tempestatibus
1587 357 1610 410 :]

314 433 525 487 Equidem
553 447 617 474 me
643 434 727 473 iam
754 430 984 472 censebam
1003 444 1097 471 esse
1114 431 1155 470 in
1174 433 1292 470 terra
1309 435 1439 482 atque
1464 431 1506 470 in
1532 435 1627 471 tuto
1653 431 1767 482 loco;

314 505 473 546 Uerum
506 505 631 546 video
663 503 762 545 med
791 503 844 544 ad
878 515 983 544 saxa
1013 501 1116 542 ferri
1150 502 1292 542 saeuis
1322 500 1541 543 fluctibus.
1704 514 1768 547 195

314 578 508 632 Loquere
539 589 682 630 porro,
715 574 821 627 quid
854 574 910 614 sit
942 577 1099 614 actum.

912 686 1180 728 Acanthio

1032 758 1273 811 Postquam
1303 759 1504 811 adspexit
1533 758 1770 809 mulierem,

316 835 522 887 Rogitare
555 833 738 886 occepit,
769 832 902 886 quoia
934 835 1062 872 esset.

915 943 1182 986 Charinus
1450 1006 1454 1009 χ

1101 1015 1214 1066 Quid
1244 1016 1500 1070 respondit?

914 1130 1183 1173 Acanthio

1606 1202 1712 1244 Ilico

318 1279 551 1321 Occucurri
583 1282 713 1331 atque
746 1276 990 1330 interpello,
1025 1276 1153 1317 matri
1185 1280 1230 1316 te
1262 1275 1467 1316 ancillam
1497 1279 1601 1316 tuae

319 1350 489 1392 Emisse
520 1350 652 1391 illam.

917 1427 1184 1470 Charinus

700 1501 882 1543 Uisusne
915 1505 981 1542 est
1012 1500 1091 1542 tibi
1124 1499 1298 1541 credere
1330 1499 1403 1541 id‘?

917 1614 1184 1656 Acanthio

1445 1708 1588 1750 Etiam
1620 1708 1775 1762 rogas?

323 1794 407 1836 Sed
439 1793 652 1835 scelestus
685 1791 926 1844 subigitare
960 1791 1141 1844 occepit.

921 1904 952 1946 C
963 1905 991 1945 h
1002 1919 1027 1945 a
1037 1905 1117 1945 rin
1130 1919 1157 1945 u
1169 1918 1187 1945 s

1245 1976 1439 2026 Illamne‚
1471 1975 1651 2026 obsecro
1662 1976 1682 2016 P
1712 1987 1779 2021 200

924 2069 1189 2111 Acanthio

323 2144 494 2193 Mirum,
525 2144 628 2196 quin
662 2157 729 2184 me
763 2142 1032 2195 subigitaret.

923 2254 1188 2298 Charinus

1081 2328 1249 2382 Edepol
1282 2341 1357 2370 cor
1389 2328 1593 2369 miserum
1626 2340 1780 2377 meum,

327 2402 452 2452 Quod
477 2403 682 2456 guttatim
708 2401 990 2444 contabescit,
1017 2402 1138 2454 quasi
1163 2402 1204 2441 in
1231 2414 1386 2453 aquam
1406 2400 1614 2440 indideris
1632 2399 1777 2440 salem.

326 2474 452 2517 Perii.

429 2613 491 2645 193
517 2611 712 2645 subt’atuis
737 2609 981 2654 temptabitus
1008 2608 1042 2642 B
1161 2610 1224 2642 194
1247 2607 1298 2642 Et
1323 2607 1470 2652 quidem
1499 2606 1527 2641 C
1638 2618 1720 2640 meo
1745 2604 1780 2640 B

430 2670 492 2702 195
518 2681 574 2702 me
682 2668 745 2701 196
771 2667 943 2709 Loquero
970 2666 1004 2700 B
1108 2671 1272 2700 actutum
1303 2664 1331 2699 G
1435 2666 1497 2698 197
1522 2665 1579 2698 cni
1607 2662 1651 2706 B,
1678 2664 1780 2698 cuius

329 2726 357 2760 C
436 2727 499 2761 198
525 2724 678 2762 Occurri
700 2724 728 2759 O
818 2724 949 2757 matrie
975 2722 1146 2757 ancillam
1172 2723 1206 2757 B
1299 2723 1361 2756 199
1387 2722 1512 2755 uisunt
1537 2720 1582 2762 Β,
1609 2722 1729 2754 uisum
1756 2720 1785 2755 G

419 2785 485 2817 200
511 2783 707 2825 subigitari
737 2781 771 2815 B
865 2782 928 2814 201
958 2792 1076 2813 meum
1105 2782 1277 2814 miserum
1306 2779 1334 2813 C
