1963 3243
7 0 70 53 V

104 182 173 219 111.
202 183 215 216 1
243 183 379 216 33—44
733 180 926 215 Mercator.
1487 188 1562 226 175

657 307 689 348 L
699 322 724 360 y
735 307 827 348 sim
840 321 865 348 a
878 321 900 349 c
912 307 938 349 h
949 322 975 349 u
990 322 1009 349 s

785 380 902 420 Bono
936 381 1080 421 animo
1114 395 1180 429 θῇς
1213 381 1420 422 liberabit

100 452 176 495 Ille
192 456 236 494 te
251 452 399 502 homo;
419 453 480 493 ita
497 451 650 505 edepol
670 452 842 505 deperit
861 453 910 497 te,
929 458 1062 505 atque
1082 452 1208 493 hodie
1230 455 1414 506 primum
1434 454 1559 495 uidit.

660 565 1006 618 Pasicompsa

103 639 283 680 Ecastor
315 639 398 679 iam
433 638 711 682 bienniumst..
743 652 871 690 quom
907 639 1000 679 med
1034 653 1180 680 amare
1215 641 1380 694 coepit:
1497 653 1562 685 525

101 710 234 758 Nunc,
268 711 442 764 quaudo
475 711 660 751 amicum
695 716 735 751 te
769 713 855 751 scio
889 726 982 751 csse
1016 711 1141 755 illius.
1174 712 1388 753 indicabo.

653 825 1003 879 Lysimachus

102 897 212 949 Quid
244 899 309 939 ais
341 898 417 939 tu?
451 898 535 939 iam
570 898 846 940 bienniumst.
873 913 1003 953 quom
1037 898 1170 939 habet
1202 914 1290 940 rem
1324 902 1498 941 tecum?

655 1011 1005 1067 Pasicompsa

1415 1072 1558 1114 Certo.

100 1142 154 1185 Et
193 1143 306 1185 inter
344 1158 425 1185 nos
466 1144 806 1187 coniurauimus.
849 1145 929 1185 nisi
963 1158 1058 1186 cum
1098 1143 1173 1186 illo
1204 1149 1248 1187 et
1279 1144 1351 1186 ille
1379 1160 1561 1193 mecum,

98 1215 261 1257 Neuter
292 1217 431 1269 stupri
465 1229 602 1257 causa
633 1222 767 1270 caput
798 1217 983 1258 limaret.

651 1331 1001 1384 Lysimachus

1053 1405 1103 1446 Di
1138 1406 1403 1454 inmortales,

99 1461 240 1502 Etiam
272 1475 366 1503 cum
400 1476 534 1503 uxore
566 1476 650 1503 non
684 1461 842 1503 eubet‘?

648 1575 680 1616 P
692 1590 718 1617 a
729 1590 747 1617 s
760 1577 773 1617 i
786 1590 807 1617 c
820 1591 843 1618 ο
856 1591 896 1617 m
910 1592 934 1630 p
946 1591 965 1617 s
978 1591 1004 1618 a

927 1649 1105 1700 Amabo,
1139 1663 1194 1691 an
1227 1651 1460 1693 maritust‘?
1491 1663 1559 1697 530

97 1717 245 1774 Neque
277 1724 344 1762 est
373 1734 514 1775 neque
547 1722 641 1762 erit.

644 1835 677 1877 L
687 1851 714 1890 y
726 1837 821 1878 sim
831 1850 856 1877 a
867 1850 890 1878 c
900 1836 927 1878 h
938 1852 966 1878 u
980 1851 999 1878 s

530 1906 675 1950 Nolim
708 1909 895 1962 quidem.
954 1909 1094 1952 Homo
1126 1909 1271 1952 hercle
1303 1910 1556 1964 periuravit.

652 2004 998 2077 Pasicompsa

96 2093 270 2137 Nullum
303 2096 629 2139 adulescentem
662 2097 760 2152 plus
793 2112 905 2140 amo.

644 2211 996 2266 Lysimachus

833 2285 949 2328 Puer
980 2290 1046 2328 est
1076 2286 1148 2329 ille
1181 2286 1369 2340 quidem,
1403 2287 1556 2340 stulta3

96 2353 203 2397 Nam
235 2355 296 2398 illi
328 2356 502 2410 quidem
534 2357 653 2400 haud
683 2372 787 2401 sane
813 2359 931 2401 diust
956 2373 1085 2414 quom
1111 2359 1262 2402 dentes
1289 2360 1555 2402 exciderunt.

183 2470 250 2505 524
272 2470 325 2505 ita
349 2481 415 2506 om.
441 2470 470 2506 C
572 2475 609 2506 te
635 2482 701 2507 om.
813 2474 879 2507 525
904 2484 1128 2507 mecumrem
1233 2473 1334 2517 cepit
1361 2473 1390 2509 Ο
1490 2475 1557 2509 526

96 2524 228 2561 incubo
253 2527 288 2562 Δ.
402 2529 470 2563 527
501 2531 625 2564 tecum
659 2529 774 2564 habet
805 2541 884 2564 rem
915 2529 983 2565 BG
1089 2531 1156 2565 528
1180 2531 1459 2566 coniurauimus
1485 2543 1556 2576 ego

97 2592 179 2617 cum
249 2585 362 2619 autA
431 2585 514 2630 Ego
540 2597 622 2621 cum
650 2587 730 2620 uiro
757 2590 794 2621 et
813 2587 876 2621 ille
899 2599 983 2622 cum
1009 2588 1167 2623 muliere
1194 2589 1265 2622 nisi
1291 2600 1375 2623 cum
1399 2589 1465 2623 illo
1493 2594 1556 2623 aut

95 2638 157 2675 ille
180 2651 324 2676 mecum
350 2642 493 2678 addunt
517 2643 585 2678 BC
688 2646 754 2679 529
779 2645 926 2679 liniaret
953 2644 982 2680 G
1083 2646 1149 2680 Dei
1176 2646 1218 2687 A,
1247 2645 1306 2679 Dii
1331 2645 1402 2681 BC
1489 2647 1558 2680 530

98 2697 228 2732 amabo
252 2703 463 2735 amaturust
487 2700 555 2736 BC
658 2703 723 2736 531
750 2702 899 2746 quidest
925 2702 956 2737 C
1047 2702 1136 2736 PAS
1174 2702 1286 2736 homo
1313 2702 1382 2738 BG
1470 2715 1552 2747 per-

97 2753 234 2790 iurabit
257 2756 290 2790 A
384 2759 452 2792 532
477 2758 577 2793 PAS.
605 2769 671 2793 om.
775 2760 842 2793 533
868 2759 941 2794 hau
967 2759 999 2793 A
1085 2759 1193 2793 diuisi
1221 2759 1266 2802 B,
1293 2760 1356 2795 diu
1382 2761 1411 2794 si
1439 2760 1467 2795 C

97 2816 154 2854 φῖ]
179 2811 215 2846 Β
308 2814 489 2849 exciderit
514 2815 543 2850 C
