1963 3243
678 199 720 233 V.
745 201 937 235 694—721.
1477 204 1556 241 267

100 333 138 371 l:
181 335 245 378 „te
283 330 412 367 saluto
452 335 491 366 et
533 330 646 367 iubeo
689 329 833 366 habere.
875 335 1041 367 mentem
1084 329 1239 374 bonam,
1275 331 1345 367 hoc
1376 334 1433 366 est
1467 343 1557 378 pro-

94 399 211 451 pitios
242 397 334 436 deos
365 396 540 436 omnes“.
588 397 706 434 Nullo
737 398 860 445 igitur
884 399 968 434 iure
995 397 1155 435 offendit
1187 397 1371 445 Buggius,
1398 397 1556 434 Tidskr.

97 468 123 506 ff.
154 465 254 504 Phil.
288 464 372 503 VII.
404 480 442 515 p.
481 466 541 502 ll.
579 484 629 490 —
659 476 753 503 nam
782 465 905 504 hercle
934 467 969 503 si
998 466 1043 502 A.
1079 485 1131 490 —
1165 466 1259 502 703.
1291 465 1399 503 haud
1428 466 1472 502 A.
1505 484 1558 490 —

96 536 139 574 ὁι
165 533 322 572 mandem
352 533 398 579 A,
433 538 475 569 ut
505 534 681 570 restitues
711 546 783 582 pro
818 538 881 576 „te
915 531 971 570 r.“
1008 533 1164 571 (linatur
1195 535 1297 571 sicut
1326 535 1554 583 „recipere”

96 616 168 654 pro
201 614 266 646 „se
297 600 370 647 r.“‚
404 616 439 640 v.
474 602 520 638 ad
555 600 693 638 Bacch.
729 602 821 638 291.
872 601 914 638 R.
945 600 1034 646 „iu“
1064 601 1231 639 delebat.
1260 603 1306 638 cf.
1325 601 1414 638 Ter.
1433 601 1556 638 Andr.

100 671 198 709 681:
249 670 437 715 „restitue
483 682 599 719 quem
646 682 666 706 a
714 683 774 705 me
814 670 1000 719 accepisti
1041 668 1210 706 locum“.
1288 669 1444 705 Phorm.
1487 669 1557 706 33:

102 751 238 788 „quem
293 739 438 775 actoris
489 739 617 774 uirtus
673 737 784 774 nobis
839 739 1016 774 restituit
1070 736 1237 775 locum“.
1301 736 1442 773 Gertz:
1494 738 1558 782 „in

98 808 261 844 eundem
308 819 462 844 rursum
510 819 590 843 rem
637 809 786 843 statues
834 804 1002 843 locum“.
1053 825 1099 830 —
1152 807 1245 843 706.
1286 806 1337 842 stt
1375 804 1434 842 ed.
1476 817 1557 853 pr.;

97 874 209 914 Bibb.
255 887 338 912 cum
388 873 581 924 Hauptio:
641 886 767 923 „opus
814 873 905 910 mihi
954 874 1046 911 sit·‘.
1105 892 1152 898 —
1213 875 1306 911 707.
1355 873 1558 918 fortunate

98 947 137 982 et
164 945 277 991 atque
307 944 352 979 A.
385 961 436 967 —
474 942 566 979 708.
600 941 691 979 Mea
723 942 821 980 bona
852 944 895 978 A.
931 961 983 966 —
1016 943 1055 980 e‘n
1086 945 1204 980 morte
1230 941 1359 983 Both..
1391 942 1435 978 cf.
1455 941 1557 977 Men.

98 1012 196 1050 403:
232 1013 295 1059 „in
329 1017 452 1047 morte
485 1023 646 1059 regnum
681 1010 840 1047 Hieroni
875 1008 1084 1048 tradidit“.
1136 1010 1190 1047 De
1224 1010 1348 1047 vocali
1381 1010 1426 1047 cf.
1462 1009 1559 1046 Pro-

98 1080 169 1128 leg.
201 1093 240 1130 p.
278 1080 367 1117 195.
406 1099 450 1104 -—
488 1080 662 1127 cognatis
691 1079 821 1116 didam
853 1080 896 1121 A,
929 1085 973 1115 ut
1004 1080 1078 1116 iam
1114 1078 1259 1128 Haupt.
1287 1078 1418 1116 Herm.
1452 1077 1488 1114 II
1520 1090 1558 1126 p.

99 1148 192 1186 214.
224 1167 277 1173 -—
300 1148 476 1195 parttam
509 1149 554 1184 A.
586 1167 641 1172 —
674 1148 767 1192 709,
799 1155 843 1184 ut
874 1147 992 1186 edidi.
1028 1149 1073 1184 A.
1123 1145 1275 1183 Futura
1303 1159 1441 1196 parum
1468 1151 1561 1195 apta

99 1221 201 1254 sunt.
262 1216 371 1255 Brix.
412 1229 534 1254 corn:
581 1215 652 1261 „Ei
693 1216 799 1265 apud
841 1216 928 1253 med
960 1216 1116 1260 adsunt,
1149 1228 1210 1252 me
1241 1221 1393 1260 cui-ant,
1426 1216 1561 1251 uisunt

99 1284 191 1335 quid
229 1297 354 1334 agam,
395 1286 489 1334 quid
530 1283 688 1322 uelim“.
751 1284 923 1331 Bergkio
964 1281 1105 1331 (Beitr.
1148 1297 1180 1321 z.
1213 1283 1282 1320 lat.
1316 1283 1384 1320 Gr.
1417 1296 1454 1332 p.
1489 1282 1560 1329 42)

97 1365 232 1391 versus
263 1353 422 1403 spurius
455 1353 625 1397 videtur,
659 1366 702 1390 ac
734 1353 917 1398 delerem,
952 1354 984 1390 si
1016 1356 1141 1389 totum
1175 1352 1275 1389 hunc
1302 1353 1426 1389 locum
1447 1351 1561 1388 Plau-

97 1423 219 1460 tinum
258 1426 453 1471 putarem.
500 1422 608 1469 apud
644 1433 702 1459 me
738 1422 918 1469 aderunt,
958 1423 1005 1458 cf.
1038 1421 1180 1469 Amph.
1215 1421 1315 1458 573:
1361 1420 1490 1470 ..apud
1522 1424 1561 1456 te

99 1487 275 1528 adsum“.
308 1510 362 1514 —
396 1492 488 1528 710.
520 1493 639 1529 noctu
668 1493 714 1528 ut
740 1500 920 1528 somnum
952 1490 1111 1536 ceperim
1140 1490 1185 1526 A.
1211 1509 1254 1513 —
1278 1491 1353 1526 711
1382 1490 1562 1538 spurium

99 1558 285 1596 iudicavit
327 1559 370 1596 R.
410 1559 549 1597 habebo
589 1560 658 1607 qui
693 1558 786 1596 mihi
824 1560 876 1606 A3
917 1559 1093 1607 alioquin
1126 1557 1357 1595 scriberem:
1395 1557 1559 1603 ‚‚habeo‚

101 1639 214 1676 quam
259 1623 339 1676 [diu
380 1622 534 1677 mihi]“.
573 1647 627 1652 —-
661 1628 753 1664 712.
794 1627 891 1664 dant
927 1628 972 1663 A.
1020 1645 1075 1650 —
1120 1626 1218 1666 inde,
1259 1639 1306 1662 ex
1344 1625 1559 1662 sacrificiis.

98 1714 152 1720 —
170 1695 264 1733 713.
296 1694 514 1734 Abducwnt
543 1696 596 1734 ad
624 1698 710 1733 eoeta
740 1707 798 1733 me
829 1700 866 1732 et
897 1696 950 1732 ad
976 1695 1185 1742 prandium
1219 1696 1264 1732 A.
1296 1697 1444 1733 uocant
1473 1694 1562 1730 edd.

99 1782 154 1789 —·
192 1765 283 1801 715.
323 1765 495 1811 mussito,
537 1769 662 1810 taceo,
706 1763 801 1800 nihil
843 1767 1002 1800 omnino
1035 1765 1134 1805 dico.
1171 1764 1216 1801 cf.
1252 1763 1345 1800 313.
1379 1762 1483 1799 Male
1515 1761 1560 1799 R.

101 1836 191 1870 cett.
230 1835 342 1883 quasi
381 1846 510 1870 secum
542 1833 652 1882 loqui
687 1832 931 1880 intelligunt,
965 1834 1267 1882 proximumque
1302 1844 1458 1868 versum
1491 1843 1563 1879 pro

100 1900 253 1939 obiecto
301 1901 416 1938 huius
462 1901 570 1939 verbi
617 1903 791 1951 capiunt.
840 1903 951 1950 quasi
998 1902 1173 1945 muttire,
1231 1913 1307 1936 non
1356 1900 1566 1936 mussitare

101 1971 288 2019 scriptum
337 1975 452 2007 esset.
502 1989 554 1994 —
606 1969 700 2007 716.
748 1981 806 2007 me
854 1976 890 2005 et
938 1970 1145 2007 nutricant
1188 1970 1223 2005 et
1265 1969 1479 2005 munerant
1520 1969 1566 2003 A.

101 2056 156 2063 —
186 2039 279 2076 717.
314 2037 440 2088 Vulgo
471 2051 555 2076 cum
590 2037 697 2076 Cam.
742 2038 814 2083 „ad
857 2045 895 2073 te
928 2043 966 2074 et
997 2045 1066 2074 tua
1099 2037 1263 2074 multum
1296 2035 1449 2072 uides“.
1513 2036 1566 2071 A:

102 2105 223 2151 habes,
261 2106 363 2144 unde
403 2107 537 2144 Ribb.:
584 2106 656 2152 „ad
694 2112 732 2143 te
774 2112 812 2142 et
852 2112 961 2143 tuam
1001 2107 1123 2143 uitam
1163 2103 1314 2145 uales“,
1355 2115 1448 2151 ego:
1481 2106 1568 2150 apte

103 2176 290 2213 structam
331 2174 370 2220 (i.
410 2189 441 2212 e.
483 2176 729 2222 institutam)
769 2176 893 2213 uitam
924 2174 1048 2212 habes.
1082 2193 1137 2198 -—
1171 2175 1263 2210 718.
1297 2173 1490 2220 triyemz'nt
1518 2174 1565 2208 A.

107 2261 153 2268 —
200 2244 236 2281 si
279 2246 312 2281 te
356 2243 444 2281 bene
487 2243 623 2289 hab685
660 2245 690 2281 si
731 2245 824 2280 vitae
863 2243 974 2280 bonis
1008 2247 1113 2279 recte
1145 2242 1300 2287 frueris,
1331 2239 1565 2277 tantundem

103 2310 175 2348 tibi
205 2312 280 2348 erit
312 2324 426 2361 quam
459 2314 491 2349 si
521 2314 697 2360 geminos
729 2317 797 2349 aut
830 2313 1064 2358 trigeminos
1095 2309 1195 2347 filios
1227 2310 1383 2354 habeas,
1409 2309 1455 2345 cf.
1485 2308 1564 2345 724

105 2382 146 2416 ot
183 2393 271 2417 ann.
304 2381 350 2417 ad
384 2381 472 2418 Aul.
509 2381 602 2418 364.
637 2399 685 2404 —
722 2380 800 2417 719
834 2385 939 2416 recte
972 2381 1016 2416 A.
1050 2398 1105 2403 —
1139 2379 1217 2416 720
1251 2380 1289 2414 111
1322 2377 1404 2414 solo
1434 2378 1468 2413 A
1501 2389 1565 2413 ex-

106 2450 196 2485 stat.
242 2449 277 2486 si
313 2449 348 2486 ei
382 2448 494 2493 forte,
534 2449 725 2485 transitus
766 2447 811 2484 fit
849 2461 871 2484 a
902 2447 1049 2498 plurali
1082 2447 1131 2484 ad
1163 2447 1414 2496 singularem,
1448 2458 1482 2481 v.
1516 2444 1566 2482 ad

106 2513 208 2552 Men.
249 2517 342 2563 564,
380 2517 449 2554 sed
487 2517 607 2565 paulo
639 2516 789 2555 durius.
823 2529 948 2565 quare
981 2515 1025 2553 R.
1059 2522 1149 2552 ante
1181 2515 1283 2551 hunc
1315 2527 1469 2550 versum
1503 2527 1567 2550 ex·

107 2582 245 2622 cidisse
283 2585 449 2621 alterum
490 2586 631 2622 statuit
670 2584 779 2621 velut
819 2581 926 2631 (coll.
967 2584 1054 2621 Ter.
1095 2583 1264 2632 Adelph.
1306 2583 1355 2619 35
1389 2579 1466 2631 sq.)
1503 2580 1568 2627 „Si

106 2651 200 2689 mihi
243 2651 347 2690 filius
393 2655 544 2690 reuorti
590 2652 693 2690 forte
740 2658 929 2689 cessasset
975 2650 1173 2689 domu111‘·.
1244 2651 1341 2687 Mihi
1389 2651 1482 2687 olim
1530 2652 1567 2686 in

51 2756 55 2762 ,
110 2725 276 2757 mentem
293 2726 474 2758 venerat:
506 2721 563 2767 „si
587 2733 713 2770 puero
731 2721 872 2757 fuisset
887 2718 1047 2757 febris“.
1067 2739 1120 2745 —
1140 2720 1232 2756 721.
1256 2716 1564 2762 „cecidissetne“

111 2788 225 2825 etiam
255 2789 309 2834 A;
346 2787 651 2834 „cecidissetue“
681 2788 748 2834 R.;
774 2800 845 2825 nos
870 2801 956 2825 cum
984 2788 1048 2825 ΒΓ.
1075 2787 1277 2827 cecidisset.
1304 2788 1448 2823 omisso
1471 2783 1565 2831 „si‘⁴‚
