1963 3243
153 199 200 242 11,
223 200 254 241 2,
280 200 391 233 6—15
769 195 956 229 Mercator
1531 202 1602 240 151

701 322 1054 374 Lysimachus

149 399 167 441 Ι
197 403 241 439 tu
274 397 373 438 hinc
405 396 458 437 ad
493 395 638 436 villam
671 399 802 447 atque
835 395 943 435 istos
976 399 1142 436 rastros
1174 395 1303 436 nilico

149 471 265 513 Pisto
297 469 377 522 ipsi
410 468 543 509 facito
577 480 721 508 coram
754 471 802 507 ut
834 466 984 508 tradas
1018 468 1059 508 in
1094 481 1278 508 manum.
1542 482 1606 512 275

151 542 278 585 Uxori
310 541 440 581 facito
473 546 520 581 ut
552 539 724 580 nunties
756 539 975 591 negotium

149 614 251 657 Mihi
285 627 376 655 esse
410 614 450 654 in
485 611 605 661 urbe,
638 624 689 652 ne
722 625 787 651 me
821 617 1062 664 exspectet;
1096 626 1194 654 nam
1230 612 1332 654 mihi

149 687 244 729 Tris
277 686 405 728 hodie
438 685 536 727 lites
569 683 825 724 iudicandas
857 683 1002 725 dicito.

147 759 165 801 Ι
196 765 238 800 et
269 757 349 799 hoc
383 761 598 799 memento
631 755 788 797 dicere.

746 870 1002 912 Lorarius

823 942 934 984 Num
967 943 1071 996 quid
1103 945 1318 999 amplius?

697 1057 1052 1112 Lysimachus

147 1132 388 1174 Tantumst.

743 1212 780 1253 D
791 1226 813 1254 e
826 1226 868 1253 m
878 1212 892 1252 i
902 1227 929 1264 p
940 1211 968 1253 h
979 1226 1002 1254 o

415 1284 684 1339 Lysimache‚
718 1284 852 1326 salue.

699 1421 1051 1476 Lysimachus

889 1494 1021 1548 Euge,
1054 1494 1281 1549 Demipho,
1538 1508 1606 1540 280

146 1565 332 1610 Salueto.
395 1567 508 1617 Quid
540 1567 618 1609 fit?
651 1567 755 1622 quid
789 1567 911 1621 agis?

743 1705 780 1746 D
792 1719 814 1747 e
824 1719 866 1747 m
876 1706 890 1747 i
899 1721 926 1759 p
937 1704 965 1748 h
975 1719 1000 1748 o

959 1777 1084 1828 Quod
1115 1779 1412 1821 miserrumus.

691 1893 724 1934 L
734 1907 761 1948 y
775 1894 868 1935 sim
883 1907 910 1935 a
920 1907 943 1935 c
953 1894 982 1936 h
992 1908 1021 1935 u
1031 1907 1050 1935 s

149 1962 199 2004 Di
230 1963 382 2006 melius
413 1964 565 2007 faxint.

745 2081 1000 2135 Demipho

616 2153 669 2195 Di
701 2153 784 2195 hoc
816 2153 992 2206 quidem
1025 2153 1206 2195 faciunt.

694 2291 1048 2345 Lysimachus

1288 2364 1400 2415 Quid
1433 2365 1528 2407 est?

744 2467 999 2522 Demipho

149 2533 308 2586 Dicam,
339 2538 372 2577 si
410 2538 580 2580 uideam
613 2540 693 2581 tibi
727 2554 822 2582 esse
855 2554 1013 2594 operae
1047 2546 1124 2581 aut
1156 2539 1304 2582 otium.

234 2719 299 2752 274
325 2720 433 2755 ullam
451 2720 480 2755 G
569 2722 635 2755 275
655 2726 695 2755 ut
707 2733 831 2755 coram
847 2722 881 2755 A
975 2722 1084 2756 radas
1102 2721 1130 2756 Ο
1219 2723 1286 2755 278
1311 2722 1384 2755 litis
1479 2723 1544 2756 279
1557 2722 1601 2756 Ei

147 2778 183 2806 et
206 2772 252 2817 B,
277 2775 360 2810 Fiet.
386 2776 416 2812 G
515 2779 582 2811 280
609 2778 810 2823 lisymache
837 2778 872 2813 B
979 2790 1095 2819 eugae
1122 2780 1152 2808 A
1257 2780 1319 2813 281
1356 2778 1456 2813 salue
1493 2790 1512 2812 0
1538 2778 1607 2813 BC

235 2833 321 2876 quid
347 2836 427 2878 agis
453 2836 542 2880 quid
568 2834 609 2869 fit
713 2837 781 2870 282
806 2836 918 2871 faxim
943 2837 977 2868 B
1073 2837 1207 2872 fatiant
1234 2836 1263 2872 G
1358 2838 1425 2871 233
1451 2848 1600 2882 operam
