1963 3243
357 173 410 211 50
1019 166 1141 218 Plauti
1513 164 1563 209 II,
1589 167 1622 208 6,
1646 167 1807 202 89-106

357 293 546 336 Posthac
577 295 705 335 etiam
737 293 845 334 illud
876 292 990 347 quod
1021 292 1131 333 scies
1162 305 1215 332 ne
1247 291 1426 332 sciueris

356 364 446 406 Nec
476 363 638 406 uideris
670 365 785 418 quod
821 363 997 406 uideris.

940 488 967 530 S
979 501 1001 530 c
1012 488 1059 529 el
1069 501 1091 529 e
1106 487 1132 529 d
1142 502 1164 529 1·
1173 502 1202 529 u
1211 501 1230 528 s

1020 558 1135 600 Bene
1168 573 1232 600 me
1265 572 1432 610 mones3

358 633 426 674 Ita
456 631 597 674 facere
629 636 795 673 certum
827 636 904 674 est.
966 631 1048 673 Sed
1080 631 1219 672 satine
1251 630 1440 672 oratu's?

843 764 1323 818 Periplecomenus

1439 819 1533 861 Abi.
1746 830 1813 864 5¹75

358 878 471 920 Num
501 878 605 932 quid
637 892 751 919 nunc
782 877 900 919 aliud
931 892 998 920 me
1028 877 1124 918 uis?

943 1008 1234 1051 Sceledrus

1373 1065 1436 1107 Ne
1468 1080 1534 1108 me
1563 1067 1750 1108 noueris.

360 1141 489 1182 Dedit
518 1141 589 1181 hic
622 1139 725 1180 mihi
756 1139 902 1180 uerba.
967 1137 1103 1187 Quam
1134 1138 1318 1191 benigne
1350 1139 1535 1191 gratiam

359 1212 492 1263 Fecit,
524 1226 577 1253 ne
606 1213 745 1253 iratus
778 1216 904 1252 esset.
961 1204 1061 1252 'Scio
1094 1223 1223 1264 quam
1253 1224 1344 1252 rem
1376 1215 1517 1264 gerat:

359 1283 429 1334 Ut,
462 1283 584 1325 miles
617 1297 746 1337 quom
778 1283 995 1336 extemplo
1028 1296 1054 1323 a
1085 1281 1177 1324 foro
1210 1282 1420 1323 adueniat
1451 1282 1637 1333 domum,

360 1356 487 1397 Domi
518 1355 855 1408 conprehendar.
920 1353 1014 1395 Una
1044 1354 1115 1395 hic
1147 1359 1191 1395 et
1221 1354 1461 1396 Palaestrio
1751 1365 1817 1398 580

359 1428 428 1469 Me
459 1427 623 1469 habent
654 1427 871 1478 uenalem;
903 1427 1018 1468 sensi
1050 1431 1094 1468 et
1123 1427 1210 1467 iam
1241 1426 1402 1467 dudum
1436 1427 1536 1467 scio.

359 1500 607 1554 Numquam
637 1499 781 1541 hercle
813 1513 864 1540 ex
894 1499 981 1540 ista
1010 1512 1140 1540 nassa
1171 1512 1249 1552 ego
1279 1498 1409 1541 hodie
1442 1512 1583 1540 escam
1617 1503 1773 1552 petam.

360 1572 471 1614 Nam
503 1573 590 1613 iam
621 1571 767 1625 aliquo
799 1570 1021 1624 aufugiam
1053 1575 1097 1612 et
1126 1585 1193 1612 me
1225 1571 1455 1613 occultabo
1487 1571 1654 1625 aliquot
1685 1571 1789 1619 dies,

362 1645 473 1686 Dum
506 1644 613 1685 haec
644 1643 938 1685 consilescunt
968 1642 1121 1685 turbae
1154 1647 1287 1696 atque
1318 1644 1408 1684 irae
1440 1643 1626 1694 leniunt3

361 1716 473 1758 Nam
502 1729 615 1757 nunc
646 1716 753 1756 satis
785 1715 932 1769 pipulo
963 1716 1080 1769 inpio
1115 1710 1253 1757 merui
1284 1716 1397 1756 mali.
1694 1734 1701 1741 ·
1754 1725 1822 1758 585

365 1787 543 1842 [Uerum
574 1792 730 1838 tamen,
764 1787 816 1828 de
848 1801 915 1829 me
947 1778 1159 1841 quidquid
1190 1792 1267 1837 est,
1300 1787 1373 1830 ibo
1406 1787 1506 1829 hinc
1537 1786 1737 1837 domum]

853 1912 1333 1967 Periplecomenus

365 1986 459 2027 Illic
490 1985 590 2026 hinc
621 1985 843 2027 abscessit.
907 1984 983 2027 Sat
1014 1985 1168 2040 edepol
1199 1990 1315 2027 certo
1349 1987 1437 2028 scio

367 2057 565 2100 Occisam
598 2071 729 2111 saepe
762 2071 915 2111 sapere
947 2058 1042 2112 plus
1074 2058 1209 2100 multo
1242 2071 1381 2109 suem3

369 2130 506 2180 Quine
537 2130 783 2183 inducatur,
817 2145 868 2172 ne
901 2130 945 2171 id
977 2130 1092 2184 quod
1123 2130 1235 2171 uidit
1265 2130 1434 2172 uiderit.

369 2203 477 2244 Nam
508 2203 624 2244 illius
649 2203 763 2244 oculi
794 2207 926 2257 atque
957 2216 1081 2243 aures
1113 2207 1242 2255 atque
1276 2203 1420 2256 opinio
1758 2214 1825 2248 590

462 2371 527 2404 573
554 2369 712 2403 Posthec
737 2367 804 2403 BC
894 2369 962 2402 574
986 2367 1039 2403 Ne
1064 2369 1132 2405 BC
1226 2370 1292 2403 575
1317 2380 1469 2413 parcere
1482 2369 1528 2412 B,
1552 2379 1687 2412 pacere
1714 2368 1743 2403 G

371 2431 470 2461 esset
495 2427 614 2460 satine
640 2429 765 2460 oratus
792 2426 870 2460 abit
894 2425 964 2460 BG
1052 2427 1118 2461 576
1145 2426 1248 2462 PER.
1275 2425 1520 2470 praemittitB
1612 2427 1679 2460 577
1702 2437 1774 2471 qua
1801 2425 1831 2461 Ο

463 2485 586 2526 gratia
612 2483 640 2517 O
731 2484 798 2517 578
823 2483 944 2517 socios
971 2494 1042 2527 qua
1067 2483 1112 2525 B,
1139 2484 1251 2518 sodos
1277 2495 1349 2528 qua
1375 2483 1402 2518 O
1450 2513 1453 2516 .
1493 2484 1558 2517 579
1583 2483 1672 2517 mihi
1699 2483 1729 2518 Ο

368 2541 541 2584 exemplo
568 2539 603 2574 Β
697 2541 763 2574 580
787 2539 1080 2584 comprehendat
1105 2539 1174 2575 BG
1269 2542 1336 2575 582
1361 2541 1507 2574 existim
1524 2568 1527 2572 .
1544 2564 1552 2571 .
1569 2568 1574 2573 .
1591 2568 1597 2574 .
1613 2539 1659 2583 B,
1685 2551 1730 2574 ex
1754 2541 1825 2574 ista

372 2609 494 2632 massa
510 2597 539 2632 G
617 2598 722 2641 capit-³⁴
747 2596 792 2639 Β,
819 2600 986 2641 capetam
1014 2596 1042 2631 C
1122 2597 1188 2631 583
1215 2601 1277 2631 aut
1302 2597 1441 2639 fugiam
1457 2596 1492 2631 B
1576 2600 1640 2631 aut
1666 2597 1764 2641 aliqd
1780 2596 1825 2632 Β.

373 2659 436 2689 aut
461 2656 602 2699 aliquot
630 2654 658 2690 C
754 2656 821 2689 584
845 2654 913 2687 hae
929 2653 957 2687 C
1048 2655 1315 2689 consiliescunt
1331 2654 1360 2689 C'
1448 2654 1514 2688 585
1539 2653 1699 2689 Namuni
1724 2655 1759 2688 A

372 2712 509 2756 populo
536 2711 608 2753 AC,
635 2712 721 2755 pplo
748 2711 783 2745 B
875 2712 941 2745 586
967 2712 1050 2745 dem
1077 2711 1257 2756 quidquid
1283 2712 1315 2745 A
1399 2711 1458 2745 hic
1472 2709 1539 2746 BG
1639 2713 1705 2745 589
1732 2711 1825 2755 Quin

374 2768 410 2802 id
438 2769 620 2802 adimatur
646 2769 690 2806 A,
725 2768 830 2811 Quod
852 2768 910 2802 adi
943 2771 1066 2802 matur
1091 2768 1132 2810 B,
1160 2768 1210 2812 qd
1234 2768 1493 2802 iuadimitatur
1519 2768 1548 2803 C
1636 2770 1703 2802 590
1727 2769 1827 2802 auris
