1963 3243
287 228 368 267 234
920 221 1135 256 Pseudolus.

286 353 380 390 mihi
412 351 690 399 munerigeruli
712 351 829 388 facite
854 354 945 388 ante
969 351 1075 387 aedis
1101 351 1177 386 iam
1201 349 1262 386 hic
1287 345 1456 386 adsint“.
1487 367 1544 374 —-
1571 349 1645 386 181
1672 359 1774 387 usus

286 421 445 458 Pareus.
476 439 532 445 —-
576 420 665 456 182.
715 415 829 456 Mihi
859 418 921 455 vel
950 414 1009 455 mi
1038 419 1078 454 in
1107 416 1208 454 hunc
1238 429 1392 455 versum
1421 417 1630 463 transtuli3
1669 417 1775 454 idem

287 492 458 538 systema
501 487 722 524 continuari
768 488 943 535 apparet.
1023 482 1186 532 ‚,hodie“
1229 488 1267 521 et
1309 477 1467 532 „estis“⁴
1502 497 1588 522 cum
1633 483 1774 521 Bothio

287 556 446 602 sustuli3
493 555 537 591 R.
571 555 687 591 etiam
733 551 901 600 „domi“,
941 555 985 590 ut
1015 553 1085 590 sit:
1137 552 1264 598 „Quid
1303 552 1398 589 mihi
1435 549 1548 589 nisi“.
1592 571 1640 577 —
1681 549 1777 590 πῖνέ

286 623 435 667 Lamb.‚
455 623 630 671 quamvis
649 623 767 658 etiam
782 621 932 657 Nonius
953 616 1092 666 „uino“
1113 619 1172 657 bis
1190 619 1340 667 afferat,
1358 634 1396 669 p.
1413 621 1511 657 500:
1546 620 1775 666 „Ablativus

288 704 360 740 pro
384 691 563 739 genetivo
590 686 688 726 cet.“
718 693 756 725 et
783 689 862 725 394
887 702 966 737 sq.:
1005 688 1122 733 „uino
1146 687 1261 725 modo
1285 687 1446 736 cupidae
1475 688 1590 733 estis3
1622 686 1680 724 Eo
1705 700 1775 725 uos

287 764 518 807 uestrosque
550 756 646 794 adeo
677 758 844 805 panticis
877 755 1165 800 madefactatis,
1199 768 1285 792 cum
1313 767 1383 802 ego
1416 756 1487 792 sim
1518 755 1579 792 hic
1610 753 1773 792 siccus“.

287 826 440 864 Usener
471 825 615 861 delevit
645 824 700 861 sic
731 823 922 860 scribens:
975 822 1099 869 „Quid
1122 822 1219 860 mihi
1243 823 1349 860 domi
1371 824 1446 860 nisi
1472 823 1617 860 malum
1642 826 1777 860 uostra

290 897 450 944 operast
486 893 580 929 hoce
620 891 701 937 die,
743 889 957 941 inprobae?
1016 889 1073 926 Eo
1110 903 1181 927 uos
1217 891 1462 940 panticisque
1500 893 1656 928 uostros
1694 903 1775 927 ma·

289 961 495 999 defactatis
528 956 624 997 cet.“
673 955 739 996 Eo
772 962 901 996 autem
930 957 1064 1004 „ide0“
1102 963 1273 1004 enarrat,
1307 971 1444 1007 parum
1476 960 1561 995 veri
1584 959 1774 996 similiter.

292 1049 347 1054 —
395 1029 484 1065 183.
531 1027 577 1064 R.
620 1040 705 1064 cum
745 1026 874 1063 Nonio
925 1031 1181 1075 „uostrosque
1227 1026 1324 1063 adeo
1368 1023 1586 1075 pantices“‚
1630 1026 1775 1074 inepte.

290 1097 482 1146 Equidem
523 1108 622 1143 „que
653 1092 775 1131 adeo“
815 1094 940 1131 delevi
980 1097 1116 1142 utpote
1157 1107 1288 1131 errore
1319 1093 1526 1131 scribentis
1558 1106 1630 1143 pro
1660 1090 1778 1131 made

290 1165 429 1214 posita.
497 1163 641 1200 Versus
679 1166 848 1210 systema
887 1161 1070 1199 claudens
1101 1175 1174 1212 pro
1205 1163 1343 1198 ultima
1374 1161 1531 1211 dipodia
1563 1161 1778 1211 simplicem

290 1233 501 1270 troohaeum
531 1230 662 1267 habet.
718 1229 831 1266 Both.
868 1227 978 1275 „hio“
1015 1229 1170 1266 delevit.
1226 1229 1282 1265 De
1314 1230 1558 1266 coniunctivo
1589 1226 1668 1266 Sim
1698 1229 1776 1267 vid.

292 1300 341 1337 ad
372 1299 456 1336 Mil.
494 1299 612 1335 1280.
645 1316 699 1323 -
734 1298 823 1334 184.
863 1293 978 1344 factu
1010 1297 1071 1334 est
1102 1297 1256 1344 Lamb.,
1297 1297 1344 1334 cf.
1378 1297 1465 1333 Aul.
1500 1298 1591 1334 574.
1624 1317 1678 1321 —-
1712 1300 1780 1343 „ut

293 1381 362 1404 suo
395 1380 587 1416 quemque
620 1366 814 1415 appellem
846 1363 1025 1402 nomine“
1060 1365 1118 1402 Fl.
1187 1375 1384 1414 quemque
1425 1365 1471 1401 de
1503 1365 1684 1410 muliere,
1732 1364 1777 1402 cf.

295 1436 412 1473 Poen.
445 1435 550 1472 Prol.
589 1435 678 1471 107.
742 1433 930 1470 Similiter
964 1432 1234 1482 „quisquam“,
1268 1433 1383 1470 Most.
1419 1433 1495 1470 596
1529 1446 1614 1469 cum
1647 1436 1778 1470 annot.

291 1523 345 1528 —
367 1504 456 1540 185.
488 1503 564 1539 Pro
583 1497 802 1551 quaepiam
827 1500 1016 1538 Fleckeis.
1035 1506 1073 1537 et
1097 1501 1257 1538 Usener.
1281 1497 1551 1550 „quisquam“.
1612 1499 1669 1536 Ne
1693 1501 1779 1550 quis

295 1570 460 1616 dubitet,
494 1571 586 1619 quin
619 1569 716 1606 illud
749 1574 838 1618 post
872 1567 967 1615 „ne“
1002 1570 1095 1618 poni
1125 1569 1262 1617 possit,
1296 1582 1329 1605 v.
1367 1569 1484 1606 1096.
1540 1567 1650 1617 Capt.
1688 1569 1777 1606 127.

294 1639 409 1676 Most.
431 1639 522 1675 531.
543 1638 636 1675 948.
683 1637 767 1674 Mil.
801 1638 894 1674 433.
925 1637 1016 1674 598.
1039 1638 1132 1674 991.
1178 1636 1428 1684 uestrarum,
1460 1651 1494 1673 v.
1516 1635 1563 1672 ad
1581 1636 1721 1685 Amph.
1740 1637 1776 1673 4.
1811 1654 1819 1657 -
1893 1655 1898 1659 <

410 1707 500 1743 187.
531 1702 777 1755 ‘Hedylium,
811 1706 835 1741 i.
862 1718 894 1741 e.
912 1705 1079 1742 Ηδύλιον.
1112 1704 1399 1741 Taubmannus.
1426 1723 1482 1729 -—
1511 1704 1600 1741 188.
1635 1699 1781 1752 quanti

294 1774 415 1823 Bugg.
439 1774 578 1811 Philol.
603 1773 734 1810 XXXI
760 1787 798 1822 p.
820 1774 911 1810 252.
947 1791 994 1797 —-
1035 1773 1124 1810 190.
1159 1773 1196 1809 et
1218 1768 1407 1819 familiae
1434 1771 1547 1808 Both.
1573 1791 1626 1796 —
1651 1781 1780 1821 usque

293 1843 400 1879 Brix.
424 1843 524 1879 Ann.
549 1842 643 1890 phil.
673 1840 772 1878 CXV
798 1855 833 1890 p.
863 1841 954 1878 330.
982 1859 1037 1864 --
1063 1836 1215 1887 &fluam
1233 1839 1344 1877 codd,
1363 1843 1401 1876 et
1418 1840 1453 1876 h.
1474 1840 1497 1876 l.
1517 1844 1557 1876 et
1582 1839 1780 1877 interdum

295 1911 405 1956 alibi,
449 1912 510 1946 cui
542 1912 746 1959 scripturae
777 1913 966 1958 patronus
999 1910 1153 1945 exstitit
1184 1908 1386 1945 Dombart.
1420 1909 1518 1944 Ann.
1550 1907 1645 1957 phil.
1677 1907 1778 1945 CXV

294 1993 332 2028 p.
367 1979 459 2016 344.
492 1997 546 2002 —-
582 1979 670 2014 192.
703 1973 908 2020 Iasonem,
944 1977 1052 2012 aurei
1083 1976 1239 2012 velleris
1269 1977 1452 2024 potitum,
1484 1988 1556 2024 pro
1588 1975 1778 2012 ditissimo

295 2046 448 2083 homine
479 2045 661 2082 Plautum
694 2047 912 2081 nominasse
944 2056 1029 2080 cum
1060 2043 1230 2091 Bergkio
1263 2043 1401 2080 Philol.
1434 2043 1544 2080 XVII
1575 2057 1612 2092 p.
1645 2043 1696 2080 40
1722 2056 1777 2092 sq.

297 2120 335 2150 et
358 2113 552 2150 Lorenzio
580 2113 709 2150 credo.
757 2112 800 2149 R.
827 2125 873 2148 ex
899 2111 1110 2160 Passeratii
1134 2112 1230 2148 coni.
1262 2109 1516 2157 „Iasione1n‘'.
1542 2110 1776 2157 Cretensem,

296 2194 409 2231 quem
443 2194 558 2230 quum
578 2181 693 2217 Ceres
724 2184 900 2217 amasset.
933 2179 1090 2216 Plutum
1123 2181 1288 2228 peperit,
1320 2192 1355 2215 v.
1384 2178 1495 2216 Hom.
1524 2177 1595 2216 Od.
1615 2177 1658 2223 V,
1689 2177 1776 2215 125.

295 2249 454 2286 Hesiod.
480 2248 622 2297 Theog.
651 2249 743 2285 970.
805 2247 916 2293 Quod
948 2247 1051 2296 apud
1083 2246 1259 2284 Graecum
1291 2247 1518 2294 scriptorem
1552 2247 1633 2283 sine
1664 2245 1778 2282 dubi-

295 2319 440 2354 tatione
478 2317 723 2366 praeferrem,
771 2315 953 2353 Romanis
985 2314 1115 2351 Plauti
1155 2315 1370 2363 aequalibus
1401 2313 1553 2351 Cereris
1593 2314 1778 2350 amasium

295 2398 434 2434 parum
465 2391 601 2421 notum
634 2384 752 2421 fuisse
785 2383 965 2420 arbitror.
1036 2382 1194 2419 Accedit
1228 2383 1331 2431 quod
1364 2382 1462 2418 illud
1494 2383 1644 2418 numeri
1676 2392 1777 2418 com-

295 2453 493 2489 mendant.
520 2471 575 2476 —
610 2452 700 2489 193.
733 2461 837 2500 quae
867 2447 1050 2499 loquitur
1080 2451 1221 2487 iniuria
1252 2451 1291 2486 in
1315 2449 1350 2485 A
1380 2451 1522 2486 omissa
1553 2462 1635 2486 esse
1666 2448 1780 2486 docet

296 2520 400 2558 Low.
434 2533 471 2569 p.
509 2521 584 2557 164
617 2533 672 2568 sq.
709 2539 760 2543 —
792 2514 923 2563 Satin,
957 2532 989 2555 v.
1023 2519 1070 2554 ad
1102 2518 1241 2567 Amph.
1271 2518 1361 2554 627.
1394 2535 1447 2541 —
1483 2517 1670 2553 194—95
1703 2515 1779 2552 duo

297 2588 452 2624 dimetri
484 2587 609 2625 troch.
643 2587 875 2632 catalectici,
917 2591 959 2623 ut
993 2586 1175 2631 202—3,
1210 2585 1415 2626 212—14,
1449 2585 1653 2622 217—18.
1729 2582 1780 2622 Ut

295 2669 411 2692 unum
429 2656 696 2704 septenarium
712 2655 894 2699 facerent,
924 2654 967 2691 R.
991 2660 1099 2700 „tace
1118 2650 1242 2691 nunc“
1263 2653 1336 2698 ed.,
1356 2652 1509 2689 Muller.
1533 2651 1627 2698 „Pol
1652 2647 1777 2688 istic“.

296 2742 351 2746 —
388 2719 492 2760 hanc
527 2733 612 2759 rem
650 2732 760 2771 yere,
809 2723 855 2758 ef.
888 2721 935 2758 ad
969 2721 1070 2758 Men.
1105 2721 1197 2758 812.
1237 2739 1291 2745 —
1336 2721 1423 2757 197.
1470 2715 1622 2757 Lann‘s
1662 2719 1776 2755 etiam

297 2790 408 2840 Capt.
443 2792 520 2827 812
553 2804 609 2839 sq.
643 2790 890 2826 vehementer
922 2789 1018 2825 male
1051 2789 1206 2825 dicitur.
1274 2787 1454 2825 Lunienae
1487 2791 1612 2823 autem
1644 2781 1776 2836 (Epid.
