1963 3243
347 174 425 212 158
1007 168 1127 202 Plauti
1535 167 1584 206 11,
1607 169 1638 207 3,
1663 168 1798 201 35-47
1930 142 1945 202 J

940 293 1208 336 Charinus

755 367 911 409 Nescio
944 367 1047 420 quid
1080 380 1173 407 meo
1205 367 1348 407 animo
1381 369 1447 406 est
1478 379 1618 414 aegre,
1651 368 1797 418 pater3

342 441 469 482 Poste
501 439 582 480 hac
612 444 740 480 nocte
771 453 855 480 non
889 439 1034 491 quieui
1067 438 1173 479 satis
1206 450 1301 478 mea
1331 451 1383 478 ex
1415 438 1644 478 sententia.
1732 448 1800 481 365

944 561 1198 615 Demipho

343 637 439 688 [Per
470 650 587 678 mare
619 640 667 677 ut
699 635 877 683 uectu's,
909 648 1023 675 nunc
1054 635 1168 675 oculi
1199 639 1359 674 terram
1391 633 1603 674 mirantur
1633 633 1709 674 tui.

944 773 976 816 C
985 773 1013 815 h
1024 788 1049 814 a
1059 788 1081 814 r
1092 775 1142 815 in
1153 788 1179 815 u
1190 788 1209 815 s

343 849 492 902 Magis,
524 848 679 902 opinor
711 870 764 876 —-

943 948 1199 1002 Demipho

671 1021 720 1062 Id
754 1026 818 1062 est
849 1019 1058 1074 profecto,
1091 1033 1242 1061 uerum
1272 1023 1468 1060 actutum
1500 1018 1799 1073 abscesserit]

343 1095 457 1148 Ergo
490 1094 645 1148 edepol
675 1093 826 1146 palles.
889 1091 933 1133 Si
965 1092 1125 1146 sapias,
1157 1106 1230 1133 eas
1263 1105 1313 1133 ae
1344 1091 1577 1133 decumbas
1611 1091 1740 1133 domi.

943 1216 1209 1259 Charinus

345 1292 490 1333 Otium
522 1306 608 1332 non
641 1295 727 1341 est3
761 1290 978 1331 mandatis
1009 1289 1140 1331 rebus
1172 1290 1394 1343 praeuorti
1425 1288 1537 1330 uolo.

944 1415 1199 1469 Demipho

343 1491 450 1533 Cras
482 1491 611 1543 agito,
646 1488 852 1543 perendie
884 1489 1014 1540 agito.

941 1613 1208 1655 Charinus

1029 1685 1168 1740 Saepe
1200 1700 1251 1727 ex
1282 1690 1324 1727 te
1357 1686 1520 1734 audiui,
1552 1690 1697 1739 pater:
1731 1696 1798 1729 370

344 1762 420 1803 Rei
452 1760 684 1803 mandatae
719 1760 858 1802 omnis
891 1760 1113 1812 sapientes
1147 1759 1331 1812 primum
1364 1758 1587 1811 praeuorti
1619 1757 1754 1799 decet.
1790 1814 1797 1817 .

943 1883 1200 1937 Demipho

342 1960 431 2012 Age
462 1960 617 2012 igitur3
648 1958 750 2000 nolo
785 1957 1010 1999 aduorsari
1044 1963 1161 1998 tuam
1195 1956 1427 1997 aduorsum
1461 1955 1732 1996 sententiam.

942 2082 1209 2124 Charinus

344 2157 499 2199 saluos
531 2171 637 2207 sum,
671 2159 706 2198 si
732 2157 902 2209 quidem
930 2156 1004 2196 isti
1031 2155 1147 2196 dicto
1173 2154 1313 2196 solida
1337 2160 1377 2195 et
1403 2157 1656 2207 perpetuast
1679 2150 1797 2193 fides.

943 2281 978 2321 D
993 2295 1013 2322 e
1025 2295 1065 2322 m
1077 2281 1091 2321 i
1102 2295 1126 2334 p
1138 2280 1166 2321 h
1177 2294 1201 2322 o

343 2356 453 2406 Quid
477 2356 581 2397 illuc
607 2359 687 2405 est,
709 2354 826 2408 quod
853 2354 924 2396 ille
950 2368 975 2395 a
1003 2367 1070 2394 me
1088 2353 1204 2394 solus
1225 2367 1268 2394 se
1286 2353 1330 2393 in
1348 2351 1574 2393 consilium
1591 2348 1797 2392 seuocat‘?

342 2429 431 2469 Iam
450 2442 534 2469 non
553 2441 719 2470 uereor.
733 2441 786 2468 ne
805 2440 899 2467 eam
919 2440 983 2467 me
1001 2440 1147 2466 amare
1166 2425 1235 2466 hic
1253 2425 1444 2477 potuerit
1461 2424 1716 2471 resciscere;
1733 2432 1799 2467 375

343 2501 511 2555 Quippe
539 2499 654 2541 haud
680 2500 810 2540 etiam
837 2498 1072 2552 quidquam
1090 2499 1235 2551 inepte
1254 2497 1346 2548 feci,
1364 2502 1559 2538 amantes
1577 2502 1625 2536 ut
1644 2494 1796 2536 solent.

434 2685 498 2718 365
524 2687 652 2728 postea
680 2680 708 2716 C
803 2692 860 2715 me
976 2680 1040 2713 365
1066 2680 1160 2724 pelle
1189 2679 1217 2714 Ο
1317 2679 1382 2712 370
1409 2677 1494 2711 Cras
1521 2677 1579 2720 agi
1606 2686 1715 2720 opere
1740 2675 1798 2709 die

345 2743 444 2785 agito
472 2740 506 2774 Β
600 2742 665 2774 373
691 2739 806 2772 dicito
834 2737 868 2772 Β
962 2738 1027 2770 374
1053 2738 1116 2770 illa
1143 2749 1199 2770 me
1228 2736 1262 2777 Ο,
1288 2747 1369 2769 mea
1395 2747 1452 2768 mo
1471 2733 1502 2768 B
1595 2733 1658 2766 sed
1675 2732 1708 2766 B

343 2800 410 2833 375
436 2809 544 2832 nereo
574 2797 602 2831 C'
692 2797 793 2830 illam
888 2796 954 2828 376
980 2799 1044 2828 aut
1136 2794 1266 2828 faciam
1295 2800 1380 2827 ante
1409 2800 1448 2826 ut
1473 2791 1508 2825 B
