<?xml version="1.0" encoding="UTF-8"?>
<!DOCTYPE html PUBLIC "-//W3C//DTD XHTML 1.0 Transitional//EN"
    "http://www.w3.org/TR/xhtml1/DTD/xhtml1-transitional.dtd">
<html xmlns="http://www.w3.org/1999/xhtml" xml:lang="en" lang="en">
 <head>
  <title>
</title>
<meta http-equiv="Content-Type" content="text/html;charset=utf-8" />
  <meta name='ocr-system' content='tesseract 3.04.00' />
  <meta name='ocr-capabilities' content='ocr_page ocr_carea ocr_par ocr_line ocrx_word'/>
</head>
<body>
  <div class='ocr_page' id='page_1' title='image "./comoediaerecensu04plauuoft_0151.png"; bbox 0 0 1963 3243; ppageno 0'>
   <div class='ocr_carea' id='block_1_1' title="bbox 140 183 1603 236">
    <p class='ocr_par' dir='ltr' id='par_1_1' title="bbox 140 183 1603 236">
     <span class='ocr_line' id='line_1_1' title="bbox 140 183 1603 236; baseline -0.007 -11"><span class='ocrx_word' id='word_1_1' title='bbox 140 193 170 236; x_wconf 75' lang='lat' dir='ltr'>I,</span> <span class='ocrx_word' id='word_1_2' title='bbox 194 193 225 234; x_wconf 74' lang='lat'>2,</span> <span class='ocrx_word' id='word_1_3' title='bbox 251 190 387 225; x_wconf 74' lang='lat' dir='ltr'>&#39;tl-82</span> <span class='ocrx_word' id='word_1_4' title='bbox 762 183 962 218; x_wconf 76' lang='lat' dir='ltr'>Mercator.</span> <span class='ocrx_word' id='word_1_5' title='bbox 1528 186 1603 224; x_wconf 78' lang='lat'>145</span> 
     </span>
    </p>
   </div>
   <div class='ocr_carea' id='block_1_2' title="bbox 736 310 1398 423">
    <p class='ocr_par' dir='ltr' id='par_1_2' title="bbox 736 310 1398 423">
     <span class='ocr_line' id='line_1_2' title="bbox 736 310 1001 351; baseline 0 0"><span class='ocrx_word' id='word_1_6' title='bbox 736 310 765 351; x_wconf 88' lang='grc' dir='ltr'>Α</span> <span class='ocrx_word' id='word_1_7' title='bbox 782 324 838 351; x_wconf 83' lang='lat' dir='ltr'>ca</span> <span class='ocrx_word' id='word_1_8' title='bbox 850 310 962 351; x_wconf 90' lang='lat' dir='ltr'>nthi</span> <span class='ocrx_word' id='word_1_9' title='bbox 978 324 1001 350; x_wconf 92' lang='lat' dir='ltr'>o</span> 
     </span>
     <span class='ocr_line' id='line_1_3' title="bbox 1149 381 1398 423; baseline 0 -1"><span class='ocrx_word' id='word_1_10' title='bbox 1149 381 1398 423; x_wconf 88' lang='lat' dir='ltr'>Hiantibus.</span> 
     </span>
    </p>
   </div>
   <div class='ocr_carea' id='block_1_3' title="bbox 141 484 1308 611">
    <p class='ocr_par' dir='ltr' id='par_1_3' title="bbox 141 484 1308 611">
     <span class='ocr_line' id='line_1_4' title="bbox 739 484 1007 525; baseline 0 0"><span class='ocrx_word' id='word_1_11' title='bbox 739 484 1007 525; x_wconf 82' lang='lat' dir='ltr'>Charinus</span> 
     </span>
     <span class='ocr_line' id='line_1_5' title="bbox 141 556 1308 611; baseline -0.009 -4"><span class='ocrx_word' id='word_1_12' title='bbox 141 566 188 608; x_wconf 91' lang='lat' dir='ltr'>In</span> <span class='ocrx_word' id='word_1_13' title='bbox 219 564 318 606; x_wconf 88' lang='lat' dir='ltr'>hinc</span> <span class='ocrx_word' id='word_1_14' title='bbox 351 559 600 603; x_wconf 79' lang='lat' dir='ltr'>dierectus?</span> <span class='ocrx_word' id='word_1_15' title='bbox 632 571 797 611; x_wconf 84' lang='lat' dir='ltr'>nugare</span> <span class='ocrx_word' id='word_1_16' title='bbox 831 557 872 598; x_wconf 92' lang='lat' dir='ltr'>in</span> <span class='ocrx_word' id='word_1_17' title='bbox 907 572 951 598; x_wconf 86' lang='lat' dir='ltr'>re</span> <span class='ocrx_word' id='word_1_18' title='bbox 984 556 1165 611; x_wconf 84' lang='lat' dir='ltr'>capitali</span> <span class='ocrx_word' id='word_1_19' title='bbox 1200 570 1308 597; x_wconf 88' lang='lat' dir='ltr'>mea.</span> 
     </span>
    </p>
   </div>
   <div class='ocr_carea' id='block_1_4' title="bbox 141 694 1605 824">
    <p class='ocr_par' dir='ltr' id='par_1_4' title="bbox 141 694 1605 824">
     <span class='ocr_line' id='line_1_6' title="bbox 740 694 1010 736; baseline -0.004 0"><span class='ocrx_word' id='word_1_20' title='bbox 740 694 1010 736; x_wconf 85' lang='lat' dir='ltr'><strong>Acanthio</strong></span> 
     </span>
     <span class='ocr_line' id='line_1_7' title="bbox 141 766 1605 824; baseline -0.005 -9"><span class='ocrx_word' id='word_1_21' title='bbox 141 773 232 824; x_wconf 90' lang='lat' dir='ltr'>Qui,</span> <span class='ocrx_word' id='word_1_22' title='bbox 267 771 438 815; x_wconf 76' lang='lat' dir='ltr'>malum.</span> <span class='ocrx_word' id='word_1_23' title='bbox 471 784 548 823; x_wconf 86' lang='lat' dir='ltr'>ego</span> <span class='ocrx_word' id='word_1_24' title='bbox 567 783 715 822; x_wconf 77' lang='lat' dir='ltr'>nugor,</span> <span class='ocrx_word' id='word_1_25' title='bbox 748 769 783 808; x_wconf 82' lang='lat' dir='ltr'>si</span> <span class='ocrx_word' id='word_1_26' title='bbox 809 766 903 817; x_wconf 88' lang='lat' dir='ltr'>tibi,</span> <span class='ocrx_word' id='word_1_27' title='bbox 932 766 1046 819; x_wconf 91' lang='lat' dir='ltr'>quod</span> <span class='ocrx_word' id='word_1_28' title='bbox 1074 781 1140 807; x_wconf 85' lang='lat' dir='ltr'>me</span> <span class='ocrx_word' id='word_1_29' title='bbox 1166 780 1306 819; x_wconf 58' lang='lat' dir='ltr'>rogas</span> <span class='ocrx_word' id='word_1_30' title='bbox 1332 766 1605 820; x_wconf 80' lang='lat' dir='ltr'>respondeo?</span> 
     </span>
    </p>
   </div>
   <div class='ocr_carea' id='block_1_5' title="bbox 139 903 1009 1025">
    <p class='ocr_par' dir='ltr' id='par_1_5' title="bbox 139 903 1009 1025">
     <span class='ocr_line' id='line_1_8' title="bbox 737 903 1009 946; baseline -0.004 0"><span class='ocrx_word' id='word_1_31' title='bbox 737 903 808 946; x_wconf 91' lang='lat' dir='ltr'>Ch</span> <span class='ocrx_word' id='word_1_32' title='bbox 821 905 898 946; x_wconf 87' lang='lat' dir='ltr'>ari</span> <span class='ocrx_word' id='word_1_33' title='bbox 912 919 936 945; x_wconf 94' lang='lat' dir='ltr'>n</span> <span class='ocrx_word' id='word_1_34' title='bbox 948 918 974 945; x_wconf 95' lang='lat' dir='ltr'>u</span> <span class='ocrx_word' id='word_1_35' title='bbox 990 918 1009 945; x_wconf 86' lang='lat' dir='ltr'>s</span> 
     </span>
     <span class='ocr_line' id='line_1_9' title="bbox 139 978 468 1025; baseline -0.015 0"><span class='ocrx_word' id='word_1_36' title='bbox 139 981 295 1025; x_wconf 85' lang='lat' dir='ltr'>Certen</span> <span class='ocrx_word' id='word_1_37' title='bbox 327 978 468 1022; x_wconf 85' lang='lat' dir='ltr'>uidit?</span> 
     </span>
    </p>
   </div>
   <div class='ocr_carea' id='block_1_6' title="bbox 347 1079 1600 1207">
    <p class='ocr_par' dir='ltr' id='par_1_6' title="bbox 347 1079 1600 1207">
     <span class='ocr_line' id='line_1_10' title="bbox 736 1079 1006 1122; baseline -0.004 -1"><span class='ocrx_word' id='word_1_38' title='bbox 736 1079 1006 1122; x_wconf 75' lang='lat' dir='ltr'>Acanthio</span> 
     </span>
     <span class='ocr_line' id='line_1_11' title="bbox 347 1153 1600 1207; baseline -0.002 -10"><span class='ocrx_word' id='word_1_39' title='bbox 347 1156 453 1197; x_wconf 89' lang='lat' dir='ltr'>Tam</span> <span class='ocrx_word' id='word_1_40' title='bbox 486 1155 630 1196; x_wconf 85' lang='lat' dir='ltr'>hercle</span> <span class='ocrx_word' id='word_1_41' title='bbox 663 1160 794 1205; x_wconf 69' lang='lat' dir='ltr'>certe,</span> <span class='ocrx_word' id='word_1_42' title='bbox 828 1167 957 1207; x_wconf 81' lang='lat' dir='ltr'>quam</span> <span class='ocrx_word' id='word_1_43' title='bbox 990 1166 1069 1205; x_wconf 89' lang='lat' dir='ltr'>ego</span> <span class='ocrx_word' id='word_1_44' title='bbox 1102 1157 1145 1193; x_wconf 91' lang='lat' dir='ltr'>te</span> <span class='ocrx_word' id='word_1_45' title='bbox 1177 1159 1254 1193; x_wconf 89' lang='lat' dir='ltr'>aut</span> <span class='ocrx_word' id='word_1_46' title='bbox 1285 1158 1330 1194; x_wconf 88' lang='lat' dir='ltr'>tu</span> <span class='ocrx_word' id='word_1_47' title='bbox 1366 1166 1431 1193; x_wconf 86' lang='lat' dir='ltr'>me</span> <span class='ocrx_word' id='word_1_48' title='bbox 1463 1153 1600 1194; x_wconf 87' lang='lat' dir='ltr'>uides.</span> 
     </span>
    </p>
   </div>
   <div class='ocr_carea' id='block_1_7' title="bbox 138 1290 1005 1409">
    <p class='ocr_par' dir='ltr' id='par_1_7' title="bbox 138 1290 1005 1409">
     <span class='ocr_line' id='line_1_12' title="bbox 736 1290 1005 1332; baseline -0.004 0"><span class='ocrx_word' id='word_1_49' title='bbox 736 1290 1005 1332; x_wconf 86' lang='lat' dir='ltr'>Charinus</span> 
     </span>
     <span class='ocr_line' id='line_1_13' title="bbox 138 1366 519 1409; baseline -0.008 0"><span class='ocrx_word' id='word_1_50' title='bbox 138 1366 220 1409; x_wconf 93' lang='lat' dir='ltr'>Ubi</span> <span class='ocrx_word' id='word_1_51' title='bbox 251 1380 345 1408; x_wconf 88' lang='lat' dir='ltr'>eam</span> <span class='ocrx_word' id='word_1_52' title='bbox 375 1366 519 1407; x_wconf 87' lang='lat' dir='ltr'>uidit‘?</span> 
     </span>
    </p>
   </div>
   <div class='ocr_carea' id='block_1_8' title="bbox 542 1467 1600 1593">
    <p class='ocr_par' dir='ltr' id='par_1_8' title="bbox 542 1467 1600 1593">
     <span class='ocr_line' id='line_1_14' title="bbox 735 1467 1004 1509; baseline -0.004 0"><span class='ocrx_word' id='word_1_53' title='bbox 735 1467 1004 1509; x_wconf 84' lang='lat' dir='ltr'>Acanthio</span> 
     </span>
     <span class='ocr_line' id='line_1_15' title="bbox 542 1539 1600 1593; baseline 0.001 -11"><span class='ocrx_word' id='word_1_54' title='bbox 542 1541 665 1583; x_wconf 82' lang='lat' dir='ltr'>Intus</span> <span class='ocrx_word' id='word_1_55' title='bbox 697 1541 814 1581; x_wconf 86' lang='lat' dir='ltr'>intra</span> <span class='ocrx_word' id='word_1_56' title='bbox 845 1554 1014 1590; x_wconf 77' lang='lat' dir='ltr'>nauem,</span> <span class='ocrx_word' id='word_1_57' title='bbox 1048 1544 1096 1580; x_wconf 89' lang='lat' dir='ltr'>ut</span> <span class='ocrx_word' id='word_1_58' title='bbox 1127 1553 1283 1593; x_wconf 89' lang='lat' dir='ltr'>prorae</span> <span class='ocrx_word' id='word_1_59' title='bbox 1315 1539 1502 1590; x_wconf 83' lang='lat' dir='ltr'>adstitit,</span> <span class='ocrx_word' id='word_1_60' title='bbox 1538 1551 1600 1584; x_wconf 83' lang='lat'>185</span> 
     </span>
    </p>
   </div>
   <div class='ocr_carea' id='block_1_9' title="bbox 139 1613 773 1657">
    <p class='ocr_par' dir='ltr' id='par_1_9' title="bbox 139 1613 773 1657">
     <span class='ocr_line' id='line_1_16' title="bbox 139 1613 773 1657; baseline -0.006 0"><span class='ocrx_word' id='word_1_61' title='bbox 139 1615 195 1657; x_wconf 89' lang='lat' dir='ltr'>Et</span> <span class='ocrx_word' id='word_1_62' title='bbox 225 1629 321 1657; x_wconf 91' lang='lat' dir='ltr'>cum</span> <span class='ocrx_word' id='word_1_63' title='bbox 354 1629 406 1656; x_wconf 86' lang='lat' dir='ltr'>ea</span> <span class='ocrx_word' id='word_1_64' title='bbox 436 1613 773 1656; x_wconf 86' lang='lat' dir='ltr'>confabulatust.</span> 
     </span>
    </p>
   </div>
   <div class='ocr_carea' id='block_1_10' title="bbox 138 1727 1597 1998">
    <p class='ocr_par' dir='ltr' id='par_1_10' title="bbox 138 1727 1597 1998">
     <span class='ocr_line' id='line_1_17' title="bbox 734 1727 1004 1770; baseline 0.004 -1"><span class='ocrx_word' id='word_1_65' title='bbox 734 1727 1004 1770; x_wconf 85' lang='lat' dir='ltr'>Charinus</span> 
     </span>
     <span class='ocr_line' id='line_1_18' title="bbox 805 1800 1323 1853; baseline -0.004 -11"><span class='ocrx_word' id='word_1_66' title='bbox 805 1800 1040 1842; x_wconf 87' lang='lat' dir='ltr'>Perdidisti</span> <span class='ocrx_word' id='word_1_67' title='bbox 1072 1814 1154 1849; x_wconf 81' lang='lat' dir='ltr'>me,</span> <span class='ocrx_word' id='word_1_68' title='bbox 1185 1805 1323 1853; x_wconf 83' lang='lat' dir='ltr'>pater.</span> 
     </span>
     <span class='ocr_line' id='line_1_19' title="bbox 138 1870 1542 1928; baseline -0.004 -12"><span class='ocrx_word' id='word_1_69' title='bbox 138 1874 230 1916; x_wconf 92' lang='lat' dir='ltr'>Eho</span> <span class='ocrx_word' id='word_1_70' title='bbox 261 1879 319 1925; x_wconf 88' lang='lat' dir='ltr'>tu,</span> <span class='ocrx_word' id='word_1_71' title='bbox 351 1874 431 1916; x_wconf 91' lang='lat' dir='ltr'>eho</span> <span class='ocrx_word' id='word_1_72' title='bbox 464 1879 524 1923; x_wconf 88' lang='lat' dir='ltr'>tu,</span> <span class='ocrx_word' id='word_1_73' title='bbox 559 1875 659 1928; x_wconf 89' lang='lat' dir='ltr'>quin</span> <span class='ocrx_word' id='word_1_74' title='bbox 695 1874 864 1923; x_wconf 81' lang='lat' dir='ltr'>cauisti,</span> <span class='ocrx_word' id='word_1_75' title='bbox 896 1887 948 1914; x_wconf 90' lang='lat' dir='ltr'>ne</span> <span class='ocrx_word' id='word_1_76' title='bbox 982 1887 1076 1915; x_wconf 89' lang='lat' dir='ltr'>eam</span> <span class='ocrx_word' id='word_1_77' title='bbox 1110 1872 1293 1920; x_wconf 88' lang='lat' dir='ltr'>uideret,</span> <span class='ocrx_word' id='word_1_78' title='bbox 1328 1870 1542 1912; x_wconf 83' lang='lat' dir='ltr'>uerbero‘?</span> 
     </span>
     <span class='ocr_line' id='line_1_20' title="bbox 139 1944 1597 1998; baseline -0.003 -10"><span class='ocrx_word' id='word_1_79' title='bbox 139 1945 263 1996; x_wconf 77' lang='lat' dir='ltr'>Qujn,</span> <span class='ocrx_word' id='word_1_80' title='bbox 286 1947 480 1995; x_wconf 83' lang='lat' dir='ltr'>sceleste,</span> <span class='ocrx_word' id='word_1_81' title='bbox 505 1959 593 1987; x_wconf 83' lang='lat' dir='ltr'>eam</span> <span class='ocrx_word' id='word_1_82' title='bbox 619 1946 926 1997; x_wconf 84' lang='lat' dir='ltr'>abstrudebas‚</span> <span class='ocrx_word' id='word_1_83' title='bbox 953 1960 1006 1987; x_wconf 89' lang='lat' dir='ltr'>ne</span> <span class='ocrx_word' id='word_1_84' title='bbox 1032 1959 1126 1986; x_wconf 84' lang='lat' dir='ltr'>eam</span> <span class='ocrx_word' id='word_1_85' title='bbox 1151 1945 1425 1998; x_wconf 84' lang='lat' dir='ltr'>conspiceret</span> <span class='ocrx_word' id='word_1_86' title='bbox 1442 1944 1597 1997; x_wconf 70' lang='lat' dir='ltr'>pater‘.&gt;</span> 
     </span>
    </p>
   </div>
   <div class='ocr_carea' id='block_1_11' title="bbox 137 2083 1600 2487">
    <p class='ocr_par' dir='ltr' id='par_1_11' title="bbox 137 2083 1600 2487">
     <span class='ocr_line' id='line_1_21' title="bbox 733 2083 1003 2126; baseline -0.004 0"><span class='ocrx_word' id='word_1_87' title='bbox 733 2083 1003 2126; x_wconf 85' lang='lat' dir='ltr'>Acanthio</span> 
     </span>
     <span class='ocr_line' id='line_1_22' title="bbox 137 2157 1234 2212; baseline -0.004 -11"><span class='ocrx_word' id='word_1_88' title='bbox 137 2157 247 2209; x_wconf 83' lang='lat' dir='ltr'>Quia</span> <span class='ocrx_word' id='word_1_89' title='bbox 275 2158 490 2212; x_wconf 84' lang='lat' dir='ltr'>negotiosi</span> <span class='ocrx_word' id='word_1_90' title='bbox 523 2170 695 2198; x_wconf 87' lang='lat' dir='ltr'>eramus</span> <span class='ocrx_word' id='word_1_91' title='bbox 728 2171 805 2198; x_wconf 88' lang='lat' dir='ltr'>nos</span> <span class='ocrx_word' id='word_1_92' title='bbox 837 2157 1001 2198; x_wconf 87' lang='lat' dir='ltr'>nostris</span> <span class='ocrx_word' id='word_1_93' title='bbox 1033 2157 1234 2210; x_wconf 74' lang='lat' dir='ltr'>negotiis⁷</span> 
     </span>
     <span class='ocr_line' id='line_1_23' title="bbox 138 2227 1600 2284; baseline -0.001 -13"><span class='ocrx_word' id='word_1_94' title='bbox 138 2230 424 2272; x_wconf 84' lang='lat' dir='ltr'>Armamentis</span> <span class='ocrx_word' id='word_1_95' title='bbox 458 2229 767 2284; x_wconf 88' lang='lat' dir='ltr'>conplicandis,</span> <span class='ocrx_word' id='word_1_96' title='bbox 803 2229 1099 2283; x_wconf 86' lang='lat' dir='ltr'>conponendis</span> <span class='ocrx_word' id='word_1_97' title='bbox 1130 2227 1407 2270; x_wconf 87' lang='lat' dir='ltr'>thomicibus.</span> <span class='ocrx_word' id='word_1_98' title='bbox 1536 2238 1600 2270; x_wconf 91' lang='grc'>190</span> 
     </span>
     <span class='ocr_line' id='line_1_24' title="bbox 138 2299 1596 2356; baseline -0.001 -13"><span class='ocrx_word' id='word_1_99' title='bbox 138 2301 245 2344; x_wconf 90' lang='lat' dir='ltr'>Dum</span> <span class='ocrx_word' id='word_1_100' title='bbox 279 2301 385 2344; x_wconf 86' lang='lat' dir='ltr'>haec</span> <span class='ocrx_word' id='word_1_101' title='bbox 416 2308 616 2356; x_wconf 84' lang='lat' dir='ltr'>aguntur,</span> <span class='ocrx_word' id='word_1_102' title='bbox 650 2302 791 2344; x_wconf 84' lang='lat' dir='ltr'>lembo</span> <span class='ocrx_word' id='word_1_103' title='bbox 816 2301 1051 2343; x_wconf 89' lang='lat' dir='ltr'>aduehitur</span> <span class='ocrx_word' id='word_1_104' title='bbox 1075 2307 1176 2342; x_wconf 89' lang='lat' dir='ltr'>tuus</span> <span class='ocrx_word' id='word_1_105' title='bbox 1202 2306 1326 2355; x_wconf 87' lang='lat' dir='ltr'>pater</span> <span class='ocrx_word' id='word_1_106' title='bbox 1343 2299 1596 2354; x_wconf 82' lang='lat' dir='ltr'>pauxillulo.</span> 
     </span>
     <span class='ocr_line' id='line_1_25' title="bbox 138 2373 1598 2430; baseline -0.003 -13"><span class='ocrx_word' id='word_1_107' title='bbox 138 2373 285 2429; x_wconf 83' lang='lat' dir='ltr'>Neque</span> <span class='ocrx_word' id='word_1_108' title='bbox 345 2376 574 2430; x_wconf 89' lang='lat' dir='ltr'>quisquam</span> <span class='ocrx_word' id='word_1_109' title='bbox 635 2374 851 2416; x_wconf 90' lang='lat' dir='ltr'>hominem</span> <span class='ocrx_word' id='word_1_110' title='bbox 913 2375 1222 2427; x_wconf 87' lang='lat' dir='ltr'>conspicatust,</span> <span class='ocrx_word' id='word_1_111' title='bbox 1285 2373 1423 2414; x_wconf 90' lang='lat' dir='ltr'>donec</span> <span class='ocrx_word' id='word_1_112' title='bbox 1482 2373 1598 2413; x_wconf 84' lang='lat' dir='ltr'>intra</span> 
     </span>
     <span class='ocr_line' id='line_1_26' title="bbox 1222 2446 1456 2487; baseline -0.004 0"><span class='ocrx_word' id='word_1_113' title='bbox 1222 2446 1344 2487; x_wconf 90' lang='lat' dir='ltr'>uisus</span> <span class='ocrx_word' id='word_1_114' title='bbox 1377 2449 1456 2487; x_wconf 86' lang='lat' dir='ltr'>est.</span> 
     </span>
    </p>
   </div>
   <div class='ocr_carea' id='block_1_12' title="bbox 223 2529 427 2533">
    <p class='ocr_par' dir='ltr' id='par_1_12' title="bbox 223 2529 427 2533">
     <span class='ocr_line' id='line_1_27' title="bbox 223 2529 427 2533; baseline 0 0"><span class='ocrx_word' id='word_1_115' title='bbox 223 2529 427 2533; x_wconf 95' lang='lat' dir='ltr'> </span> 
     </span>
    </p>
   </div>
   <div class='ocr_carea' id='block_1_13' title="bbox 136 2580 1600 2734">
    <p class='ocr_par' dir='ltr' id='par_1_13' title="bbox 136 2580 1600 2734">
     <span class='ocr_line' id='line_1_28' title="bbox 235 2580 1596 2629; baseline -0.004 -10"><span class='ocrx_word' id='word_1_116' title='bbox 235 2586 297 2619; x_wconf 83' lang='lat'>182</span> <span class='ocrx_word' id='word_1_117' title='bbox 322 2585 366 2619; x_wconf 90' lang='lat' dir='ltr'>In</span> <span class='ocrx_word' id='word_1_118' title='bbox 392 2585 462 2619; x_wconf 84' lang='lat' dir='ltr'>hoc</span> <span class='ocrx_word' id='word_1_119' title='bbox 488 2583 536 2627; x_wconf 91' lang='grc' dir='ltr'>Β,</span> <span class='ocrx_word' id='word_1_120' title='bbox 563 2585 574 2618; x_wconf 93' lang='lat' dir='ltr'>i</span> <span class='ocrx_word' id='word_1_121' title='bbox 601 2584 687 2619; x_wconf 89' lang='lat' dir='ltr'>hinc</span> <span class='ocrx_word' id='word_1_122' title='bbox 714 2584 742 2619; x_wconf 90' lang='lat' dir='ltr'>C</span> <span class='ocrx_word' id='word_1_123' title='bbox 856 2583 1031 2629; x_wconf 80' lang='lat' dir='ltr'>capitalia</span> <span class='ocrx_word' id='word_1_124' title='bbox 1056 2581 1092 2617; x_wconf 95' lang='lat' dir='ltr'><strong><em>B</em></strong></span> <span class='ocrx_word' id='word_1_125' title='bbox 1210 2583 1274 2616; x_wconf 87' lang='grc'>183</span> <span class='ocrx_word' id='word_1_126' title='bbox 1300 2580 1536 2625; x_wconf 85' lang='lat' dir='ltr'>respondebo</span> <span class='ocrx_word' id='word_1_127' title='bbox 1563 2580 1596 2615; x_wconf 97' lang='grc' dir='ltr'><strong><em>Β</em></strong></span> 
     </span>
     <span class='ocr_line' id='line_1_29' title="bbox 234 2637 1594 2683; baseline -0.004 -7"><span class='ocrx_word' id='word_1_128' title='bbox 234 2644 297 2677; x_wconf 82' lang='grc'>185</span> <span class='ocrx_word' id='word_1_129' title='bbox 323 2643 427 2677; x_wconf 74' lang='grc' dir='ltr'><strong>ΑΟΗ.</strong></span> <span class='ocrx_word' id='word_1_130' title='bbox 455 2642 551 2676; x_wconf 82' lang='lat' dir='ltr'>uidit</span> <span class='ocrx_word' id='word_1_131' title='bbox 574 2642 675 2675; x_wconf 85' lang='lat' dir='ltr'>intus</span> <span class='ocrx_word' id='word_1_132' title='bbox 702 2640 737 2675; x_wconf 93' lang='lat' dir='ltr'>B</span> <span class='ocrx_word' id='word_1_133' title='bbox 842 2642 964 2675; x_wconf 85' lang='lat' dir='ltr'>nauim</span> <span class='ocrx_word' id='word_1_134' title='bbox 993 2640 1020 2675; x_wconf 88' lang='lat' dir='ltr'><strong><em>C</em></strong></span> <span class='ocrx_word' id='word_1_135' title='bbox 1131 2649 1246 2683; x_wconf 88' lang='lat' dir='ltr'>prope</span> <span class='ocrx_word' id='word_1_136' title='bbox 1272 2637 1307 2673; x_wconf 91' lang='lat' dir='ltr'><em>B</em></span> <span class='ocrx_word' id='word_1_137' title='bbox 1415 2638 1480 2672; x_wconf 84' lang='lat'>186</span> <span class='ocrx_word' id='word_1_138' title='bbox 1506 2649 1594 2672; x_wconf 87' lang='lat' dir='ltr'>con-</span> 
     </span>
     <span class='ocr_line' id='line_1_30' title="bbox 136 2693 1600 2734; baseline -0.003 -2"><span class='ocrx_word' id='word_1_139' title='bbox 136 2697 318 2734; x_wconf 73' lang='lat' dir='ltr'>fabulatus</span> <span class='ocrx_word' id='word_1_140' title='bbox 345 2706 402 2734; x_wconf 81' lang='lat' dir='ltr'>est</span> <span class='ocrx_word' id='word_1_141' title='bbox 505 2701 567 2732; x_wconf 84' lang='lat'>137</span> <span class='ocrx_word' id='word_1_142' title='bbox 594 2699 674 2732; x_wconf 81' lang='lat' dir='ltr'>Eho</span> <span class='ocrx_word' id='word_1_143' title='bbox 703 2706 742 2732; x_wconf 89' lang='lat' dir='ltr'>tu</span> <span class='ocrx_word' id='word_1_144' title='bbox 767 2698 838 2732; x_wconf 89' lang='lat' dir='ltr'>hoc</span> <span class='ocrx_word' id='word_1_145' title='bbox 865 2699 1000 2732; x_wconf 86' lang='lat' dir='ltr'>cauisti</span> <span class='ocrx_word' id='word_1_146' title='bbox 1026 2697 1062 2731; x_wconf 88' lang='lat' dir='ltr'><em>B</em></span> <span class='ocrx_word' id='word_1_147' title='bbox 1164 2707 1256 2730; x_wconf 87' lang='lat' dir='ltr'>neue</span> <span class='ocrx_word' id='word_1_148' title='bbox 1284 2695 1312 2730; x_wconf 86' lang='lat' dir='ltr'><em>C</em></span> <span class='ocrx_word' id='word_1_149' title='bbox 1410 2695 1543 2728; x_wconf 77' lang='lat' dir='ltr'>uerber·</span> <span class='ocrx_word' id='word_1_150' title='bbox 1571 2693 1600 2728; x_wconf 87' lang='lat' dir='ltr'><strong><em>C</em></strong></span> 
     </span>
    </p>
   </div>
   <div class='ocr_carea' id='block_1_14' title="bbox 227 2751 1594 2912">
    <p class='ocr_par' dir='ltr' id='par_1_14' title="bbox 227 2751 1594 2912">
     <span class='ocr_line' id='line_1_31' title="bbox 234 2751 1594 2796; baseline -0.004 -6"><span class='ocrx_word' id='word_1_151' title='bbox 234 2758 298 2792; x_wconf 82' lang='lat'>188</span> <span class='ocrx_word' id='word_1_152' title='bbox 322 2758 470 2792; x_wconf 81' lang='lat' dir='ltr'>selestie</span> <span class='ocrx_word' id='word_1_153' title='bbox 498 2755 526 2792; x_wconf 86' lang='lat' dir='ltr'>C</span> <span class='ocrx_word' id='word_1_154' title='bbox 644 2767 724 2790; x_wconf 91' lang='lat' dir='ltr'>eam</span> <span class='ocrx_word' id='word_1_155' title='bbox 751 2766 817 2790; x_wconf 90' lang='lat' dir='ltr'>om.</span> <span class='ocrx_word' id='word_1_156' title='bbox 937 2756 1001 2789; x_wconf 89' lang='lat'>190</span> <span class='ocrx_word' id='word_1_157' title='bbox 1027 2759 1063 2788; x_wconf 84' lang='lat' dir='ltr'>et</span> <span class='ocrx_word' id='word_1_158' title='bbox 1088 2752 1359 2796; x_wconf 87' lang='lat' dir='ltr'>componendis</span> <span class='ocrx_word' id='word_1_159' title='bbox 1385 2751 1594 2786; x_wconf 82' lang='lat' dir='ltr'>studuimus</span> 
     </span>
     <span class='ocr_line' id='line_1_32' title="bbox 227 2811 1359 2859; baseline -0.005 -11"><span class='ocrx_word' id='word_1_160' title='bbox 227 2815 286 2848; x_wconf 84' lang='lat'>191</span> <span class='ocrx_word' id='word_1_161' title='bbox 314 2815 437 2859; x_wconf 86' lang='lat' dir='ltr'>lempo</span> <span class='ocrx_word' id='word_1_162' title='bbox 466 2814 495 2849; x_wconf 83' lang='lat' dir='ltr'><strong><em>G</em></strong></span> <span class='ocrx_word' id='word_1_163' title='bbox 587 2816 650 2848; x_wconf 84' lang='lat'>192</span> <span class='ocrx_word' id='word_1_164' title='bbox 677 2814 914 2857; x_wconf 83' lang='lat' dir='ltr'>conspicatus</span> <span class='ocrx_word' id='word_1_165' title='bbox 940 2811 976 2846; x_wconf 90' lang='grc' dir='ltr'><strong><em>Β</em></strong></span> <span class='ocrx_word' id='word_1_166' title='bbox 1071 2813 1106 2844; x_wconf 89' lang='lat' dir='ltr'>in</span> <span class='ocrx_word' id='word_1_167' title='bbox 1134 2811 1219 2845; x_wconf 78' lang='lat' dir='ltr'>naui</span> <span class='ocrx_word' id='word_1_168' title='bbox 1247 2821 1359 2854; x_wconf 83' lang='lat' dir='ltr'>super</span> 
     </span>
     <span class='ocr_line' id='line_1_33' title="bbox 1348 2879 1388 2912; baseline 0 0"><span class='ocrx_word' id='word_1_169' title='bbox 1348 2879 1388 2912; x_wconf 92' lang='grc'>10</span> 
     </span>
    </p>
   </div>
  </div>
 </body>
</html>
