1963 3243
326 197 379 239 90
989 192 1111 233 Plauti
1505 199 1566 243 IV,
1590 201 1778 243 2,*12-79
1814 226 1818 229 .
1870 207 1871 211 ¹

894 322 927 364 Ρ
939 323 987 364 al
998 337 1025 365 a
1035 337 1057 364 e
1068 337 1087 365 s
1097 329 1116 366 t
1126 325 1171 366 ri
1183 338 1208 366 0

1293 381 1472 423 Praeter
1499 381 1775 424 thensauros.

327 452 434 493 Tum
462 452 629 505 argenti
653 451 826 501 montis,
857 464 942 492 non
966 465 1133 494 massas
1156 453 1310 505 habet3
1342 453 1485 495 Aetna
1508 452 1666 508 [mons]
1690 467 1778 496 non

1345 538 1481 579 aeque
1513 525 1657 568 altust.
1691 538 1780 574 1060

705 663 707 665 ,
867 612 1230 670 Milphidippa

324 685 390 726 Eu
421 690 594 727 ecastor
623 685 840 727 hominem
871 687 1116 740 periurum!

899 798 1212 843 Palaestrio

1026 870 1084 913 Ut
1112 872 1238 914 ludo!

872 985 913 1026 M
924 985 961 1027 il
970 1000 997 1039 p
1007 984 1059 1026 hi
1069 985 1096 1026 d
1106 986 1120 1026 i
1130 1000 1156 1039 p
1167 1001 1193 1040 p
1205 1000 1230 1028 a

1142 1055 1254 1106 Quid
1265 1059 1284 1099 ἱ)
1317 1072 1394 1112 ego
1426 1063 1487 1101 ut⁴
1507 1058 1675 1102 subleui
1695 1073 1754 1121 los
1769 1059 1776 1102 !

331 1128 416 1170 Sed
448 1129 604 1171 amabo
639 1129 799 1171 mittite
830 1143 898 1171 me
929 1134 1140 1171 actutum.

898 1241 930 1283 P
941 1243 989 1284 al
998 1256 1024 1284 a
1036 1257 1058 1284 e
1069 1257 1088 1284 s
1099 1248 1118 1285 t
1126 1245 1173 1286 ri
1186 1259 1210 1286 ο
1786 1301 1788 1304 v

981 1315 1093 1369 Quin
1124 1320 1172 1356 tu
1204 1316 1305 1358 huic
1335 1317 1570 1370 respondes
1601 1317 1778 1371 aliquid,

261 1406 266 1407 ⁷
331 1388 418 1428 Aut
446 1387 663 1429 facturum
695 1391 772 1428 aut
801 1400 887 1429 non
917 1387 1164 1429 facturum?

873 1501 1234 1555 Milphidippa

872 1573 987 1624 Quid
1009 1574 1128 1616 illam
1157 1576 1357 1617 miseram
1384 1577 1516 1617 animi
1541 1576 1779 1627 excrucias,

331 1643 451 1694 Quae
481 1659 714 1700 numquam
745 1646 858 1688 male
889 1646 940 1688 de
971 1651 1015 1688 te
1046 1647 1272 1689 meritast‘?

831 1759 1279 1814 Pyrgopolinices

1939 1811 1945 1827 .,

991 1832 1098 1874 Iube
1130 1847 1304 1887 eampse
1335 1835 1451 1876 exire
1482 1834 1567 1877 huc
1597 1835 1652 1877 ad
1683 1849 1780 1887 nos;
1870 1831 1871 1835 ¹
1903 1850 1906 1854 ’
1935 1827 1946 1902 3⁵·

330 1904 408 1945 Dic
439 1919 506 1946 me
538 1905 680 1946 omnia
710 1918 820 1959 quae
852 1905 946 1946 uolt
975 1905 1203 1947 facturum.

862 2018 1242 2070 *Milphidippa

846 2091 972 2133 Facis
1002 2105 1116 2133 nunc
1146 2097 1195 2133 ut
1226 2094 1262 2134 te
1292 2092 1435 2134 facere
1466 2102 1664 2147 aequom,
1696 2103 1784 2138 1065

330 2163 480 2214 Quom,
512 2177 623 2218 quae
654 2167 697 2204 te
727 2163 831 2214 uolt,
864 2163 1045 2205 eandem
1076 2168 1124 2205 tu
1154 2164 1234 2215 uis,

832 2277 1278 2331 Pyrgopolinices

1073 2349 1170 2392 Non
1196 2350 1278 2392 hoc
1306 2351 1520 2393 insulsum
1550 2351 1780 2404 ingenium.

423 2477 509 2511 1059
544 2478 692 2520 praeter
726 2475 921 2510 thesaurus
953 2473 1005 2515 Β,
1041 2478 1383 2519 praecertensaurus
1409 2474 1440 2510 Ο
1536 2475 1623 2510 1060
1656 2474 1783 2510 aethna

330 2544 435 2567 mons
457 2532 492 2576 Ο,
519 2543 586 2568 om.
612 2532 646 2567 Β
738 2533 833 2567 altos
929 2532 1012 2565 1061
1040 2535 1164 2566 castor
1188 2530 1224 2566 B
1314 2532 1353 2566 ui
1378 2531 1567 2566 sublectos
1592 2531 1665 2567 PA.
1691 2532 1782 2567 scite

424 2591 510 2625 1062
534 2590 597 2624 ΜΙ.
626 2589 697 2624 Sed
798 2589 902 2624 mitte
926 2587 961 2622 Β
1061 2588 1256 2633 respondis
1281 2587 1319 2622 B
1422 2589 1507 2624 1063
1530 2588 1601 2623 ΜΙ.
1625 2598 1689 2624 om.

330 2647 497 2682 miseram
525 2651 562 2682 et
588 2647 742 2681 amicam
768 2646 913 2681 crucias
938 2644 973 2679 B
1079 2647 1166 2680 1064
1189 2646 1283 2680 mele
1309 2645 1354 2680 de
1378 2649 1415 2680 te
1439 2646 1608 2681 mei-itast
1636 2646 1782 2680 iubeam

330 2704 407 2748 ipse
433 2703 468 2748 0,
494 2703 588 2738 male
615 2704 870 2739 dixerit...at
893 2703 1038 2737 iubeam
1064 2704 1142 2748 ipse
1167 2701 1203 2737 Β
1286 2703 1372 2738 1065
1395 2702 1487 2737 mihi
1579 2702 1641 2738 uul
1667 2701 1698 2738 Ο

330 2760 397 2794 ΜΙ.
422 2771 487 2795 om.
587 2764 623 2795 te
648 2771 714 2796 om.
815 2761 903 2795 1066
927 2758 1019 2804 qu’
1044 2761 1125 2794 uult
1148 2759 1195 2803 B,
1221 2759 1406 2804 Quodipte
1431 2759 1510 2794 uult
1535 2758 1564 2794 Ο
1653 2758 1781 2794 eadem

330 2816 366 2852 Β
457 2818 638 2853 insulsum
662 2818 749 2852 hinc
774 2816 962 2861 ingenium
