<?xml version="1.0" encoding="UTF-8"?>
<!DOCTYPE html PUBLIC "-//W3C//DTD XHTML 1.0 Transitional//EN"
    "http://www.w3.org/TR/xhtml1/DTD/xhtml1-transitional.dtd">
<html xmlns="http://www.w3.org/1999/xhtml" xml:lang="en" lang="en">
 <head>
  <title>
</title>
<meta http-equiv="Content-Type" content="text/html;charset=utf-8" />
  <meta name='ocr-system' content='tesseract 3.04.00' />
  <meta name='ocr-capabilities' content='ocr_page ocr_carea ocr_par ocr_line ocrx_word'/>
</head>
<body>
  <div class='ocr_page' id='page_1' title='image "./comoediaerecensu04plauuoft_0495.png"; bbox 0 0 1963 3243; ppageno 0'>
   <div class='ocr_carea' id='block_1_1' title="bbox 98 233 1583 281">
    <p class='ocr_par' dir='ltr' id='par_1_1' title="bbox 98 233 1583 281">
     <span class='ocr_line' id='line_1_1' title="bbox 98 233 1583 281; baseline -0.002 -10"><span class='ocrx_word' id='word_1_1' title='bbox 98 233 131 278; x_wconf 88' lang='lat' dir='ltr'>I,</span> <span class='ocrx_word' id='word_1_2' title='bbox 155 235 187 278; x_wconf 79' lang='grc'>2,</span> <span class='ocrx_word' id='word_1_3' title='bbox 210 234 346 269; x_wconf 83' lang='grc'><strong>60-70</strong></span> <span class='ocrx_word' id='word_1_4' title='bbox 744 233 939 269; x_wconf 84' lang='lat' dir='ltr'>Poenulus.</span> <span class='ocrx_word' id='word_1_5' title='bbox 1507 244 1583 281; x_wconf 76' lang='lat'>125</span> 
     </span>
    </p>
   </div>
   <div class='ocr_carea' id='block_1_2' title="bbox 100 359 1585 558">
    <p class='ocr_par' dir='ltr' id='par_1_2' title="bbox 100 359 1585 558">
     <span class='ocr_line' id='line_1_2' title="bbox 100 359 1585 414; baseline 0.004 -12"><span class='ocrx_word' id='word_1_6' title='bbox 100 359 381 414; x_wconf 77' lang='lat' dir='ltr'>Propudium!</span> <span class='ocrx_word' id='word_1_7' title='bbox 414 360 538 413; x_wconf 80' lang='lat' dir='ltr'>quasi</span> <span class='ocrx_word' id='word_1_8' title='bbox 555 359 670 401; x_wconf 86' lang='lat' dir='ltr'>bella</span> <span class='ocrx_word' id='word_1_9' title='bbox 687 360 754 409; x_wconf 82' lang='lat' dir='ltr'>sit,</span> <span class='ocrx_word' id='word_1_10' title='bbox 771 360 894 414; x_wconf 86' lang='lat' dir='ltr'>quasi</span> <span class='ocrx_word' id='word_1_11' title='bbox 912 373 1086 414; x_wconf 85' lang='lat' dir='ltr'>eampse</span> <span class='ocrx_word' id='word_1_12' title='bbox 1103 374 1226 413; x_wconf 86' lang='lat' dir='ltr'>reges</span> <span class='ocrx_word' id='word_1_13' title='bbox 1244 361 1468 405; x_wconf 87' lang='lat' dir='ltr'>ductitent.</span> <span class='ocrx_word' id='word_1_14' title='bbox 1519 376 1585 408; x_wconf 84' lang='lat'>270</span> 
     </span>
     <span class='ocr_line' id='line_1_3' title="bbox 101 431 1344 483; baseline 0.002 -10"><span class='ocrx_word' id='word_1_15' title='bbox 101 431 340 474; x_wconf 83' lang='lat' dir='ltr'><strong>Monstrum</strong></span> <span class='ocrx_word' id='word_1_16' title='bbox 372 431 584 473; x_wconf 83' lang='lat' dir='ltr'>mulieris!</span> <span class='ocrx_word' id='word_1_17' title='bbox 617 431 792 473; x_wconf 85' lang='lat' dir='ltr'>tantilla</span> <span class='ocrx_word' id='word_1_18' title='bbox 823 436 948 473; x_wconf 85' lang='lat' dir='ltr'>tanta</span> <span class='ocrx_word' id='word_1_19' title='bbox 978 432 1113 474; x_wconf 87' lang='lat' dir='ltr'>uerba</span> <span class='ocrx_word' id='word_1_20' title='bbox 1143 432 1344 483; x_wconf 81' lang='lat' dir='ltr'>funditat,</span> 
     </span>
     <span class='ocr_line' id='line_1_4' title="bbox 101 501 1582 558; baseline 0.002 -14"><span class='ocrx_word' id='word_1_21' title='bbox 101 501 263 553; x_wconf 85' lang='lat' dir='ltr'>Quoius</span> <span class='ocrx_word' id='word_1_22' title='bbox 304 516 383 556; x_wconf 84' lang='lat' dir='ltr'>ego</span> <span class='ocrx_word' id='word_1_23' title='bbox 420 502 602 544; x_wconf 81' lang='lat' dir='ltr'>nebulae</span> <span class='ocrx_word' id='word_1_24' title='bbox 635 502 790 557; x_wconf 84' lang='lat' dir='ltr'>cyatho</span> <span class='ocrx_word' id='word_1_25' title='bbox 822 516 905 544; x_wconf 77' lang='lat' dir='ltr'>uno</span> <span class='ocrx_word' id='word_1_26' title='bbox 938 509 1104 558; x_wconf 81' lang='lat' dir='ltr'>septem</span> <span class='ocrx_word' id='word_1_27' title='bbox 1135 509 1284 547; x_wconf 84' lang='lat' dir='ltr'>noctes</span> <span class='ocrx_word' id='word_1_28' title='bbox 1316 519 1399 547; x_wconf 91' lang='lat' dir='ltr'>non</span> <span class='ocrx_word' id='word_1_29' title='bbox 1432 519 1582 548; x_wconf 87' lang='lat' dir='ltr'>emam.</span> 
     </span>
    </p>
   </div>
   <div class='ocr_carea' id='block_1_3' title="bbox 100 604 1586 804">
    <p class='ocr_par' dir='ltr' id='par_1_3' title="bbox 100 604 1586 804">
     <span class='ocr_line' id='line_1_5' title="bbox 648 604 1028 657; baseline 0.003 -12"><span class='ocrx_word' id='word_1_30' title='bbox 648 604 1028 657; x_wconf 68' lang='lat' dir='ltr'>Ayorastocles</span> 
     </span>
     <span class='ocr_line' id='line_1_6' title="bbox 100 675 1536 733; baseline 0.001 -15"><span class='ocrx_word' id='word_1_31' title='bbox 100 676 151 718; x_wconf 94' lang='lat' dir='ltr'>Di</span> <span class='ocrx_word' id='word_1_32' title='bbox 181 675 432 718; x_wconf 79' lang='lat' dir='ltr'>inmortales</span> <span class='ocrx_word' id='word_1_33' title='bbox 464 676 794 730; x_wconf 81' lang='lat' dir='ltr'>omnipotentes,</span> <span class='ocrx_word' id='word_1_34' title='bbox 826 676 931 729; x_wconf 92' lang='lat' dir='ltr'>quid</span> <span class='ocrx_word' id='word_1_35' title='bbox 963 682 1029 718; x_wconf 87' lang='lat' dir='ltr'>est</span> <span class='ocrx_word' id='word_1_36' title='bbox 1060 677 1176 731; x_wconf 87' lang='lat' dir='ltr'>apud</span> <span class='ocrx_word' id='word_1_37' title='bbox 1208 691 1285 719; x_wconf 86' lang='lat' dir='ltr'>uos</span> <span class='ocrx_word' id='word_1_38' title='bbox 1320 678 1536 733; x_wconf 73' lang='lat' dir='ltr'>pulcrius?</span> 
     </span>
     <span class='ocr_line' id='line_1_7' title="bbox 100 747 1586 804; baseline 0.003 -15"><span class='ocrx_word' id='word_1_39' title='bbox 100 747 209 799; x_wconf 89' lang='lat' dir='ltr'>Quid</span> <span class='ocrx_word' id='word_1_40' title='bbox 241 747 422 792; x_wconf 80' lang='lat' dir='ltr'>habetis,</span> <span class='ocrx_word' id='word_1_41' title='bbox 454 748 527 802; x_wconf 92' lang='lat' dir='ltr'>qui</span> <span class='ocrx_word' id='word_1_42' title='bbox 558 761 680 801; x_wconf 84' lang='lat' dir='ltr'>mage</span> <span class='ocrx_word' id='word_1_43' title='bbox 712 748 966 790; x_wconf 85' lang='lat' dir='ltr'>immortalis</span> <span class='ocrx_word' id='word_1_44' title='bbox 998 763 1077 791; x_wconf 91' lang='lat' dir='ltr'>uos</span> <span class='ocrx_word' id='word_1_45' title='bbox 1110 749 1282 791; x_wconf 84' lang='lat' dir='ltr'>credam</span> <span class='ocrx_word' id='word_1_46' title='bbox 1315 764 1422 801; x_wconf 88' lang='lat' dir='ltr'>esse,</span> <span class='ocrx_word' id='word_1_47' title='bbox 1456 764 1586 804; x_wconf 89' lang='lat' dir='ltr'>quam</span> 
     </span>
    </p>
   </div>
   <div class='ocr_carea' id='block_1_4' title="bbox 98 835 1588 1163">
    <p class='ocr_par' dir='ltr' id='par_1_4' title="bbox 98 835 1588 1163">
     <span class='ocr_line' id='line_1_8' title="bbox 1115 835 1344 875; baseline 0 -12"><span class='ocrx_word' id='word_1_48' title='bbox 1115 835 1193 875; x_wconf 86' lang='lat' dir='ltr'>ego</span> <span class='ocrx_word' id='word_1_49' title='bbox 1227 835 1344 873; x_wconf 70' lang='lat' dir='ltr'>mem,</span> 
     </span>
     <span class='ocr_line' id='line_1_9' title="bbox 99 891 1588 947; baseline 0.003 -15"><span class='ocrx_word' id='word_1_50' title='bbox 99 891 180 943; x_wconf 90' lang='lat' dir='ltr'>Qui</span> <span class='ocrx_word' id='word_1_51' title='bbox 210 891 316 933; x_wconf 86' lang='lat' dir='ltr'>haec</span> <span class='ocrx_word' id='word_1_52' title='bbox 346 896 474 934; x_wconf 83' lang='lat' dir='ltr'>tanta</span> <span class='ocrx_word' id='word_1_53' title='bbox 503 891 640 933; x_wconf 85' lang='lat' dir='ltr'>oculis</span> <span class='ocrx_word' id='word_1_54' title='bbox 672 891 785 933; x_wconf 90' lang='lat' dir='ltr'>bona</span> <span class='ocrx_word' id='word_1_55' title='bbox 818 893 1044 947; x_wconf 79' lang='lat' dir='ltr'>concipio?</span> <span class='ocrx_word' id='word_1_56' title='bbox 1089 907 1188 935; x_wconf 87' lang='lat' dir='ltr'>nam</span> <span class='ocrx_word' id='word_1_57' title='bbox 1221 893 1368 936; x_wconf 91' lang='lat' dir='ltr'>Uenus</span> <span class='ocrx_word' id='word_1_58' title='bbox 1406 908 1490 936; x_wconf 91' lang='lat' dir='ltr'>non</span> <span class='ocrx_word' id='word_1_59' title='bbox 1523 900 1588 936; x_wconf 86' lang='lat' dir='ltr'>est</span> 
     </span>
     <span class='ocr_line' id='line_1_10' title="bbox 1117 964 1587 1017; baseline 0.011 -11"><span class='ocrx_word' id='word_1_60' title='bbox 1117 964 1281 1017; x_wconf 80' lang='lat' dir='ltr'>Uenus3</span> <span class='ocrx_word' id='word_1_61' title='bbox 1521 979 1587 1011; x_wconf 86' lang='lat'>275</span> 
     </span>
     <span class='ocr_line' id='line_1_11' title="bbox 98 1033 1588 1092; baseline 0.003 -16"><span class='ocrx_word' id='word_1_62' title='bbox 98 1033 220 1077; x_wconf 83' lang='lat' dir='ltr'>Hanc</span> <span class='ocrx_word' id='word_1_63' title='bbox 259 1034 459 1088; x_wconf 86' lang='lat' dir='ltr'>equidem</span> <span class='ocrx_word' id='word_1_64' title='bbox 497 1035 708 1079; x_wconf 82' lang='lat' dir='ltr'>Uenerem</span> <span class='ocrx_word' id='word_1_65' title='bbox 747 1036 1011 1085; x_wconf 79' lang='lat' dir='ltr'>uenerabor,</span> <span class='ocrx_word' id='word_1_66' title='bbox 1058 1051 1123 1078; x_wconf 95' lang='lat' dir='ltr'>me</span> <span class='ocrx_word' id='word_1_67' title='bbox 1163 1042 1211 1078; x_wconf 83' lang='lat' dir='ltr'>ut</span> <span class='ocrx_word' id='word_1_68' title='bbox 1251 1043 1365 1079; x_wconf 83' lang='lat' dir='ltr'>amet</span> <span class='ocrx_word' id='word_1_69' title='bbox 1405 1038 1588 1092; x_wconf 79' lang='lat' dir='ltr'>posthac</span> 
     </span>
     <span class='ocr_line' id='line_1_12' title="bbox 1116 1110 1316 1163; baseline -0.005 -13"><span class='ocrx_word' id='word_1_70' title='bbox 1116 1110 1316 1163; x_wconf 88' lang='lat' dir='ltr'>propitia.</span> 
     </span>
    </p>
   </div>
   <div class='ocr_carea' id='block_1_5' title="bbox 98 1177 953 1326">
    <p class='ocr_par' dir='ltr' id='par_1_5' title="bbox 98 1177 953 1326">
     <span class='ocr_line' id='line_1_13' title="bbox 98 1177 655 1233; baseline 0.002 -13"><span class='ocrx_word' id='word_1_71' title='bbox 98 1177 290 1233; x_wconf 80' lang='lat' dir='ltr'>Milphio,</span> <span class='ocrx_word' id='word_1_72' title='bbox 324 1179 444 1229; x_wconf 89' lang='lat' dir='ltr'>heus,</span> <span class='ocrx_word' id='word_1_73' title='bbox 474 1179 548 1221; x_wconf 92' lang='lat' dir='ltr'>ubi</span> <span class='ocrx_word' id='word_1_74' title='bbox 581 1180 655 1221; x_wconf 70' lang='lat' dir='ltr'>es?</span> 
     </span>
     <span class='ocr_line' id='line_1_14' title="bbox 726 1274 953 1326; baseline 0 -11"><span class='ocrx_word' id='word_1_75' title='bbox 726 1274 953 1326; x_wconf 74' lang='lat' dir='ltr'>DIz&#39;Iphio</span> 
     </span>
    </p>
   </div>
   <div class='ocr_carea' id='block_1_6' title="bbox 561 1346 1129 1400">
    <p class='ocr_par' dir='ltr' id='par_1_6' title="bbox 561 1346 1129 1400">
     <span class='ocr_line' id='line_1_15' title="bbox 561 1346 1129 1400; baseline 0.004 -13"><span class='ocrx_word' id='word_1_76' title='bbox 561 1346 714 1388; x_wconf 82' lang='lat' dir='ltr'>Assum</span> <span class='ocrx_word' id='word_1_77' title='bbox 748 1347 862 1400; x_wconf 85' lang='lat' dir='ltr'>apud</span> <span class='ocrx_word' id='word_1_78' title='bbox 895 1351 937 1388; x_wconf 89' lang='lat' dir='ltr'>te</span> <span class='ocrx_word' id='word_1_79' title='bbox 971 1361 1129 1389; x_wconf 85' lang='lat' dir='ltr'>eccum.</span> 
     </span>
    </p>
   </div>
   <div class='ocr_carea' id='block_1_7' title="bbox 650 1449 1586 1574">
    <p class='ocr_par' dir='ltr' id='par_1_7' title="bbox 650 1449 1586 1574">
     <span class='ocr_line' id='line_1_16' title="bbox 650 1449 1033 1502; baseline 0.003 -12"><span class='ocrx_word' id='word_1_80' title='bbox 650 1449 1033 1502; x_wconf 65' lang='lat' dir='ltr'>Ayorastocles</span> 
     </span>
     <span class='ocr_line' id='line_1_17' title="bbox 1014 1521 1586 1574; baseline 0.003 -12"><span class='ocrx_word' id='word_1_81' title='bbox 1014 1521 1070 1562; x_wconf 87' lang='lat' dir='ltr'>At</span> <span class='ocrx_word' id='word_1_82' title='bbox 1101 1535 1178 1574; x_wconf 87' lang='lat' dir='ltr'>ego</span> <span class='ocrx_word' id='word_1_83' title='bbox 1211 1521 1348 1564; x_wconf 84' lang='lat' dir='ltr'>elixus</span> <span class='ocrx_word' id='word_1_84' title='bbox 1381 1523 1440 1564; x_wconf 86' lang='lat' dir='ltr'>sis</span> <span class='ocrx_word' id='word_1_85' title='bbox 1473 1523 1586 1564; x_wconf 88' lang='lat' dir='ltr'>uolo.</span> 
     </span>
    </p>
   </div>
   <div class='ocr_carea' id='block_1_8' title="bbox 101 1623 959 1745">
    <p class='ocr_par' dir='ltr' id='par_1_8' title="bbox 101 1623 959 1745">
     <span class='ocr_line' id='line_1_18' title="bbox 729 1623 959 1675; baseline 0 -11"><span class='ocrx_word' id='word_1_86' title='bbox 729 1623 787 1664; x_wconf 85' lang='lat' dir='ltr'>M</span> <span class='ocrx_word' id='word_1_87' title='bbox 790 1623 959 1675; x_wconf 73' lang='lat' dir='ltr'>ilplm&#39;o</span> 
     </span>
     <span class='ocr_line' id='line_1_19' title="bbox 101 1693 827 1745; baseline 0 -9"><span class='ocrx_word' id='word_1_88' title='bbox 101 1693 348 1745; x_wconf 89' lang='lat' dir='ltr'>Enimuero,</span> <span class='ocrx_word' id='word_1_89' title='bbox 381 1707 464 1745; x_wconf 85' lang='lat' dir='ltr'>ere,</span> <span class='ocrx_word' id='word_1_90' title='bbox 496 1694 602 1736; x_wconf 85' lang='lat' dir='ltr'>facis</span> <span class='ocrx_word' id='word_1_91' title='bbox 635 1694 827 1737; x_wconf 83' lang='lat' dir='ltr'>delicias.</span> 
     </span>
    </p>
   </div>
   <div class='ocr_carea' id='block_1_9' title="bbox 653 1781 1588 1923">
    <p class='ocr_par' dir='ltr' id='par_1_9' title="bbox 653 1781 1588 1923">
     <span class='ocr_line' id='line_1_20' title="bbox 653 1781 1078 1850; baseline 0.002 -12"><span class='ocrx_word' id='word_1_92' title='bbox 653 1797 1033 1850; x_wconf 73' lang='lat' dir='ltr'>Ayorastoeles</span> <span class='ocrx_word' id='word_1_93' title='bbox 1076 1781 1078 1783; x_wconf 12' lang='lat' dir='ltr'><em>V</em></span> 
     </span>
     <span class='ocr_line' id='line_1_21' title="bbox 734 1869 1588 1923; baseline 0.002 -13"><span class='ocrx_word' id='word_1_94' title='bbox 734 1869 796 1911; x_wconf 94' lang='lat' dir='ltr'>De</span> <span class='ocrx_word' id='word_1_95' title='bbox 828 1874 870 1910; x_wconf 84' lang='lat' dir='ltr'>te</span> <span class='ocrx_word' id='word_1_96' title='bbox 903 1870 1099 1923; x_wconf 86' lang='lat' dir='ltr'>equidem</span> <span class='ocrx_word' id='word_1_97' title='bbox 1130 1869 1238 1911; x_wconf 83' lang='lat' dir='ltr'>haec</span> <span class='ocrx_word' id='word_1_98' title='bbox 1270 1869 1402 1912; x_wconf 90' lang='lat' dir='ltr'>didici</span> <span class='ocrx_word' id='word_1_99' title='bbox 1434 1871 1588 1912; x_wconf 82' lang='lat' dir='ltr'>omnia.</span> 
     </span>
    </p>
   </div>
   <div class='ocr_carea' id='block_1_10' title="bbox 101 1983 1348 2109">
    <p class='ocr_par' dir='ltr' id='par_1_10' title="bbox 101 1983 1348 2109">
     <span class='ocr_line' id='line_1_22' title="bbox 732 1983 960 2035; baseline 0 -11"><span class='ocrx_word' id='word_1_100' title='bbox 732 1983 960 2035; x_wconf 68' lang='lat' dir='ltr'>Milphio</span> 
     </span>
     <span class='ocr_line' id='line_1_23' title="bbox 101 2051 1348 2109; baseline 0.002 -15"><span class='ocrx_word' id='word_1_101' title='bbox 101 2051 299 2095; x_wconf 81' lang='lat' dir='ltr'>Etiamne</span> <span class='ocrx_word' id='word_1_102' title='bbox 331 2058 381 2094; x_wconf 90' lang='lat' dir='ltr'>ut</span> <span class='ocrx_word' id='word_1_103' title='bbox 412 2067 527 2096; x_wconf 84' lang='lat' dir='ltr'>ames</span> <span class='ocrx_word' id='word_1_104' title='bbox 559 2068 663 2102; x_wconf 79' lang='lat' dir='ltr'>eam,</span> <span class='ocrx_word' id='word_1_105' title='bbox 698 2068 827 2108; x_wconf 83' lang='lat' dir='ltr'>quam</span> <span class='ocrx_word' id='word_1_106' title='bbox 858 2069 1093 2109; x_wconf 86' lang='lat' dir='ltr'>numquam</span> <span class='ocrx_word' id='word_1_107' title='bbox 1125 2055 1348 2108; x_wconf 75' lang='lat' dir='ltr'>tetigeris?</span> 
     </span>
    </p>
   </div>
   <div class='ocr_carea' id='block_1_11' title="bbox 101 2172 1592 2432">
    <p class='ocr_par' dir='ltr' id='par_1_11' title="bbox 101 2172 1592 2432">
     <span class='ocr_line' id='line_1_24' title="bbox 655 2172 1033 2224; baseline 0.003 -12"><span class='ocrx_word' id='word_1_108' title='bbox 655 2172 1033 2224; x_wconf 67' lang='lat' dir='ltr'>Assorastocles</span> 
     </span>
     <span class='ocr_line' id='line_1_25' title="bbox 1021 2243 1588 2298; baseline 0.005 -14"><span class='ocrx_word' id='word_1_109' title='bbox 1021 2243 1139 2285; x_wconf 83' lang='lat' dir='ltr'>Nihil</span> <span class='ocrx_word' id='word_1_110' title='bbox 1170 2243 1272 2285; x_wconf 91' lang='lat' dir='ltr'>illuc</span> <span class='ocrx_word' id='word_1_111' title='bbox 1305 2243 1479 2298; x_wconf 90' lang='lat' dir='ltr'>quidem</span> <span class='ocrx_word' id='word_1_112' title='bbox 1509 2250 1588 2287; x_wconf 86' lang='lat' dir='ltr'>est.</span> 
     </span>
     <span class='ocr_line' id='line_1_26' title="bbox 101 2311 1589 2370; baseline 0.001 -15"><span class='ocrx_word' id='word_1_113' title='bbox 101 2311 213 2356; x_wconf 91' lang='lat' dir='ltr'>Deos</span> <span class='ocrx_word' id='word_1_114' title='bbox 245 2328 416 2370; x_wconf 92' lang='lat' dir='ltr'>quoque</span> <span class='ocrx_word' id='word_1_115' title='bbox 448 2315 600 2369; x_wconf 89' lang='lat' dir='ltr'>edepol</span> <span class='ocrx_word' id='word_1_116' title='bbox 633 2320 675 2357; x_wconf 88' lang='lat' dir='ltr'>et</span> <span class='ocrx_word' id='word_1_117' title='bbox 703 2329 797 2357; x_wconf 84' lang='lat' dir='ltr'>amo</span> <span class='ocrx_word' id='word_1_118' title='bbox 825 2321 866 2357; x_wconf 86' lang='lat' dir='ltr'>et</span> <span class='ocrx_word' id='word_1_119' title='bbox 898 2322 1055 2363; x_wconf 84' lang='lat' dir='ltr'>metuo,</span> <span class='ocrx_word' id='word_1_120' title='bbox 1089 2315 1245 2369; x_wconf 81' lang='lat' dir='ltr'>quibus</span> <span class='ocrx_word' id='word_1_121' title='bbox 1278 2329 1356 2369; x_wconf 87' lang='lat' dir='ltr'>ego</span> <span class='ocrx_word' id='word_1_122' title='bbox 1391 2315 1589 2358; x_wconf 85' lang='lat' dir='ltr'>abstineo</span> 
     </span>
     <span class='ocr_line' id='line_1_27' title="bbox 1118 2399 1592 2432; baseline 0.008 -4"><span class='ocrx_word' id='word_1_123' title='bbox 1118 2401 1282 2429; x_wconf 85' lang='lat' dir='ltr'>manus.</span> <span class='ocrx_word' id='word_1_124' title='bbox 1525 2399 1592 2432; x_wconf 77' lang='grc'>280</span> 
     </span>
    </p>
   </div>
   <div class='ocr_carea' id='block_1_12' title="bbox 124 2469 278 2474">
    <p class='ocr_par' dir='ltr' id='par_1_12' title="bbox 124 2469 278 2474">
     <span class='ocr_line' id='line_1_28' title="bbox 124 2469 278 2474; baseline 0 0"><span class='ocrx_word' id='word_1_125' title='bbox 124 2469 278 2474; x_wconf 95' lang='lat' dir='ltr'> </span> 
     </span>
    </p>
   </div>
   <div class='ocr_carea' id='block_1_13' title="bbox 284 2471 397 2475">
    <p class='ocr_par' dir='ltr' id='par_1_13' title="bbox 284 2471 397 2475">
     <span class='ocr_line' id='line_1_29' title="bbox 284 2471 397 2475; baseline 0 0"><span class='ocrx_word' id='word_1_126' title='bbox 284 2471 397 2475; x_wconf 95' lang='lat' dir='ltr'> </span> 
     </span>
    </p>
   </div>
   <div class='ocr_carea' id='block_1_14' title="bbox 191 2524 1589 2570">
    <p class='ocr_par' dir='ltr' id='par_1_14' title="bbox 191 2524 1589 2570">
     <span class='ocr_line' id='line_1_30' title="bbox 191 2524 1589 2570; baseline 0.001 -11"><span class='ocrx_word' id='word_1_127' title='bbox 191 2525 258 2560; x_wconf 94' lang='grc'><strong>270</strong></span> <span class='ocrx_word' id='word_1_128' title='bbox 281 2525 499 2570; x_wconf 86' lang='lat' dir='ltr'>Propidium</span> <span class='ocrx_word' id='word_1_129' title='bbox 528 2524 556 2560; x_wconf 89' lang='lat' dir='ltr'><strong><em>C</em></strong></span> <span class='ocrx_word' id='word_1_130' title='bbox 663 2537 740 2560; x_wconf 88' lang='lat' dir='ltr'>earn</span> <span class='ocrx_word' id='word_1_131' title='bbox 769 2526 846 2570; x_wconf 82' lang='lat' dir='ltr'>ipse</span> <span class='ocrx_word' id='word_1_132' title='bbox 951 2525 1159 2561; x_wconf 86' lang='lat' dir='ltr'>ductitenet</span> <span class='ocrx_word' id='word_1_133' title='bbox 1184 2525 1219 2560; x_wconf 92' lang='grc' dir='ltr'><strong><em>Β</em></strong></span> <span class='ocrx_word' id='word_1_134' title='bbox 1324 2527 1388 2560; x_wconf 90' lang='grc'><strong>271</strong></span> <span class='ocrx_word' id='word_1_135' title='bbox 1416 2525 1464 2560; x_wconf 90' lang='lat' dir='ltr'>Et</span> <span class='ocrx_word' id='word_1_136' title='bbox 1488 2537 1589 2561; x_wconf 91' lang='lat' dir='ltr'>mon·</span> 
     </span>
    </p>
   </div>
   <div class='ocr_carea' id='block_1_15' title="bbox 101 2581 1590 2797">
    <p class='ocr_par' dir='ltr' id='par_1_15' title="bbox 101 2581 1590 2741">
     <span class='ocr_line' id='line_1_31' title="bbox 102 2581 1589 2626; baseline 0.003 -12"><span class='ocrx_word' id='word_1_137' title='bbox 102 2583 218 2615; x_wconf 73' lang='lat' dir='ltr'>strum</span> <span class='ocrx_word' id='word_1_138' title='bbox 244 2581 273 2616; x_wconf 83' lang='lat' dir='ltr'><strong><em>C</em></strong></span> <span class='ocrx_word' id='word_1_139' title='bbox 381 2583 447 2616; x_wconf 91' lang='grc'><strong>272</strong></span> <span class='ocrx_word' id='word_1_140' title='bbox 473 2582 612 2626; x_wconf 82' lang='lat' dir='ltr'>Quouis</span> <span class='ocrx_word' id='word_1_141' title='bbox 639 2582 667 2617; x_wconf 87' lang='lat' dir='ltr'><em>C</em></span> <span class='ocrx_word' id='word_1_142' title='bbox 775 2583 910 2618; x_wconf 88' lang='lat' dir='ltr'>nebula</span> <span class='ocrx_word' id='word_1_143' title='bbox 935 2583 1078 2617; x_wconf 84' lang='lat' dir='ltr'>ciratho</span> <span class='ocrx_word' id='word_1_144' title='bbox 1104 2582 1140 2617; x_wconf 92' lang='lat' dir='ltr'><strong><em>B</em></strong></span> <span class='ocrx_word' id='word_1_145' title='bbox 1251 2594 1324 2616; x_wconf 92' lang='lat' dir='ltr'>uno</span> <span class='ocrx_word' id='word_1_146' title='bbox 1350 2593 1415 2618; x_wconf 86' lang='lat' dir='ltr'>om.</span> <span class='ocrx_word' id='word_1_147' title='bbox 1523 2584 1589 2618; x_wconf 83' lang='lat'>273</span> 
     </span>
     <span class='ocr_line' id='line_1_32' title="bbox 101 2635 1590 2675; baseline 0.003 -5"><span class='ocrx_word' id='word_1_148' title='bbox 101 2635 162 2671; x_wconf 87' lang='lat' dir='ltr'>Dii</span> <span class='ocrx_word' id='word_1_149' title='bbox 185 2639 362 2674; x_wconf 78' lang='lat' dir='ltr'>mortales</span> <span class='ocrx_word' id='word_1_150' title='bbox 387 2638 423 2674; x_wconf 98' lang='grc' dir='ltr'><strong><em>Β</em></strong></span> <span class='ocrx_word' id='word_1_151' title='bbox 533 2641 599 2673; x_wconf 85' lang='grc'><strong>274</strong></span> <span class='ocrx_word' id='word_1_152' title='bbox 624 2639 852 2673; x_wconf 86' lang='lat' dir='ltr'>immortales</span> <span class='ocrx_word' id='word_1_153' title='bbox 878 2639 914 2674; x_wconf 93' lang='grc' dir='ltr'><strong><em>Β</em></strong></span> <span class='ocrx_word' id='word_1_154' title='bbox 1025 2641 1090 2673; x_wconf 85' lang='grc'><strong>276</strong></span> <span class='ocrx_word' id='word_1_155' title='bbox 1115 2651 1173 2674; x_wconf 87' lang='lat' dir='ltr'>me</span> <span class='ocrx_word' id='word_1_156' title='bbox 1199 2650 1264 2674; x_wconf 89' lang='lat' dir='ltr'>om.</span> <span class='ocrx_word' id='word_1_157' title='bbox 1292 2638 1322 2675; x_wconf 82' lang='grc' dir='ltr'><em>Ο</em></span> <span class='ocrx_word' id='word_1_158' title='bbox 1429 2644 1527 2674; x_wconf 83' lang='lat' dir='ltr'>amet</span> <span class='ocrx_word' id='word_1_159' title='bbox 1553 2645 1590 2674; x_wconf 83' lang='lat' dir='ltr'>at</span> 
     </span>
     <span class='ocr_line' id='line_1_33' title="bbox 101 2693 1515 2741; baseline 0.003 -13"><span class='ocrx_word' id='word_1_160' title='bbox 101 2693 239 2737; x_wconf 78' lang='lat' dir='ltr'>poshac</span> <span class='ocrx_word' id='word_1_161' title='bbox 332 2697 398 2730; x_wconf 92' lang='grc'>277</span> <span class='ocrx_word' id='word_1_162' title='bbox 423 2696 578 2741; x_wconf 88' lang='lat' dir='ltr'>Milphio</span> <span class='ocrx_word' id='word_1_163' title='bbox 603 2695 695 2731; x_wconf 88' lang='lat' dir='ltr'>heus</span> <span class='ocrx_word' id='word_1_164' title='bbox 721 2696 877 2740; x_wconf 88' lang='lat' dir='ltr'>Milphio</span> <span class='ocrx_word' id='word_1_165' title='bbox 967 2695 1094 2730; x_wconf 82' lang='lat' dir='ltr'>adsum</span> <span class='ocrx_word' id='word_1_166' title='bbox 1185 2697 1250 2730; x_wconf 90' lang='grc'><strong>278</strong></span> <span class='ocrx_word' id='word_1_167' title='bbox 1276 2696 1373 2730; x_wconf 87' lang='lat' dir='ltr'>enim</span> <span class='ocrx_word' id='word_1_168' title='bbox 1399 2707 1458 2730; x_wconf 86' lang='lat' dir='ltr'>ere</span> <span class='ocrx_word' id='word_1_169' title='bbox 1485 2695 1515 2732; x_wconf 85' lang='lat' dir='ltr'><strong><em>G</em></strong></span> 
     </span>
    </p>

    <p class='ocr_par' dir='ltr' id='par_1_16' title="bbox 103 2750 1589 2797">
     <span class='ocr_line' id='line_1_34' title="bbox 103 2750 1589 2797; baseline 0.002 -13"><span class='ocrx_word' id='word_1_170' title='bbox 103 2750 250 2794; x_wconf 87' lang='lat' dir='ltr'>quidem</span> <span class='ocrx_word' id='word_1_171' title='bbox 377 2754 444 2788; x_wconf 89' lang='grc'><strong>278</strong></span> <span class='ocrx_word' id='word_1_172' title='bbox 468 2764 517 2797; x_wconf 75' lang='lat' dir='ltr'>sq.</span> <span class='ocrx_word' id='word_1_173' title='bbox 545 2754 669 2787; x_wconf 82' lang='lat' dir='ltr'>omnia</span> <span class='ocrx_word' id='word_1_174' title='bbox 685 2781 690 2786; x_wconf 91' lang='lat'><strong><em>.</em></strong></span> <span class='ocrx_word' id='word_1_175' title='bbox 707 2753 842 2787; x_wconf 89' lang='lat' dir='ltr'>..illuc</span> <span class='ocrx_word' id='word_1_176' title='bbox 869 2763 934 2788; x_wconf 89' lang='lat' dir='ltr'>om.</span> <span class='ocrx_word' id='word_1_177' title='bbox 960 2753 996 2787; x_wconf 92' lang='lat' dir='ltr'><em>B</em></span> <span class='ocrx_word' id='word_1_178' title='bbox 1132 2754 1198 2788; x_wconf 81' lang='lat'>279</span> <span class='ocrx_word' id='word_1_179' title='bbox 1223 2753 1316 2787; x_wconf 88' lang='lat' dir='ltr'>nihil</span> <span class='ocrx_word' id='word_1_180' title='bbox 1342 2752 1417 2787; x_wconf 88' lang='lat' dir='ltr'>illic</span> <span class='ocrx_word' id='word_1_181' title='bbox 1442 2753 1589 2797; x_wconf 87' lang='lat' dir='ltr'>quidem</span> 
     </span>
    </p>
   </div>
   <div class='ocr_carea' id='block_1_16' title="bbox 102 2806 1230 2854">
    <p class='ocr_par' dir='ltr' id='par_1_17' title="bbox 102 2806 1230 2854">
     <span class='ocr_line' id='line_1_35' title="bbox 102 2806 1230 2854; baseline 0.004 -15"><span class='ocrx_word' id='word_1_182' title='bbox 102 2809 137 2840; x_wconf 79' lang='lat' dir='ltr'>st</span> <span class='ocrx_word' id='word_1_183' title='bbox 160 2806 189 2841; x_wconf 85' lang='lat'><em>0</em></span> <span class='ocrx_word' id='word_1_184' title='bbox 276 2809 344 2844; x_wconf 83' lang='grc'>280</span> <span class='ocrx_word' id='word_1_185' title='bbox 370 2809 502 2854; x_wconf 88' lang='lat' dir='ltr'>edepol</span> <span class='ocrx_word' id='word_1_186' title='bbox 528 2814 569 2844; x_wconf 87' lang='lat' dir='ltr'>ut</span> <span class='ocrx_word' id='word_1_187' title='bbox 593 2821 673 2845; x_wconf 79' lang='lat' dir='ltr'>ame</span> <span class='ocrx_word' id='word_1_188' title='bbox 701 2809 730 2845; x_wconf 79' lang='lat' dir='ltr'><strong><em>G</em></strong></span> <span class='ocrx_word' id='word_1_189' title='bbox 819 2821 887 2853; x_wconf 86' lang='lat' dir='ltr'>ego</span> <span class='ocrx_word' id='word_1_190' title='bbox 914 2814 1038 2844; x_wconf 82' lang='lat' dir='ltr'>tamen</span> <span class='ocrx_word' id='word_1_191' title='bbox 1063 2810 1230 2844; x_wconf 80' lang='lat' dir='ltr'>abstineo</span> 
     </span>
    </p>
   </div>
  </div>
 </body>
</html>
