<?xml version="1.0" encoding="UTF-8"?>
<!DOCTYPE html PUBLIC "-//W3C//DTD XHTML 1.0 Transitional//EN"
    "http://www.w3.org/TR/xhtml1/DTD/xhtml1-transitional.dtd">
<html xmlns="http://www.w3.org/1999/xhtml" xml:lang="en" lang="en">
 <head>
  <title>
</title>
<meta http-equiv="Content-Type" content="text/html;charset=utf-8" />
  <meta name='ocr-system' content='tesseract 3.04.00' />
  <meta name='ocr-capabilities' content='ocr_page ocr_carea ocr_par ocr_line ocrx_word'/>
</head>
<body>
  <div class='ocr_page' id='page_1' title='image "./comoediaerecensu04plauuoft_0551.png"; bbox 0 0 1963 3243; ppageno 0'>
   <div class='ocr_carea' id='block_1_1' title="bbox 0 2133 67 3243">
    <p class='ocr_par' dir='ltr' id='par_1_1' title="bbox 0 2133 67 3243">
     <span class='ocr_line' id='line_1_1' title="bbox 0 2133 67 3243; baseline 0 0"><span class='ocrx_word' id='word_1_1' title='bbox 0 2133 67 3243; x_wconf 95' lang='lat' dir='ltr'> </span> 
     </span>
    </p>
   </div>
   <div class='ocr_carea' id='block_1_2' title="bbox 107 235 1602 672">
    <p class='ocr_par' dir='ltr' id='par_1_2' title="bbox 107 235 1602 672">
     <span class='ocr_line' id='line_1_2' title="bbox 107 235 1594 281; baseline -0.002 -9"><span class='ocrx_word' id='word_1_2' title='bbox 107 235 150 281; x_wconf 81' lang='lat' dir='ltr'>V,</span> <span class='ocrx_word' id='word_1_3' title='bbox 172 238 205 279; x_wconf 78' lang='lat'>2,</span> <span class='ocrx_word' id='word_1_4' title='bbox 228 236 360 272; x_wconf 82' lang='lat'>32-41</span> <span class='ocrx_word' id='word_1_5' title='bbox 758 235 958 271; x_wconf 81' lang='lat' dir='ltr'><strong>Poenulus.</strong></span> <span class='ocrx_word' id='word_1_6' title='bbox 1520 243 1594 281; x_wconf 75' lang='lat'>181</span> 
     </span>
     <span class='ocr_line' id='line_1_3' title="bbox 651 361 1040 414; baseline 0.005 -12"><span class='ocrx_word' id='word_1_7' title='bbox 651 361 1040 414; x_wconf 80' lang='lat' dir='ltr'>Agorastocles</span> 
     </span>
     <span class='ocr_line' id='line_1_4' title="bbox 108 432 1209 487; baseline -0.001 -11"><span class='ocrx_word' id='word_1_8' title='bbox 108 434 188 477; x_wconf 87' lang='lat' dir='ltr'>Adi</span> <span class='ocrx_word' id='word_1_9' title='bbox 220 438 351 486; x_wconf 81' lang='lat' dir='ltr'>atque</span> <span class='ocrx_word' id='word_1_10' title='bbox 383 432 572 487; x_wconf 88' lang='lat' dir='ltr'>adpella,</span> <span class='ocrx_word' id='word_1_11' title='bbox 604 432 709 487; x_wconf 87' lang='lat' dir='ltr'>quid</span> <span class='ocrx_word' id='word_1_12' title='bbox 741 432 860 483; x_wconf 86' lang='lat' dir='ltr'>uelit,</span> <span class='ocrx_word' id='word_1_13' title='bbox 893 433 997 487; x_wconf 90' lang='lat' dir='ltr'>quid</span> <span class='ocrx_word' id='word_1_14' title='bbox 1028 434 1209 484; x_wconf 80' lang='lat' dir='ltr'>uenerit,</span> 
     </span>
     <span class='ocr_line' id='line_1_5' title="bbox 108 504 1602 559; baseline -0.001 -12"><span class='ocrx_word' id='word_1_15' title='bbox 108 505 190 557; x_wconf 88' lang='lat' dir='ltr'>Qui</span> <span class='ocrx_word' id='word_1_16' title='bbox 221 505 290 555; x_wconf 87' lang='lat' dir='ltr'>sit,</span> <span class='ocrx_word' id='word_1_17' title='bbox 322 505 527 558; x_wconf 87' lang='lat' dir='ltr'>quoiatis,</span> <span class='ocrx_word' id='word_1_18' title='bbox 560 504 674 546; x_wconf 91' lang='lat' dir='ltr'>unde</span> <span class='ocrx_word' id='word_1_19' title='bbox 705 504 781 556; x_wconf 83' lang='lat' dir='ltr'>sit3</span> <span class='ocrx_word' id='word_1_20' title='bbox 811 518 863 546; x_wconf 89' lang='lat' dir='ltr'>ne</span> <span class='ocrx_word' id='word_1_21' title='bbox 896 506 1097 559; x_wconf 85' lang='lat' dir='ltr'>parseris.</span> <span class='ocrx_word' id='word_1_22' title='bbox 1535 518 1602 552; x_wconf 86' lang='lat'>990</span> 
     </span>
     <span class='ocr_line' id='line_1_6' title="bbox 742 617 968 672; baseline 0.009 -14"><span class='ocrx_word' id='word_1_23' title='bbox 742 617 968 672; x_wconf 86' lang='lat' dir='ltr'>Milphio</span> 
     </span>
    </p>
   </div>
   <div class='ocr_carea' id='block_1_3' title="bbox 106 689 1155 744">
    <p class='ocr_par' dir='ltr' id='par_1_3' title="bbox 106 689 1155 744">
     <span class='ocr_line' id='line_1_7' title="bbox 106 689 1155 744; baseline -0.002 -12"><span class='ocrx_word' id='word_1_24' title='bbox 106 691 211 733; x_wconf 87' lang='lat' dir='ltr'>Auo.</span> <span class='ocrx_word' id='word_1_25' title='bbox 274 690 485 740; x_wconf 83' lang='lat' dir='ltr'>Quoiates</span> <span class='ocrx_word' id='word_1_26' title='bbox 517 690 624 731; x_wconf 89' lang='lat' dir='ltr'>estis</span> <span class='ocrx_word' id='word_1_27' title='bbox 657 694 733 731; x_wconf 89' lang='lat' dir='ltr'>aut</span> <span class='ocrx_word' id='word_1_28' title='bbox 764 703 850 742; x_wconf 90' lang='lat' dir='ltr'>quo</span> <span class='ocrx_word' id='word_1_29' title='bbox 882 703 933 731; x_wconf 88' lang='lat' dir='ltr'>ex</span> <span class='ocrx_word' id='word_1_30' title='bbox 965 689 1155 744; x_wconf 78' lang='lat' dir='ltr'>oppido?</span> 
     </span>
    </p>
   </div>
   <div class='ocr_carea' id='block_1_4' title="bbox 106 803 1205 931">
    <p class='ocr_par' dir='ltr' id='par_1_4' title="bbox 106 803 1205 931">
     <span class='ocr_line' id='line_1_8' title="bbox 759 803 946 845; baseline 0 -1"><span class='ocrx_word' id='word_1_31' title='bbox 759 803 946 845; x_wconf 88' lang='lat' dir='ltr'>Hanno</span> 
     </span>
     <span class='ocr_line' id='line_1_9' title="bbox 106 873 1205 931; baseline -0.004 -13"><span class='ocrx_word' id='word_1_32' title='bbox 106 877 228 918; x_wconf 91' lang='lat' dir='ltr'>Anno</span> <span class='ocrx_word' id='word_1_33' title='bbox 260 876 344 931; x_wconf 88' lang='lat' dir='ltr'>byn</span> <span class='ocrx_word' id='word_1_34' title='bbox 377 873 651 918; x_wconf 86' lang='lat' dir='ltr'>muthumbal</span> <span class='ocrx_word' id='word_1_35' title='bbox 681 874 722 916; x_wconf 92' lang='lat' dir='ltr'>le</span> <span class='ocrx_word' id='word_1_36' title='bbox 753 874 894 916; x_wconf 83' lang='lat' dir='ltr'>becha</span> <span class='ocrx_word' id='word_1_37' title='bbox 925 875 1025 917; x_wconf 81' lang='lat' dir='ltr'>edre</span> <span class='ocrx_word' id='word_1_38' title='bbox 1058 875 1205 918; x_wconf 88' lang='lat' dir='ltr'>anech.</span> 
     </span>
    </p>
   </div>
   <div class='ocr_carea' id='block_1_5' title="bbox 107 989 1195 1331">
    <p class='ocr_par' dir='ltr' id='par_1_5' title="bbox 107 989 1195 1331">
     <span class='ocr_line' id='line_1_10' title="bbox 658 989 1045 1042; baseline 0.003 -12"><span class='ocrx_word' id='word_1_39' title='bbox 658 989 1045 1042; x_wconf 75' lang='lat' dir='ltr'>Agorastocles</span> 
     </span>
     <span class='ocr_line' id='line_1_11' title="bbox 107 1062 344 1113; baseline -0.004 -9"><span class='ocrx_word' id='word_1_40' title='bbox 107 1062 221 1113; x_wconf 86' lang='lat' dir='ltr'>Quid</span> <span class='ocrx_word' id='word_1_41' title='bbox 253 1062 344 1104; x_wconf 85' lang='lat' dir='ltr'>ait‘?</span> 
     </span>
     <span class='ocr_line' id='line_1_12' title="bbox 734 1131 962 1186; baseline 0.004 -13"><span class='ocrx_word' id='word_1_42' title='bbox 734 1131 962 1186; x_wconf 86' lang='lat' dir='ltr'>Milphio</span> 
     </span>
     <span class='ocr_line' id='line_1_13' title="bbox 409 1203 1195 1258; baseline 0 -12"><span class='ocrx_word' id='word_1_43' title='bbox 409 1204 665 1246; x_wconf 84' lang='lat' dir='ltr'>Hannonem</span> <span class='ocrx_word' id='word_1_44' title='bbox 697 1218 790 1246; x_wconf 85' lang='lat' dir='ltr'>sese</span> <span class='ocrx_word' id='word_1_45' title='bbox 823 1205 886 1245; x_wconf 89' lang='lat' dir='ltr'>ait</span> <span class='ocrx_word' id='word_1_46' title='bbox 919 1203 1195 1258; x_wconf 81' lang='lat' dir='ltr'>Carthagine,</span> 
     </span>
     <span class='ocr_line' id='line_1_14' title="bbox 108 1275 1017 1331; baseline -0.002 -12"><span class='ocrx_word' id='word_1_47' title='bbox 108 1277 479 1331; x_wconf 81' lang='lat' dir='ltr'>Carthaginiensis</span> <span class='ocrx_word' id='word_1_48' title='bbox 509 1275 840 1318; x_wconf 88' lang='lat' dir='ltr'>Muthumballis</span> <span class='ocrx_word' id='word_1_49' title='bbox 871 1276 1017 1318; x_wconf 84' lang='lat' dir='ltr'>filium.</span> 
     </span>
    </p>
   </div>
   <div class='ocr_carea' id='block_1_6' title="bbox 106 1378 967 1792">
    <p class='ocr_par' dir='ltr' id='par_1_6' title="bbox 106 1378 967 1792">
     <span class='ocr_line' id='line_1_15' title="bbox 765 1378 948 1420; baseline 0.005 -1"><span class='ocrx_word' id='word_1_50' title='bbox 765 1378 948 1420; x_wconf 90' lang='lat' dir='ltr'>Hanno</span> 
     </span>
     <span class='ocr_line' id='line_1_16' title="bbox 106 1452 198 1493; baseline 0 0"><span class='ocrx_word' id='word_1_51' title='bbox 106 1452 198 1493; x_wconf 89' lang='lat' dir='ltr'>Auo</span> 
     </span>
     <span class='ocr_line' id='line_1_17' title="bbox 735 1521 967 1577; baseline 0.004 -14"><span class='ocrx_word' id='word_1_52' title='bbox 735 1521 779 1563; x_wconf 90' lang='lat' dir='ltr'>M</span> <span class='ocrx_word' id='word_1_53' title='bbox 791 1523 804 1563; x_wconf 92' lang='lat' dir='ltr'>i</span> <span class='ocrx_word' id='word_1_54' title='bbox 815 1522 828 1563; x_wconf 95' lang='lat' dir='ltr'>l</span> <span class='ocrx_word' id='word_1_55' title='bbox 839 1537 865 1577; x_wconf 92' lang='lat' dir='ltr'>p</span> <span class='ocrx_word' id='word_1_56' title='bbox 880 1522 907 1563; x_wconf 89' lang='lat' dir='ltr'>h</span> <span class='ocrx_word' id='word_1_57' title='bbox 920 1523 967 1564; x_wconf 91' lang='lat' dir='ltr'>io</span> 
     </span>
     <span class='ocr_line' id='line_1_18' title="bbox 277 1593 460 1637; baseline -0.005 0"><span class='ocrx_word' id='word_1_58' title='bbox 277 1593 460 1637; x_wconf 82' lang='lat' dir='ltr'>Salutat.</span> 
     </span>
     <span class='ocr_line' id='line_1_19' title="bbox 759 1677 942 1719; baseline 0.005 -1"><span class='ocrx_word' id='word_1_59' title='bbox 759 1677 942 1719; x_wconf 87' lang='lat' dir='ltr'>Hanno</span> 
     </span>
     <span class='ocr_line' id='line_1_20' title="bbox 521 1749 675 1792; baseline 0 -1"><span class='ocrx_word' id='word_1_60' title='bbox 521 1749 675 1792; x_wconf 89' lang='lat' dir='ltr'>Donni.</span> 
     </span>
    </p>
   </div>
   <div class='ocr_carea' id='block_1_7' title="bbox 107 1863 1602 2062">
    <p class='ocr_par' dir='ltr' id='par_1_7' title="bbox 107 1863 1602 2062">
     <span class='ocr_line' id='line_1_21' title="bbox 742 1863 969 1918; baseline 0.004 -13"><span class='ocrx_word' id='word_1_61' title='bbox 742 1863 969 1918; x_wconf 86' lang='lat' dir='ltr'>Milphio</span> 
     </span>
     <span class='ocr_line' id='line_1_22' title="bbox 718 1936 1602 1982; baseline 0.005 -5"><span class='ocrx_word' id='word_1_62' title='bbox 718 1936 830 1978; x_wconf 91' lang='lat' dir='ltr'>Doni</span> <span class='ocrx_word' id='word_1_63' title='bbox 861 1936 955 1978; x_wconf 88' lang='lat' dir='ltr'>uolt</span> <span class='ocrx_word' id='word_1_64' title='bbox 984 1936 1066 1978; x_wconf 85' lang='lat' dir='ltr'>tibi</span> <span class='ocrx_word' id='word_1_65' title='bbox 1536 1947 1602 1982; x_wconf 87' lang='lat'>995</span> 
     </span>
     <span class='ocr_line' id='line_1_23' title="bbox 107 2006 1161 2062; baseline 0.001 -15"><span class='ocrx_word' id='word_1_66' title='bbox 107 2006 221 2049; x_wconf 90' lang='lat' dir='ltr'>Dare</span> <span class='ocrx_word' id='word_1_67' title='bbox 252 2006 322 2049; x_wconf 92' lang='lat' dir='ltr'>hic</span> <span class='ocrx_word' id='word_1_68' title='bbox 351 2007 498 2049; x_wconf 88' lang='lat' dir='ltr'>nescio</span> <span class='ocrx_word' id='word_1_69' title='bbox 530 2007 655 2062; x_wconf 74' lang='lat' dir='ltr'>quic13</span> <span class='ocrx_word' id='word_1_70' title='bbox 687 2007 820 2049; x_wconf 82' lang='lat' dir='ltr'>audin</span> <span class='ocrx_word' id='word_1_71' title='bbox 853 2008 1161 2062; x_wconf 83' lang='lat' dir='ltr'>pollicitarier‘?</span> 
     </span>
    </p>
   </div>
   <div class='ocr_carea' id='block_1_8' title="bbox 107 2122 1118 2235">
    <p class='ocr_par' dir='ltr' id='par_1_8' title="bbox 107 2122 1118 2235">
     <span class='ocr_line' id='line_1_24' title="bbox 193 2122 1045 2181; baseline 0.002 -20"><span class='ocrx_word' id='word_1_72' title='bbox 193 2179 195 2181; x_wconf 24' lang='grc'>-</span> <span class='ocrx_word' id='word_1_73' title='bbox 661 2122 1045 2174; x_wconf 86' lang='lat' dir='ltr'>Agorastocles</span> 
     </span>
     <span class='ocr_line' id='line_1_25' title="bbox 107 2191 1118 2235; baseline 0.002 -2"><span class='ocrx_word' id='word_1_74' title='bbox 107 2191 261 2234; x_wconf 84' lang='lat' dir='ltr'>Saluta</span> <span class='ocrx_word' id='word_1_75' title='bbox 290 2191 404 2234; x_wconf 91' lang='lat' dir='ltr'>hunc</span> <span class='ocrx_word' id='word_1_76' title='bbox 435 2206 586 2235; x_wconf 88' lang='lat' dir='ltr'>rursus</span> <span class='ocrx_word' id='word_1_77' title='bbox 617 2192 789 2235; x_wconf 90' lang='lat' dir='ltr'>Poenice</span> <span class='ocrx_word' id='word_1_78' title='bbox 821 2193 968 2235; x_wconf 91' lang='lat' dir='ltr'>uerbis</span> <span class='ocrx_word' id='word_1_79' title='bbox 999 2194 1118 2235; x_wconf 85' lang='lat' dir='ltr'>meis.</span> 
     </span>
    </p>
   </div>
   <div class='ocr_carea' id='block_1_9' title="bbox 106 2305 1077 2432">
    <p class='ocr_par' dir='ltr' id='par_1_9' title="bbox 106 2305 1077 2432">
     <span class='ocr_line' id='line_1_26' title="bbox 743 2305 968 2360; baseline 0.004 -13"><span class='ocrx_word' id='word_1_80' title='bbox 743 2305 968 2360; x_wconf 89' lang='lat' dir='ltr'>Milphio</span> 
     </span>
     <span class='ocr_line' id='line_1_27' title="bbox 106 2377 1077 2432; baseline 0 -13"><span class='ocrx_word' id='word_1_81' title='bbox 106 2378 200 2420; x_wconf 90' lang='lat' dir='ltr'>Auo</span> <span class='ocrx_word' id='word_1_82' title='bbox 233 2377 378 2428; x_wconf 86' lang='lat' dir='ltr'>donni,</span> <span class='ocrx_word' id='word_1_83' title='bbox 410 2378 553 2432; x_wconf 90' lang='lat' dir='ltr'>inquit</span> <span class='ocrx_word' id='word_1_84' title='bbox 582 2377 653 2420; x_wconf 92' lang='lat' dir='ltr'>hic</span> <span class='ocrx_word' id='word_1_85' title='bbox 683 2378 764 2420; x_wconf 89' lang='lat' dir='ltr'>tibi</span> <span class='ocrx_word' id='word_1_86' title='bbox 796 2378 944 2420; x_wconf 85' lang='lat' dir='ltr'>uerbis</span> <span class='ocrx_word' id='word_1_87' title='bbox 977 2379 1077 2421; x_wconf 88' lang='lat' dir='ltr'>suis.</span> 
     </span>
    </p>
   </div>
   <div class='ocr_carea' id='block_1_10' title="bbox 110 2483 320 2486">
    <p class='ocr_par' dir='ltr' id='par_1_10' title="bbox 110 2483 320 2486">
     <span class='ocr_line' id='line_1_28' title="bbox 110 2483 320 2486; baseline 0 0"><span class='ocrx_word' id='word_1_88' title='bbox 110 2483 320 2486; x_wconf 95' lang='lat' dir='ltr'> </span> 
     </span>
    </p>
   </div>
   <div class='ocr_carea' id='block_1_11' title="bbox 107 2528 1606 2855">
    <p class='ocr_par' dir='ltr' id='par_1_11' title="bbox 107 2528 1606 2630">
     <span class='ocr_line' id='line_1_29' title="bbox 195 2528 1599 2574; baseline -0.001 -10"><span class='ocrx_word' id='word_1_89' title='bbox 195 2529 261 2564; x_wconf 82' lang='lat'>989</span> <span class='ocrx_word' id='word_1_90' title='bbox 286 2529 360 2564; x_wconf 78' lang='lat' dir='ltr'>aeli</span> <span class='ocrx_word' id='word_1_91' title='bbox 384 2529 420 2564; x_wconf 93' lang='grc' dir='ltr'><strong><em>Β</em></strong></span> <span class='ocrx_word' id='word_1_92' title='bbox 565 2530 634 2564; x_wconf 85' lang='grc'>990</span> <span class='ocrx_word' id='word_1_93' title='bbox 659 2541 732 2573; x_wconf 89' lang='lat' dir='ltr'>quo</span> <span class='ocrx_word' id='word_1_94' title='bbox 758 2529 856 2574; x_wconf 87' lang='lat' dir='ltr'>patis</span> <span class='ocrx_word' id='word_1_95' title='bbox 992 2529 1146 2574; x_wconf 83' lang='lat' dir='ltr'>parleris</span> <span class='ocrx_word' id='word_1_96' title='bbox 1281 2529 1352 2571; x_wconf 47' lang='lat'>,991</span> <span class='ocrx_word' id='word_1_97' title='bbox 1381 2528 1541 2572; x_wconf 80' lang='lat' dir='ltr'>quoiatis</span> <span class='ocrx_word' id='word_1_98' title='bbox 1555 2528 1599 2568; x_wconf 83' lang='lat' dir='ltr'>A,</span> 
     </span>
     <span class='ocr_line' id='line_1_30' title="bbox 107 2583 1606 2630; baseline -0.001 -9"><span class='ocrx_word' id='word_1_99' title='bbox 107 2597 180 2630; x_wconf 89' lang='lat' dir='ltr'>quo</span> <span class='ocrx_word' id='word_1_100' title='bbox 205 2586 296 2622; x_wconf 84' lang='lat' dir='ltr'>lates</span> <span class='ocrx_word' id='word_1_101' title='bbox 321 2585 390 2621; x_wconf 85' lang='lat' dir='ltr'>BC</span> <span class='ocrx_word' id='word_1_102' title='bbox 526 2586 632 2622; x_wconf 84' lang='lat' dir='ltr'>testis</span> <span class='ocrx_word' id='word_1_103' title='bbox 659 2589 722 2620; x_wconf 84' lang='lat' dir='ltr'>aut</span> <span class='ocrx_word' id='word_1_104' title='bbox 753 2597 825 2630; x_wconf 88' lang='lat' dir='ltr'>quo</span> <span class='ocrx_word' id='word_1_105' title='bbox 847 2598 891 2621; x_wconf 84' lang='lat' dir='ltr'>ex</span> <span class='ocrx_word' id='word_1_106' title='bbox 916 2585 1103 2630; x_wconf 86' lang='lat' dir='ltr'>quoppido</span> <span class='ocrx_word' id='word_1_107' title='bbox 1122 2583 1159 2619; x_wconf 92' lang='lat' dir='ltr'><strong><em>B</em></strong></span> <span class='ocrx_word' id='word_1_108' title='bbox 1287 2586 1354 2620; x_wconf 84' lang='lat'>992</span> <span class='ocrx_word' id='word_1_109' title='bbox 1377 2585 1511 2619; x_wconf 88' lang='lat' dir='ltr'>Annon</span> <span class='ocrx_word' id='word_1_110' title='bbox 1536 2583 1606 2621; x_wconf 81' lang='lat' dir='ltr'>Bc</span> 
     </span>
    </p>

    <p class='ocr_par' dir='ltr' id='par_1_12' title="bbox 107 2631 1606 2855">
     <span class='ocr_line' id='line_1_31' title="bbox 196 2631 1605 2687; baseline -0.001 -9"><span class='ocrx_word' id='word_1_111' title='bbox 196 2631 279 2687; x_wconf 32' lang='lat' dir='ltr'>byn(</span> <span class='ocrx_word' id='word_1_112' title='bbox 297 2653 363 2678; x_wconf 87' lang='lat' dir='ltr'>om.</span> <span class='ocrx_word' id='word_1_113' title='bbox 389 2641 460 2678; x_wconf 81' lang='lat' dir='ltr'>Bc</span> <span class='ocrx_word' id='word_1_114' title='bbox 574 2643 805 2687; x_wconf 81' lang='lat' dir='ltr'>mythymbal</span> <span class='ocrx_word' id='word_1_115' title='bbox 828 2642 864 2676; x_wconf 83' lang='lat' dir='ltr'><strong><em>A</em></strong></span> <span class='ocrx_word' id='word_1_116' title='bbox 980 2642 1069 2676; x_wconf 90' lang='lat' dir='ltr'>edee</span> <span class='ocrx_word' id='word_1_117' title='bbox 1096 2641 1214 2676; x_wconf 88' lang='lat' dir='ltr'>anech</span> <span class='ocrx_word' id='word_1_118' title='bbox 1240 2640 1284 2685; x_wconf 89' lang='lat' dir='ltr'>B,</span> <span class='ocrx_word' id='word_1_119' title='bbox 1320 2641 1406 2676; x_wconf 87' lang='lat' dir='ltr'>edre</span> <span class='ocrx_word' id='word_1_120' title='bbox 1431 2641 1549 2676; x_wconf 78' lang='lat' dir='ltr'>anehc</span> <span class='ocrx_word' id='word_1_121' title='bbox 1576 2641 1605 2677; x_wconf 85' lang='grc' dir='ltr'><em>Ο</em></span> 
     </span>
     <span class='ocr_line' id='line_1_32' title="bbox 107 2697 1603 2744; baseline -0.001 -10"><span class='ocrx_word' id='word_1_122' title='bbox 107 2699 174 2734; x_wconf 82' lang='grc'>994</span> <span class='ocrx_word' id='word_1_123' title='bbox 198 2698 519 2744; x_wconf 81' lang='lat' dir='ltr'>Carthaginienses</span> <span class='ocrx_word' id='word_1_124' title='bbox 533 2698 580 2740; x_wconf 83' lang='lat' dir='ltr'>B,</span> <span class='ocrx_word' id='word_1_125' title='bbox 607 2699 900 2743; x_wconf 83' lang='lat' dir='ltr'>carthaginensis</span> <span class='ocrx_word' id='word_1_126' title='bbox 917 2698 947 2733; x_wconf 85' lang='lat' dir='ltr'><strong><em>C</em></strong></span> <span class='ocrx_word' id='word_1_127' title='bbox 1017 2697 1186 2732; x_wconf 84' lang='lat' dir='ltr'>muthum</span> <span class='ocrx_word' id='word_1_128' title='bbox 1211 2697 1278 2732; x_wconf 84' lang='lat' dir='ltr'>has</span> <span class='ocrx_word' id='word_1_129' title='bbox 1303 2697 1346 2732; x_wconf 87' lang='lat' dir='ltr'>lis</span> <span class='ocrx_word' id='word_1_130' title='bbox 1361 2697 1408 2741; x_wconf 90' lang='lat' dir='ltr'>B,</span> <span class='ocrx_word' id='word_1_131' title='bbox 1433 2698 1603 2733; x_wconf 85' lang='lat' dir='ltr'>muthum</span> 
     </span>
     <span class='ocr_line' id='line_1_33' title="bbox 107 2754 1606 2798; baseline 0.001 -9"><span class='ocrx_word' id='word_1_132' title='bbox 107 2755 219 2790; x_wconf 75' lang='lat' dir='ltr'>baalis</span> <span class='ocrx_word' id='word_1_133' title='bbox 245 2755 274 2791; x_wconf 86' lang='lat' dir='ltr'>C</span> <span class='ocrx_word' id='word_1_134' title='bbox 386 2757 454 2791; x_wconf 88' lang='grc'>995</span> <span class='ocrx_word' id='word_1_135' title='bbox 478 2755 534 2791; x_wconf 91' lang='lat' dir='ltr'>Uo</span> <span class='ocrx_word' id='word_1_136' title='bbox 629 2757 695 2791; x_wconf 90' lang='grc'>996</span> <span class='ocrx_word' id='word_1_137' title='bbox 720 2756 806 2790; x_wconf 90' lang='lat' dir='ltr'>hinc</span> <span class='ocrx_word' id='word_1_138' title='bbox 832 2755 900 2790; x_wconf 88' lang='lat' dir='ltr'>BC</span> <span class='ocrx_word' id='word_1_139' title='bbox 1014 2755 1115 2790; x_wconf 83' lang='lat' dir='ltr'>autin</span> <span class='ocrx_word' id='word_1_140' title='bbox 1141 2754 1173 2788; x_wconf 84' lang='lat' dir='ltr'><strong><em>A</em></strong></span> <span class='ocrx_word' id='word_1_141' title='bbox 1285 2754 1514 2798; x_wconf 87' lang='lat' dir='ltr'>pollicierier</span> <span class='ocrx_word' id='word_1_142' title='bbox 1537 2754 1606 2790; x_wconf 78' lang='grc' dir='ltr'>ΒΟ</span> 
     </span>
     <span class='ocr_line' id='line_1_34' title="bbox 107 2810 1318 2855; baseline -0.001 -9"><span class='ocrx_word' id='word_1_143' title='bbox 107 2812 174 2846; x_wconf 79' lang='lat'>99¹7</span> <span class='ocrx_word' id='word_1_144' title='bbox 196 2823 304 2847; x_wconf 81' lang='lat' dir='ltr'>rusus</span> <span class='ocrx_word' id='word_1_145' title='bbox 329 2811 364 2846; x_wconf 92' lang='lat' dir='ltr'><em>B</em></span> <span class='ocrx_word' id='word_1_146' title='bbox 459 2814 527 2848; x_wconf 85' lang='grc'>998</span> <span class='ocrx_word' id='word_1_147' title='bbox 551 2814 633 2847; x_wconf 90' lang='lat' dir='ltr'>Auo</span> <span class='ocrx_word' id='word_1_148' title='bbox 660 2813 773 2847; x_wconf 90' lang='lat' dir='ltr'>nonni</span> <span class='ocrx_word' id='word_1_149' title='bbox 798 2812 888 2847; x_wconf 87' lang='lat' dir='ltr'>mihi</span> <span class='ocrx_word' id='word_1_150' title='bbox 915 2813 975 2848; x_wconf 87' lang='lat' dir='ltr'>hic</span> <span class='ocrx_word' id='word_1_151' title='bbox 1000 2811 1069 2846; x_wconf 82' lang='lat' dir='ltr'>tibi</span> <span class='ocrx_word' id='word_1_152' title='bbox 1094 2810 1224 2855; x_wconf 88' lang='lat' dir='ltr'>inquid</span> <span class='ocrx_word' id='word_1_153' title='bbox 1248 2810 1318 2846; x_wconf 83' lang='lat' dir='ltr'>&#39;BC&#39;</span> 
     </span>
    </p>
   </div>
  </div>
 </body>
</html>
