1963 3243
340 176 389 214 12
999 174 1130 208 Plauti.
1523 174 1571 218 11,
1599 176 1628 219 1,
1654 177 1786 211 39—65

335 297 419 340 Ubi
453 312 599 340 sumus
632 299 829 352 prouecti
861 299 905 340 in
937 299 1074 341 altum
1105 323 1158 328 ——
1189 299 1238 341 fit
1269 299 1387 354 quod
1418 299 1463 340 di
1491 299 1647 342 uolunt
1676 325 1729 330 —

336 369 523 423 Capiunt
554 370 795 423 praedones
827 384 980 413 nauem
1014 371 1146 422 illam,
1178 371 1251 413 ubi
1282 375 1435 413 uectus
1466 371 1540 413 fui.

334 440 458 482 Prius
491 442 600 495 perii
632 455 760 496 quam
794 442 849 483 ad
880 456 998 483 erum
1030 443 1144 494 ueni,
1177 457 1260 496 quo
1292 444 1354 486 ire
1385 457 1651 498 occeperam.

333 514 411 555 Ille
442 514 514 567 qui
546 528 609 555 me
641 514 754 566 cepit
785 513 860 555 dat
890 529 955 556 me
986 514 1088 556 huic
1119 515 1228 557 dono
1263 515 1398 557 militi.
1725 531 1788 564 120

334 584 414 626 Hic
446 589 674 639 postquam
705 586 747 626 in
779 585 900 627 aedis
931 600 998 627 me
1030 586 1084 627 ad
1118 601 1162 628 se
1193 587 1367 629 deduxit
1398 588 1589 640 domum,⁴

334 656 470 698 Uideo
502 657 620 697 illam
655 657 838 698 amicam
870 657 1031 708 erilem,
1064 658 1244 700 Athenis
1278 673 1388 713 quae
1421 659 1512 702 fuit.

332 727 416 769 Ubi
449 732 599 770 contra
631 729 802 782 aspexit
834 743 911 775 me,
946 729 1082 771 oculis
1115 730 1217 772 mihi
1250 732 1418 783 signum
1451 732 1582 784 dedit,

332 799 396 841 Ne
429 814 473 841 se
505 800 793 854 appellaren13
827 800 995 851 deinde,
1031 806 1260 856 postquam
1295 805 1466 846 occasio
1498 810 1574 856 est,

333 870 623 925 Conqueritur
654 886 819 913 mecum
850 872 1005 914 mulier
1035 873 1229 916 fortunas
1262 889 1376 921 suas.
1724 891 1787 925 125

332 944 405 984 Ait
436 957 530 985 sese
561 943 754 985 Athenas
786 943 934 997 fugere
967 960 1124 998 cupere
1156 960 1207 987 ex
1238 946 1320 989 hac
1352 947 1499 1001 domu;

333 1015 434 1057 Sese
466 1016 586 1057 illum
619 1029 778 1066 amare,
810 1030 950 1057 meum
987 1031 1117 1067 erum,
1152 1018 1331 1061 Athenis
1363 1020 1436 1074 qui
1467 1020 1562 1072 fuit,

331 1088 482 1142 Neque
514 1089 639 1141 peius
672 1102 934 1142 quemquam
967 1090 1110 1131 odisse
1143 1105 1271 1144 quam
1303 1092 1434 1134 istum
1468 1093 1656 1135 militem.

330 1162 422 1214 Ego
454 1161 658 1214 quoniam
689 1161 853 1214 inspexi
885 1161 1077 1203 mulieris
1109 1164 1379 1215 sententiam,

332 1232 436 1287 Cepi
468 1232 666 1283 tabellas,
699 1233 954 1286 consignaui
986 1233 1242 1286 clanculum,
1721 1250 1786 1283 130

330 1305 440 1346 Dedi
474 1305 706 1346 mercatori
739 1305 957 1358 quoidam,
991 1306 1063 1359 qui
1096 1307 1150 1348 ad
1184 1306 1301 1348 illum
1336 1307 1514 1360 deferat,

330 1377 471 1418 Meum
507 1391 636 1427 erum,
670 1378 744 1430 qui
778 1377 957 1419 Athenis
989 1377 1145 1428 fuerat,
1178 1380 1251 1433 qui
1281 1379 1393 1421 hanc
1425 1386 1662 1431 manerat,

331 1449 387 1489 Ut
416 1450 451 1489 is
482 1449 567 1490 huc
598 1450 781 1491 ueniret.
842 1450 882 1491 ls
915 1463 997 1491 non
1031 1452 1198 1504 spreuit
1229 1453 1450 1503 nuntium3

329 1521 437 1562 Nam
470 1521 658 1572 aduenit,
692 1525 735 1561 et
765 1521 801 1563 is
833 1522 875 1562 in
908 1536 1118 1576 proxumo
1149 1523 1219 1564 hic
1251 1523 1486 1565 diuortitur

329 1593 455 1646 Apud
487 1608 608 1635 suum
643 1597 869 1647 paternum
902 1594 1130 1648 hospitem,
1163 1595 1352 1649 lepidum
1386 1610 1545 1639 senem.
1722 1610 1784 1643 135

329 1666 470 1719 Atque
502 1665 575 1706 ille
606 1666 770 1707 amanti
803 1680 880 1708 suo
912 1666 1075 1720 hospiti
1108 1681 1270 1708 morem
1302 1669 1414 1721 gerit

328 1737 501 1791 Nosque
535 1752 666 1791 opera
698 1739 962 1792 consilioque
994 1739 1269 1790 adhortatur,
1302 1741 1446 1793 iuuat3

327 1809 479 1862 Itaque
512 1823 590 1863 ego
623 1811 777 1864 paraui
808 1810 879 1852 hic
910 1812 1024 1853 intus
1057 1826 1234 1865 magnas
1267 1813 1503 1864 machinas,

329 1880 411 1930 Qui
443 1882 629 1924 amantis
661 1896 747 1924 una
778 1883 891 1924 inter
922 1897 967 1925 se
999 1883 1184 1925 facerem
1216 1898 1445 1927 conuenas.

327 1952 437 1994 Nam
470 1969 599 1995 unum
633 1954 854 2006 conclaue,
888 1956 1153 1997 concubinae
1186 1957 1300 2010 quod
1334 1957 1455 1999 dedit
1719 1971 1782 2004 140

328 2025 466 2076 Miles,
500 2040 584 2081 quo
617 2041 739 2068 nemo
772 2028 854 2068 nisi
887 2041 1014 2079 eapse
1046 2028 1226 2070 inferret
1256 2029 1423 2082 pedem,

326 2096 373 2138 In
408 2112 457 2139 eo
490 2098 684 2140 conclaui
718 2113 796 2153 ego
829 2099 995 2154 perfodi
1028 2102 1250 2155 parietem,

329 2169 421 2219 Qua
453 2175 705 2214 conmeatus
737 2172 846 2214 clam
881 2176 1000 2214 esset
1030 2172 1130 2214 hinc
1160 2173 1244 2214 huc
1276 2174 1466 2227 mulieri3

420 2333 482 2365 117
503 2333 683 2375 pronecto
710 2330 739 2365 O
818 2331 865 2365 sit
892 2330 920 2366 Ο
1000 2331 1036 2364 di
1062 2342 1128 2366 om*
1217 2335 1281 2368 118
1301 2333 1499 2377 praedonis
1586 2336 1647 2369 119
1671 2336 1781 2379 periit

417 2389 520 2422 uenit
589 2389 658 2422 iret
731 2389 794 2422 120
819 2389 880 2432 qui
907 2399 961 2423 om
1055 2389 1126 2423 huc
1212 2392 1269 2424 121
1299 2391 1405 2426 duxit
1489 2392 1551 2426 122
1576 2391 1780 2436 atenisq'B

420 2447 482 2478 124
514 2445 713 2489 apellarem
740 2445 774 2479 Β
877 2446 963 2480 dein
989 2458 1169 2490 posquam
1195 2446 1224 2482 C
1327 2449 1390 2483 125
1415 2460 1496 2483 mae
1521 2460 1602 2483 cum
1707 2449 1779 2484 for-

327 2505 415 2536 tuna
441 2514 504 2536 sua
612 2503 674 2536 126
700 2506 852 2546 cuperet
959 2504 1022 2537 127
1047 2507 1186 2539 amaret
1287 2506 1350 2539 128
1375 2505 1513 2540 odisset
1561 2517 1632 2550 qua
1659 2506 1688 2541 G

325 2559 442 2592 milite
540 2561 603 2593 130
628 2559 732 2603 Cepit
760 2559 898 2603 apellas
925 2559 953 2594 Ο
1044 2562 1281 2603 consignauit
1378 2564 1437 2596 131
1474 2574 1530 2596 me
1565 2564 1727 2606 pecatori
1755 2563 1784 2598 0

418 2616 482 2649 132
507 2628 631 2650 aerum
727 2617 795 2650 hac
821 2616 866 2653 B,
901 2617 969 2651 hoc
996 2618 1024 2651 (ἶ
1119 2620 1180 2653 133
1206 2619 1261 2653 his
1358 2621 1421 2653 134
1445 2618 1535 2653 Nam
1563 2623 1597 2654 et
1624 2621 1778 2655 uenietis

325 2672 370 2713 B,
397 2671 487 2705 Nam
515 2677 551 2706 et
579 2675 759 2708 uvniteius
787 2674 815 2708 O
894 2674 1103 2709 deuel-titur
1191 2677 1251 2710 136
1276 2675 1407 2720 ltaque
1435 2677 1486 2710 illi
1571 2683 1726 2712 mortem
1755 2678 1783 2713 C

419 2731 481 2763 137
498 2730 598 2764 uiuat
615 2731 643 2765 C
722 2733 783 2765 139
798 2732 997 2766 conuenias
1072 2734 1135 2765 140
1150 2733 1364 2767 conclauem
1413 2745 1485 2778 quo
1513 2734 1541 2769 O
1633 2736 1694 2769 141
1720 2747 1778 2781 qm

324 2784 360 2819 B
453 2797 495 2820 ea
520 2798 557 2820 se
650 2789 785 2833 pedum
813 2788 842 2825 O
934 2790 995 2824 143
1021 2789 1079 2824 hic
1104 2789 1175 2824 huc
1204 2789 1233 2826 C
