1963 3243
291 207 370 244 252
923 205 1133 241 Pseudolus.

288 331 443 382 publice
480 332 640 382 agendis
678 346 804 371 sermo
842 335 910 381 sit,
958 347 1043 372 eum
1082 335 1193 372 iubet
1231 349 1297 373 eos
1335 350 1449 385 quam
1487 338 1656 387 primum
1701 333 1767 374 in—

290 395 434 437 dicere.
468 419 523 425 —-
562 402 654 438 550.
695 397 761 439 Ne
793 412 869 451 quo
901 406 990 447 cet.,
1021 416 1069 439 ne
1099 416 1176 452 quo
1208 403 1323 441 abeas
1354 404 1431 441 alio
1463 409 1670 453 occupatus
1701 419 1767 442 ne-

290 468 409 516 gotio.
441 489 486 493 -
517 470 608 506 551.
643 469 890 506 Metricausa
909 470 1014 507 Reiz.
1037 468 1400 518 „constitiueram“;
1442 472 1508 510 sed
1538 473 1619 509 haec
1650 472 1772 510 forma

292 549 367 572 non
397 538 491 573 satis
521 536 688 585 probata
719 541 794 581 est;
841 538 931 575 Lor.
963 548 1119 576 mecum
1147 538 1389 585 statueram,
1437 540 1522 577 coll.
1555 540 1644 577 Ter.
1680 539 1770 578 Hec.

296 604 391 640 195:
435 605 643 650 „constitui
674 619 759 642 cum
791 606 958 654 quodam
988 603 1183 656 hospite“.
1245 606 1322 644 Cic.
1357 607 1468 645 Verr.
1499 607 1568 653 III,
1601 608 1666 654 41,
1700 609 1771 645 95:

297 671 376 716 „sic
398 670 569 708 habuisti
591 675 780 709 statutum
807 686 893 710 cum
926 674 1054 710 animo
1086 687 1130 711 ac
1161 672 1459 713 deliberatum“.
1486 694 1539 700 —
1566 676 1657 712 552.
1689 684 1773 712 ma-

291 735 440 784 chinas,
474 741 584 787 quasi
616 739 663 777 de
694 742 983 789 oppugnatione
1015 742 1152 791 oppidi
1183 755 1309 779 sermo
1340 746 1452 789 esset,
1496 755 1613 792 quam
1646 743 1775 779 omitti

291 808 397 844 velit.
468 806 640 856 Langen.
673 822 710 857 p.
746 809 822 846 321
865 812 1010 846 temere
1050 823 1204 847 versum
1243 823 1316 859 pro
1354 812 1487 860 spurio
1527 810 1676 847 habuit.
1721 829 1776 836 —

294 875 385 912 556.
419 871 531 912 dimit
545 875 590 912 A.
623 895 678 900 —
711 877 802 913 557.
837 872 903 914 SI.
936 877 1025 914 add.
1051 877 1164 915 Both.
1190 897 1244 902 —
1275 874 1479 927 Namque,
1512 892 1546 915 v.
1583 878 1632 915 ad
1663 878 1774 928 Capt.

295 944 386 980 599.
423 963 468 967 -
514 944 606 980 558.
648 940 776 981 mullo
809 944 992 994 Scaliger.
1024 964 1079 969 —
1108 941 1346 995 flayitabere
1377 947 1429 991 A,
1471 947 1574 995 quod
1606 959 1692 983 cum
1722 948 1776 983 in-
1838 975 1848 979 -

293 1010 411 1047 famia
449 1012 695 1048 coniunctum
734 1016 834 1059 erat,
877 1026 911 1050 v.
954 1012 1002 1049 ad
1034 1011 1144 1050 Curc.
1178 1014 1269 1050 678.
1314 1034 1359 1038 -
1406 1015 1497 1051 561.
1545 1014 1680 1061 Both„
1727 1014 1773 1051 R.

294 1081 404 1116 cett:
461 1078 544 1126 „SL
577 1079 680 1117 Fiat.
733 1079 810 1117 CA.
844 1078 1054 1117 Geratur“.
1095 1101 1151 1106 —
1187 1091 1276 1119 mos
1306 1081 1359 1128 D,
1402 1081 1462 1119 ed.
1495 1095 1553 1132 pr.
1594 1100 1648 1106 —
1696 1076 1775 1120 ΡΒ.

295 1145 383 1183 add.
415 1146 593 1194 Pylades.
627 1167 682 1172 —
714 1149 805 1186 563.
837 1144 930 1186 Iam
960 1144 1026 1186 hic
1057 1158 1125 1186 ero
1157 1149 1202 1195 A,
1236 1162 1271 1186 ν.
1304 1149 1410 1187 L6w.
1438 1162 1476 1198 p.
1505 1150 1596 1196 168,
1627 1153 1672 1186 ut
1700 1150 1774 1187 iam

295 1213 460 1252 Lorenz.
491 1235 545 1239 —
577 1212 776 1253 Actutum
806 1214 898 1254 redi
929 1216 1122 1254 Pseudolo
1154 1217 1262 1255 dedit
1292 1217 1351 1264 R.,
1385 1218 1449 1254 vix
1480 1221 1596 1255 recte.

410 1284 501 1320 564.
535 1283 763 1330 Pseudolus,
799 1288 1004 1334 postquam
1036 1286 1154 1322 ceteri
1184 1286 1375 1332 abierunt,
1408 1289 1650 1335 spectatores
1682 1285 1775 1323 allo-

295 1351 440 1400 quitur.
489 1370 538 1376 --
589 1352 681 1390 565.
726 1349 917 1400 facinora
956 1354 1132 1390 ultimam
1169 1353 1387 1403 producere
1426 1355 1490 1391 vix
1528 1357 1684 1404 potest3
1731 1352 1776 1391 R.

295 1415 358 1455 his
389 1418 553 1465 addidit,
586 1433 705 1468 quum
736 1422 776 1457 in
806 1421 839 1457 A
870 1423 1039 1470 spatium
1071 1426 1290 1471 appareret.
1318 1442 1371 1447 —
1405 1423 1496 1460 566.
1533 1418 1622 1470 Quo
1651 1422 1697 1459 A.
1724 1441 1778 1446 —-

299 1487 377 1524 567
394 1489 599 1536 sq..spurii
621 1488 817 1526 videntur.
866 1489 980 1526 Prior
1004 1491 1036 1526 si
1060 1492 1251 1537 genuinus
1276 1494 1389 1538 esset,
1421 1489 1583 1528 Plautus
1608 1484 1778 1539 pessimo

297 1555 529 1593 anacolutho
568 1569 661 1593 usus
699 1560 820 1603 esset;
867 1571 956 1594 nam
997 1559 1211 1607 requiritur
1253 1571 1398 1607 „neque
1429 1558 1623 1596 facturum
1655 1555 1778 1596 esse“.

297 1619 485 1661 dixeram
514 1637 586 1673 pro
621 1622 750 1672 „dixi“
785 1624 943 1662 defendi
973 1629 1115 1675 potest,
1148 1639 1183 1663 v.
1217 1627 1318 1663 infra
1350 1627 1442 1664 622.
1504 1626 1616 1663 Alter
1645 1639 1780 1664 versus
1813 1637 1821 1640 ·

297 1693 454 1728 omnino
484 1693 652 1742 intelligi
682 1696 836 1742 nequit,
877 1706 948 1731 nec
978 1695 1177 1740 iuvamur,
1217 1697 1250 1732 si
1282 1708 1366 1732 cum
1399 1695 1443 1732 R.
1476 1695 1680 1732 scribimus
1714 1697 1782 1741 „ut

297 1760 400 1810 quod
433 1773 503 1809 ego
533 1774 604 1810 pro
635 1766 740 1799 certo
771 1759 928 1799 sciam“.
989 1761 1173 1800 Fortasse
1204 1776 1276 1812 pro
1301 1763 1454 1800 duobus
1478 1762 1656 1800 versibus
1679 1775 1778 1800 unus

296 1829 525 1867 scribendus
564 1834 640 1877 est,
689 1829 799 1876 „Non
837 1830 1047 1868 demutabo
1086 1834 1202 1879 atque
1240 1834 1284 1868 ut
1327 1831 1520 1868 facturum
1566 1828 1779 1868 dixeram“.

297 1897 488 1934 Christius
521 1898 607 1936 Act.
641 1910 717 1934 soc.
750 1898 891 1936 Bavar.
929 1899 1030 1935 1871
1065 1913 1101 1948 p.
1138 1900 1187 1936 53
1228 1902 1371 1948 praeter
1409 1899 1529 1936 verba
1573 1898 1684 1945 „Non
1716 1898 1778 1935 de-

296 1964 481 2003 mutab0“
516 1967 613 2003 nihil
644 1967 817 2004 retinuit.
849 1986 903 1991 —
944 1967 1035 2004 569.
1081 1963 1129 2004 id
1166 1971 1293 2004 exstat
1330 1968 1369 2003 in
1401 1968 1446 2003 A.
1481 1986 1528 1991 —
1570 1962 1680 2004 ‘nihil
1709 1979 1781 2016 pro

298 2047 387 2080 non,
420 2048 455 2071 v.
474 2034 523 2071 ad
539 2036 646 2072 Asin.
666 2035 759 2072 924.
780 2054 831 2060 —
858 2036 949 2073 570.
981 2031 1084 2073 ,Nisi
1109 2032 1217 2083 quia,
1250 2035 1296 2072 ef.
1319 2036 1408 2072 108.
1435 2054 1488 2059 —
1514 2043 1611 2072 nam
1634 2047 1709 2092 neon
1733 2033 1780 2070 ad

297 2104 476 2152 proxima
507 2104 684 2149 refertur,
718 2092 784 2140 sed
819 2103 867 2140 ad
899 2103 1180 2152 antecedentia,
1213 2103 1353 2152 quibus
1379 2103 1580 2141 consilium
1607 2114 1781 2152 quaerere

299 2184 340 2207 se
372 2170 576 2218 significat.
602 2190 657 2195 —
690 2172 780 2208 571.
815 2167 940 2208 Nouo
970 2168 1090 2209 modo
1121 2181 1285 2217 nouom,
1317 2171 1502 2208 Plautina
1532 2169 1780 2216 abundantia,

301 2239 346 2276 cf.
373 2239 419 2276 ad
447 2238 556 2276 Cure.
582 2239 675 2276 461.
737 2239 840 2276 Male
872 2239 1031 2289 quidam
1061 2241 1288 2276 iunxerunt:
1326 2240 1390 2286 „in
1421 2251 1571 2276 scenam
1601 2238 1784 2288 prouenit

301 2321 401 2345 nouo
432 2306 594 2354 modo“;
641 2319 728 2343 nam
767 2309 855 2355 quis
894 2311 952 2345 est
982 2306 1163 2344 Pseudoli
1201 2319 1323 2345 novus
1361 2305 1614 2356 proveniendi
1645 2305 1782 2342 modus

302 2376 349 2412 ab
373 2375 458 2413 aliis
482 2375 738 2412 histrionibus
763 2373 968 2412 diversus?
1001 2388 1048 2411 an
1073 2375 1143 2411 hoe
1167 2388 1244 2412 non
1267 2375 1315 2411 ab
1347 2375 1524 2412 omnibus
1554 2374 1780 2423 requiritur,

300 2448 341 2481 ut
375 2443 695 2481 oblectandorum
737 2446 997 2492 spectatorum
1035 2456 1149 2480 causa
1188 2455 1288 2479 nova
1319 2444 1478 2480 inventa
1508 2439 1698 2479 afferant?
1731 2459 1779 2466 -

305 2513 397 2549 572.
425 2509 492 2549 det
515 2511 574 2547 ed.
600 2524 681 2560 p1'.;
714 2510 807 2560 quid
839 2511 878 2548 in
909 2512 942 2547 A
973 2511 1102 2556 fuerit,
1134 2523 1271 2559 parum
1304 2510 1436 2558 liquet.
1465 2528 1513 2534 -
1549 2510 1640 2548 573.
1672 2505 1782 2546 intro

303 2581 361 2617 ed.
396 2593 453 2629 pr.
485 2599 541 2604 —
573 2580 664 2616 574.
701 2575 1034 2625 „concenturiare
1064 2582 1121 2615 est
1153 2576 1361 2627 colligere“
1398 2577 1452 2614 ait
1481 2577 1628 2614 Nonius
1653 2589 1690 2626 p.
1719 2577 1780 2623 10,

306 2651 369 2697 qui
403 2648 503 2684 mule
535 2647 663 2686 addit:
701 2645 871 2692 „dictum
902 2660 923 2682 a
955 2646 1141 2683 centuriis
1172 2658 1257 2694 quae
1288 2645 1336 2682 ad
1367 2643 1554 2692 suffragia
1579 2644 1782 2681 convenie-

306 2714 448 2760 bnnt“;
487 2715 602 2751 immo
634 2727 655 2750 a
684 2713 878 2750 militibus
908 2713 946 2749 in
979 2712 1135 2750 ordines
1167 2712 1383 2761 discriptis,
1424 2725 1459 2749 v.
1493 2711 1542 2748 ad
1573 2710 1656 2748 Mil.
1689 2710 1780 2747 815.
