1963 3243
319 167 373 206 84
982 164 1103 201 Plauti
1489 162 1554 200 IV.
1579 165 1612 207 2,
1635 164 1770 199 24—29
1799 215 1801 217 Ι

860 289 920 330 Μ
923 289 941 330 i
951 290 964 330 Z
964 302 998 341 p
1008 288 1061 330 hi
1072 289 1193 341 dipp
1203 301 1228 329 a

320 345 414 396 Quo
445 351 700 399 argumento
709 347 730 387 ‘?

896 439 967 481 Pa
979 438 1026 481 la
1033 453 1054 481 e
1061 452 1084 480 s
1095 443 1139 481 tr
1148 440 1166 481 i
1174 452 1196 480 o

792 510 952 553 Infidos
983 514 1098 553 celas
1109 527 1119 563 3
1151 523 1228 563 ego
1260 524 1355 552 sum
1384 509 1465 552 tibi
1494 509 1615 552 firme
1643 511 1769 554 fidus.

860 635 1232 690 Milphidippa

319 707 434 750 Cedo
467 711 652 761 signum,
683 709 719 749 si
749 708 916 749 harunc
945 706 1208 749 baccharum
1239 721 1296 748 es.

897 832 928 872 P
939 832 988 874 al
998 845 1024 873 a
1035 846 1057 874 e
1070 846 1089 873 s
1099 832 1167 873 tri
1179 846 1203 873 o

957 905 1085 945 Amat
1115 902 1270 944 mulier
1300 901 1512 956 quaedam
1544 903 1771 957 quendam.

863 1026 1232 1081 Milphidippa

320 1101 398 1143 Pol
428 1102 541 1143 istuc
572 1100 747 1154 quidem
779 1099 954 1141 multae.

891 1224 922 1265 P
933 1224 984 1266 al
994 1238 1019 1265 a
1030 1238 1052 1266 e
1064 1239 1083 1266 s
1093 1228 1112 1266 t
1122 1225 1167 1266 ri
1180 1238 1204 1266 o

743 1297 800 1338 At
830 1311 913 1338 non
947 1297 1109 1338 multae
1141 1296 1193 1338 de
1225 1296 1361 1350 digito
1394 1295 1551 1338 donum
1583 1296 1772 1338 mittunt.

870 1421 1235 1475 Milphidippa

321 1494 447 1535 Enim
471 1495 654 1547 cognoui
677 1507 811 1545 nun03
842 1493 984 1535 fecisti
1009 1493 1135 1535 modo
1161 1493 1264 1535 mihi
1288 1508 1339 1536 ex
1363 1492 1557 1548 procliu'o
1581 1493 1773 1547 planum.

321 1566 406 1608 Sed
436 1565 506 1608 hic
536 1580 638 1608 num
669 1566 768 1620 quis
798 1565 951 1607 adest?

892 1690 1204 1733 Palaestrio

728 1762 808 1805 Uel
839 1763 964 1804 adest
994 1763 1065 1804 uel
1097 1777 1194 1804 non.

864 1887 1235 1942 Milphidippa

999 1958 1114 2001 Cedo
1146 1966 1187 2001 te
1220 1959 1323 2000 mihi
1354 1959 1471 2000 solae
1503 1957 1655 2000 solum.
1690 1968 1775 2002 1015

893 2084 1204 2127 Palaestrio

322 2158 482 2200 Breuin
513 2171 566 2198 an
598 2157 833 2211 longinquo
866 2158 1090 2200 sermone?

871 2283 1057 2337 Milphi
1069 2282 1095 2324 d
1107 2283 1120 2324 i
1133 2297 1195 2336 pp
1208 2296 1234 2324 a

1000 2354 1155 2396 Tribus
1189 2354 1346 2396 uerbis.

897 2479 1205 2521 Palaestrio

1352 2534 1441 2576 Iam
1473 2534 1527 2575 ad
1558 2540 1599 2576 te
1631 2534 1772 2576 redeo.

418 2666 499 2699 1011
529 2665 628 2699 colas
649 2663 684 2698 Β
775 2661 882 2697 firma
905 2662 996 2697 fides
1021 2662 1066 2706 Β,
1099 2662 1202 2698 firme
1234 2662 1353 2698 fidelis
1379 2661 1407 2697 C·
1500 2663 1587 2697 1012
1611 2661 1774 2697 bacharii

325 2729 344 2758 ἓ
369 2722 414 2766 Β,
440 2726 497 2756 est
521 2722 549 2757 Ο
619 2722 705 2755 1013
730 2719 889 2764 didigito
916 2719 1065 2754 domum
1091 2719 1126 2754 Β
1207 2721 1292 2754 1014
1315 2722 1458 2764 patrem
1531 2720 1618 2754 1015
1649 2717 1687 2753 Si
1711 2718 1773 2753 hic

325 2786 370 2814 fic
393 2775 474 2824 duis
489 2778 524 2813 Β
572 2778 631 2813 uel
647 2782 702 2812 est
722 2777 757 2811 Β
805 2777 940 2812 sisolue
961 2776 1006 2820 Β,
1033 2777 1120 2811 solae
1136 2777 1218 2812 solii
1231 2788 1308 2811 esse
1323 2775 1350 2811 G
1420 2777 1507 2811 1016
1530 2775 1644 2810 Breui
1668 2781 1715 2810 na
1737 2773 1774 2810 Β
