<?xml version="1.0" encoding="UTF-8"?>
<!DOCTYPE html PUBLIC "-//W3C//DTD XHTML 1.0 Transitional//EN"
    "http://www.w3.org/TR/xhtml1/DTD/xhtml1-transitional.dtd">
<html xmlns="http://www.w3.org/1999/xhtml" xml:lang="en" lang="en">
 <head>
  <title>
</title>
<meta http-equiv="Content-Type" content="text/html;charset=utf-8" />
  <meta name='ocr-system' content='tesseract 3.04.00' />
  <meta name='ocr-capabilities' content='ocr_page ocr_carea ocr_par ocr_line ocrx_word'/>
</head>
<body>
  <div class='ocr_page' id='page_1' title='image "./comoediaerecensu04plauuoft_0581.png"; bbox 0 0 1963 3243; ppageno 0'>
   <div class='ocr_carea' id='block_1_1' title="bbox 104 184 1629 263">
    <p class='ocr_par' dir='ltr' id='par_1_1' title="bbox 44 183 1629 264">
     <span class='ocr_line' id='line_1_1' title="bbox 104 184 1629 263; baseline -0.002 -13.114"><span class='ocrx_word' id='word_1_1' title='bbox 104 184 119 263; x_wconf 41' lang='lat' dir='ltr'>v.</span> <span class='ocrx_word' id='word_1_2' title='bbox 143 212 188 258; x_wconf 70' lang='lat' dir='ltr'>V,</span> <span class='ocrx_word' id='word_1_3' title='bbox 211 213 245 257; x_wconf 83' lang='grc'>6,</span> <span class='ocrx_word' id='word_1_4' title='bbox 273 213 410 249; x_wconf 74' lang='lat'><strong>81-34</strong></span> <span class='ocrx_word' id='word_1_5' title='bbox 798 211 991 248; x_wconf 75' lang='lat' dir='ltr'>Poenulus.</span> <span class='ocrx_word' id='word_1_6' title='bbox 1551 218 1629 257; x_wconf 81' lang='lat'>211</span> 
     </span>
    </p>
   </div>
   <div class='ocr_carea' id='block_1_2' title="bbox 702 337 1637 456">
    <p class='ocr_par' dir='ltr' id='par_1_2' title="bbox 702 337 1637 456">
     <span class='ocr_line' id='line_1_2' title="bbox 702 337 1084 391; baseline -0.005 -11"><span class='ocrx_word' id='word_1_7' title='bbox 702 337 1084 391; x_wconf 71' lang='lat' dir='ltr'>Ayorastocles</span> 
     </span>
     <span class='ocr_line' id='line_1_3' title="bbox 1017 409 1637 456; baseline 0.01 -5"><span class='ocrx_word' id='word_1_8' title='bbox 1017 409 1072 451; x_wconf 89' lang='lat' dir='ltr'>Et</span> <span class='ocrx_word' id='word_1_9' title='bbox 1101 414 1150 451; x_wconf 88' lang='lat' dir='ltr'>tu</span> <span class='ocrx_word' id='word_1_10' title='bbox 1183 409 1290 452; x_wconf 89' lang='lat' dir='ltr'>bene</span> <span class='ocrx_word' id='word_1_11' title='bbox 1322 409 1432 452; x_wconf 84' lang='lat' dir='ltr'>ualc.</span> <span class='ocrx_word' id='word_1_12' title='bbox 1550 422 1637 456; x_wconf 80' lang='lat'>1355</span> 
     </span>
    </p>
   </div>
   <div class='ocr_carea' id='block_1_3' title="bbox 0 0 294 664">
    <p class='ocr_par' dir='ltr' id='par_1_3' title="bbox 0 0 294 664">
     <span class='ocr_line' id='line_1_4' title="bbox 0 0 294 664; baseline 0 0"><span class='ocrx_word' id='word_1_13' title='bbox 0 0 294 664; x_wconf 95' lang='lat' dir='ltr'>  </span> 
     </span>
    </p>
   </div>
   <div class='ocr_carea' id='block_1_4' title="bbox 145 510 1269 637">
    <p class='ocr_par' dir='ltr' id='par_1_4' title="bbox 145 510 1269 637">
     <span class='ocr_line' id='line_1_5' title="bbox 676 510 1099 554; baseline 0.002 -2"><span class='ocrx_word' id='word_1_14' title='bbox 676 510 1099 554; x_wconf 70' lang='lat' dir='ltr'>Antamoemdes</span> 
     </span>
     <span class='ocr_line' id='line_1_6' title="bbox 145 582 1269 637; baseline -0.002 -11"><span class='ocrx_word' id='word_1_15' title='bbox 145 583 274 633; x_wconf 82' lang='lat' dir='ltr'>Leno,</span> <span class='ocrx_word' id='word_1_16' title='bbox 306 584 565 626; x_wconf 82' lang='lat' dir='ltr'>arrabonem</span> <span class='ocrx_word' id='word_1_17' title='bbox 596 582 678 624; x_wconf 90' lang='lat' dir='ltr'>hoc</span> <span class='ocrx_word' id='word_1_18' title='bbox 710 597 787 637; x_wconf 85' lang='lat' dir='ltr'>pro</span> <span class='ocrx_word' id='word_1_19' title='bbox 818 584 936 625; x_wconf 85' lang='lat' dir='ltr'>mina</span> <span class='ocrx_word' id='word_1_20' title='bbox 966 596 1134 625; x_wconf 87' lang='lat' dir='ltr'>mecum</span> <span class='ocrx_word' id='word_1_21' title='bbox 1164 582 1269 624; x_wconf 84' lang='lat' dir='ltr'>fero.</span> 
     </span>
    </p>
   </div>
   <div class='ocr_carea' id='block_1_5' title="bbox 802 684 977 738">
    <p class='ocr_par' dir='ltr' id='par_1_5' title="bbox 802 684 977 738">
     <span class='ocr_line' id='line_1_7' title="bbox 802 684 977 738; baseline 0.006 -12"><span class='ocrx_word' id='word_1_22' title='bbox 802 684 977 738; x_wconf 76' lang='lat' dir='ltr'>Lycus</span> 
     </span>
    </p>
   </div>
   <div class='ocr_carea' id='block_1_6' title="bbox 39 742 456 800">
    <p class='ocr_par' dir='ltr' id='par_1_6' title="bbox 39 742 456 800">
     <span class='ocr_line' id='line_1_8' title="bbox 39 742 456 800; baseline -0.005 0"><span class='ocrx_word' id='word_1_23' title='bbox 39 742 51 756; x_wconf 30' lang='grc' dir='ltr'><em>ν</em></span> <span class='ocrx_word' id='word_1_24' title='bbox 70 778 73 781; x_wconf 95' lang='grc'><strong><em>·</em></strong></span> <span class='ocrx_word' id='word_1_25' title='bbox 145 756 259 800; x_wconf 83' lang='lat' dir='ltr'>Perii</span> <span class='ocrx_word' id='word_1_26' title='bbox 291 756 435 799; x_wconf 88' lang='lat' dir='ltr'>hercle</span> <span class='ocrx_word' id='word_1_27' title='bbox 449 756 456 798; x_wconf 73' lang='grc' dir='ltr'>ἱ</span> 
     </span>
    </p>
   </div>
   <div class='ocr_carea' id='block_1_7' title="bbox 500 829 1636 955">
    <p class='ocr_par' dir='ltr' id='par_1_7' title="bbox 500 829 1636 955">
     <span class='ocr_line' id='line_1_9' title="bbox 695 829 1084 882; baseline 0.005 -13"><span class='ocrx_word' id='word_1_28' title='bbox 695 829 1084 882; x_wconf 71' lang='lat' dir='ltr'>Ayorastocles</span> 
     </span>
     <span class='ocr_line' id='line_1_10' title="bbox 500 899 1636 955; baseline 0.001 -14"><span class='ocrx_word' id='word_1_29' title='bbox 500 899 635 941; x_wconf 90' lang='lat' dir='ltr'>Immo</span> <span class='ocrx_word' id='word_1_30' title='bbox 668 899 783 941; x_wconf 79' lang='lat' dir='ltr'>haud</span> <span class='ocrx_word' id='word_1_31' title='bbox 818 900 954 942; x_wconf 86' lang='lat' dir='ltr'>multo</span> <span class='ocrx_word' id='word_1_32' title='bbox 987 907 1097 955; x_wconf 86' lang='lat' dir='ltr'>post,</span> <span class='ocrx_word' id='word_1_33' title='bbox 1129 913 1251 954; x_wconf 79' lang='lat' dir='ltr'>quom</span> <span class='ocrx_word' id='word_1_34' title='bbox 1281 901 1323 942; x_wconf 87' lang='lat' dir='ltr'>in</span> <span class='ocrx_word' id='word_1_35' title='bbox 1356 901 1422 942; x_wconf 89' lang='lat' dir='ltr'>ius</span> <span class='ocrx_word' id='word_1_36' title='bbox 1451 901 1636 942; x_wconf 88' lang='lat' dir='ltr'>ueneris.</span> 
     </span>
    </p>
   </div>
   <div class='ocr_carea' id='block_1_8' title="bbox 128 1001 1639 1332">
    <p class='ocr_par' dir='ltr' id='par_1_8' title="bbox 128 1001 1639 1332">
     <span class='ocr_line' id='line_1_11' title="bbox 806 1001 977 1056; baseline 0.012 -13"><span class='ocrx_word' id='word_1_37' title='bbox 806 1001 977 1056; x_wconf 78' lang='lat' dir='ltr'>Lycus</span> 
     </span>
     <span class='ocr_line' id='line_1_12' title="bbox 146 1073 1439 1130; baseline 0 -14"><span class='ocrx_word' id='word_1_38' title='bbox 146 1073 258 1125; x_wconf 88' lang='lat' dir='ltr'>Quin</span> <span class='ocrx_word' id='word_1_39' title='bbox 291 1079 459 1128; x_wconf 81' lang='lat' dir='ltr'>egomet</span> <span class='ocrx_word' id='word_1_40' title='bbox 490 1074 569 1116; x_wconf 87' lang='lat' dir='ltr'>tibi</span> <span class='ocrx_word' id='word_1_41' title='bbox 604 1088 668 1115; x_wconf 91' lang='lat' dir='ltr'>me</span> <span class='ocrx_word' id='word_1_42' title='bbox 700 1074 880 1124; x_wconf 78' lang='lat' dir='ltr'>addi003</span> <span class='ocrx_word' id='word_1_43' title='bbox 912 1075 1015 1129; x_wconf 86' lang='lat' dir='ltr'>quid</span> <span class='ocrx_word' id='word_1_44' title='bbox 1047 1080 1249 1129; x_wconf 87' lang='lat' dir='ltr'>praetore</span> <span class='ocrx_word' id='word_1_45' title='bbox 1281 1075 1439 1130; x_wconf 81' lang='lat' dir='ltr'>opust?</span> 
     </span>
     <span class='ocr_line' id='line_1_13' title="bbox 149 1146 1297 1201; baseline -0.001 -12"><span class='ocrx_word' id='word_1_46' title='bbox 149 1146 309 1190; x_wconf 86' lang='lat' dir='ltr'><strong>Uerum</strong></span> <span class='ocrx_word' id='word_1_47' title='bbox 341 1146 521 1189; x_wconf 86' lang='lat' dir='ltr'>obsecro</span> <span class='ocrx_word' id='word_1_48' title='bbox 554 1151 608 1196; x_wconf 89' lang='lat' dir='ltr'>te,</span> <span class='ocrx_word' id='word_1_49' title='bbox 641 1152 690 1188; x_wconf 91' lang='lat' dir='ltr'>ut</span> <span class='ocrx_word' id='word_1_50' title='bbox 721 1147 851 1188; x_wconf 85' lang='lat' dir='ltr'>liceat</span> <span class='ocrx_word' id='word_1_51' title='bbox 882 1147 1082 1201; x_wconf 88' lang='lat' dir='ltr'>simplum</span> <span class='ocrx_word' id='word_1_52' title='bbox 1115 1146 1297 1197; x_wconf 88' lang='lat' dir='ltr'>soluere,</span> 
     </span>
     <span class='ocr_line' id='line_1_14' title="bbox 146 1217 1639 1273; baseline 0.003 -13"><span class='ocrx_word' id='word_1_53' title='bbox 146 1217 384 1260; x_wconf 83' lang='lat' dir='ltr'>Trecentos</span> <span class='ocrx_word' id='word_1_54' title='bbox 415 1217 665 1272; x_wconf 80' lang='lat' dir='ltr'>Philippos3</span> <span class='ocrx_word' id='word_1_55' title='bbox 698 1218 840 1265; x_wconf 81' lang='lat' dir='ltr'>credo.</span> <span class='ocrx_word' id='word_1_56' title='bbox 875 1219 1053 1260; x_wconf 85' lang='lat' dir='ltr'>conradi</span> <span class='ocrx_word' id='word_1_57' title='bbox 1085 1223 1251 1273; x_wconf 82' lang='lat' dir='ltr'>potest3</span> <span class='ocrx_word' id='word_1_58' title='bbox 1550 1229 1639 1264; x_wconf 86' lang='lat'>1360</span> 
     </span>
     <span class='ocr_line' id='line_1_15' title="bbox 128 1289 729 1332; baseline -0.002 0"><span class='ocrx_word' id='word_1_59' title='bbox 128 1289 250 1332; x_wconf 77' lang='lat' dir='ltr'>‘Cras</span> <span class='ocrx_word' id='word_1_60' title='bbox 282 1291 527 1332; x_wconf 82' lang='lat' dir='ltr'>auctionem</span> <span class='ocrx_word' id='word_1_61' title='bbox 559 1290 729 1331; x_wconf 68' lang='lat' dir='ltr'>faciam.</span> 
     </span>
    </p>
   </div>
   <div class='ocr_carea' id='block_1_9' title="bbox 149 1392 1213 1590">
    <p class='ocr_par' dir='ltr' id='par_1_9' title="bbox 149 1392 1213 1590">
     <span class='ocr_line' id='line_1_16' title="bbox 698 1392 1086 1445; baseline 0.003 -12"><span class='ocrx_word' id='word_1_62' title='bbox 698 1392 1086 1445; x_wconf 73' lang='lat' dir='ltr'>Ayorastocles</span> 
     </span>
     <span class='ocr_line' id='line_1_17' title="bbox 776 1463 1213 1518; baseline 0.005 -14"><span class='ocrx_word' id='word_1_63' title='bbox 776 1463 1009 1518; x_wconf 80' lang='lat' dir='ltr'>Tantisper</span> <span class='ocrx_word' id='word_1_64' title='bbox 1041 1464 1213 1518; x_wconf 90' lang='lat' dir='ltr'>quidem</span> 
     </span>
     <span class='ocr_line' id='line_1_18' title="bbox 149 1535 1037 1590; baseline -0.001 -12"><span class='ocrx_word' id='word_1_65' title='bbox 149 1535 207 1578; x_wconf 86' lang='lat' dir='ltr'>Ut</span> <span class='ocrx_word' id='word_1_66' title='bbox 237 1536 297 1577; x_wconf 88' lang='lat' dir='ltr'>sis</span> <span class='ocrx_word' id='word_1_67' title='bbox 330 1535 447 1590; x_wconf 87' lang='lat' dir='ltr'>apud</span> <span class='ocrx_word' id='word_1_68' title='bbox 480 1550 546 1577; x_wconf 89' lang='lat' dir='ltr'>me</span> <span class='ocrx_word' id='word_1_69' title='bbox 578 1535 721 1589; x_wconf 87' lang='lat' dir='ltr'>lignea</span> <span class='ocrx_word' id='word_1_70' title='bbox 752 1537 793 1576; x_wconf 88' lang='lat' dir='ltr'>in</span> <span class='ocrx_word' id='word_1_71' title='bbox 828 1536 1037 1577; x_wconf 87' lang='lat' dir='ltr'>custodia.</span> 
     </span>
    </p>
   </div>
   <div class='ocr_carea' id='block_1_10' title="bbox 151 1637 1511 1915">
    <p class='ocr_par' dir='ltr' id='par_1_10' title="bbox 151 1637 1511 1915">
     <span class='ocr_line' id='line_1_19' title="bbox 803 1637 972 1691; baseline 0 -13"><span class='ocrx_word' id='word_1_72' title='bbox 803 1637 972 1691; x_wconf 80' lang='lat' dir='ltr'>Lycus</span> 
     </span>
     <span class='ocr_line' id='line_1_20' title="bbox 151 1709 261 1751; baseline 0.009 -1"><span class='ocrx_word' id='word_1_73' title='bbox 151 1709 261 1751; x_wconf 90' lang='lat' dir='ltr'>Fiat.</span> 
     </span>
     <span class='ocr_line' id='line_1_21' title="bbox 234 1774 1085 1839; baseline 0 -9"><span class='ocrx_word' id='word_1_74' title='bbox 234 1774 239 1778; x_wconf 27' lang='grc' dir='ltr'>ι</span> <span class='ocrx_word' id='word_1_75' title='bbox 703 1789 1085 1839; x_wconf 78' lang='lat' dir='ltr'>Agorastocles</span> 
     </span>
     <span class='ocr_line' id='line_1_22' title="bbox 316 1860 1511 1915; baseline 0 -13"><span class='ocrx_word' id='word_1_76' title='bbox 316 1860 509 1915; x_wconf 85' lang='lat' dir='ltr'>Sequere</span> <span class='ocrx_word' id='word_1_77' title='bbox 539 1861 665 1904; x_wconf 82' lang='lat' dir='ltr'>intro.</span> <span class='ocrx_word' id='word_1_78' title='bbox 697 1866 850 1914; x_wconf 86' lang='lat' dir='ltr'>patrue</span> <span class='ocrx_word' id='word_1_79' title='bbox 883 1862 952 1908; x_wconf 84' lang='lat' dir='ltr'>mi,</span> <span class='ocrx_word' id='word_1_80' title='bbox 986 1867 1034 1902; x_wconf 88' lang='lat' dir='ltr'>ut</span> <span class='ocrx_word' id='word_1_81' title='bbox 1064 1860 1178 1902; x_wconf 91' lang='lat' dir='ltr'>hunc</span> <span class='ocrx_word' id='word_1_82' title='bbox 1209 1860 1367 1902; x_wconf 87' lang='lat' dir='ltr'>festum</span> <span class='ocrx_word' id='word_1_83' title='bbox 1399 1860 1511 1902; x_wconf 89' lang='lat' dir='ltr'>diem</span> 
     </span>
    </p>
   </div>
   <div class='ocr_carea' id='block_1_11' title="bbox 145 1931 1637 2055">
    <p class='ocr_par' dir='ltr' id='par_1_11' title="bbox 145 1931 1637 2055">
     <span class='ocr_line' id='line_1_23' title="bbox 146 1931 1331 1975; baseline -0.001 -1"><span class='ocrx_word' id='word_1_84' title='bbox 146 1931 397 1974; x_wconf 84' lang='lat' dir='ltr'>Habeamus</span> <span class='ocrx_word' id='word_1_85' title='bbox 429 1932 612 1974; x_wconf 87' lang='lat' dir='ltr'>hilarem</span> <span class='ocrx_word' id='word_1_86' title='bbox 643 1932 772 1974; x_wconf 86' lang='lat' dir='ltr'>huius</span> <span class='ocrx_word' id='word_1_87' title='bbox 804 1932 916 1973; x_wconf 86' lang='lat' dir='ltr'>malo</span> <span class='ocrx_word' id='word_1_88' title='bbox 951 1938 994 1973; x_wconf 87' lang='lat' dir='ltr'>et</span> <span class='ocrx_word' id='word_1_89' title='bbox 1024 1937 1173 1975; x_wconf 87' lang='lat' dir='ltr'>nostro</span> <span class='ocrx_word' id='word_1_90' title='bbox 1206 1932 1331 1974; x_wconf 90' lang='lat' dir='ltr'>bono.</span> 
     </span>
     <span class='ocr_line' id='line_1_24' title="bbox 145 2002 1637 2055; baseline 0.001 -9"><span class='ocrx_word' id='word_1_91' title='bbox 145 2003 330 2046; x_wconf 89' lang='lat' dir='ltr'>Multum</span> <span class='ocrx_word' id='word_1_92' title='bbox 362 2003 525 2055; x_wconf 85' lang='lat' dir='ltr'>ualete;</span> <span class='ocrx_word' id='word_1_93' title='bbox 558 2005 695 2045; x_wconf 88' lang='lat' dir='ltr'>multa</span> <span class='ocrx_word' id='word_1_94' title='bbox 724 2003 858 2044; x_wconf 82' lang='lat' dir='ltr'>uerba</span> <span class='ocrx_word' id='word_1_95' title='bbox 890 2002 1079 2045; x_wconf 82' lang='lat' dir='ltr'>fecimus.</span> <span class='ocrx_word' id='word_1_96' title='bbox 1550 2014 1637 2048; x_wconf 85' lang='lat'>1365</span> 
     </span>
    </p>
   </div>
   <div class='ocr_carea' id='block_1_12' title="bbox 62 2074 1196 2130">
    <p class='ocr_par' dir='ltr' id='par_1_12' title="bbox 62 2074 1196 2130">
     <span class='ocr_line' id='line_1_25' title="bbox 62 2074 1196 2130; baseline -0.001 -13"><span class='ocrx_word' id='word_1_97' title='bbox 62 2074 70 2080; x_wconf 79' lang='grc'><strong>”</strong></span> <span class='ocrx_word' id='word_1_98' title='bbox 145 2074 311 2117; x_wconf 86' lang='lat' dir='ltr'>Malum</span> <span class='ocrx_word' id='word_1_99' title='bbox 342 2081 565 2130; x_wconf 87' lang='lat' dir='ltr'>postremo</span> <span class='ocrx_word' id='word_1_100' title='bbox 599 2090 723 2117; x_wconf 91' lang='lat' dir='ltr'>omne</span> <span class='ocrx_word' id='word_1_101' title='bbox 755 2075 809 2116; x_wconf 87' lang='lat' dir='ltr'>ad</span> <span class='ocrx_word' id='word_1_102' title='bbox 842 2075 1037 2116; x_wconf 83' lang='lat' dir='ltr'>lenonem</span> <span class='ocrx_word' id='word_1_103' title='bbox 1069 2075 1196 2117; x_wconf 89' lang='lat' dir='ltr'>redit.</span> 
     </span>
    </p>
   </div>
   <div class='ocr_carea' id='block_1_13' title="bbox 146 2145 1394 2272">
    <p class='ocr_par' dir='ltr' id='par_1_13' title="bbox 146 2145 1394 2272">
     <span class='ocr_line' id='line_1_26' title="bbox 146 2145 1394 2201; baseline 0 -13"><span class='ocrx_word' id='word_1_104' title='bbox 146 2145 281 2196; x_wconf 84' lang='lat' dir='ltr'>Nunc,</span> <span class='ocrx_word' id='word_1_105' title='bbox 315 2147 429 2201; x_wconf 87' lang='lat' dir='ltr'>quod</span> <span class='ocrx_word' id='word_1_106' title='bbox 464 2154 726 2201; x_wconf 78' lang='lat' dir='ltr'>postremum</span> <span class='ocrx_word' id='word_1_107' title='bbox 760 2153 825 2188; x_wconf 82' lang='lat' dir='ltr'>est</span> <span class='ocrx_word' id='word_1_108' title='bbox 857 2147 1175 2188; x_wconf 82' lang='lat' dir='ltr'>condimentum</span> <span class='ocrx_word' id='word_1_109' title='bbox 1209 2146 1394 2196; x_wconf 81' lang='lat' dir='ltr'>fabulae,</span> 
     </span>
     <span class='ocr_line' id='line_1_27' title="bbox 147 2217 1130 2272; baseline 0 -13"><span class='ocrx_word' id='word_1_110' title='bbox 147 2217 194 2259; x_wconf 84' lang='lat' dir='ltr'>Si</span> <span class='ocrx_word' id='word_1_111' title='bbox 226 2218 404 2272; x_wconf 76' lang='lat' dir='ltr'>placuit,</span> <span class='ocrx_word' id='word_1_112' title='bbox 438 2219 636 2272; x_wconf 81' lang='lat' dir='ltr'>plausum</span> <span class='ocrx_word' id='word_1_113' title='bbox 672 2218 864 2272; x_wconf 78' lang='lat' dir='ltr'>postulat</span> <span class='ocrx_word' id='word_1_114' title='bbox 896 2218 1130 2259; x_wconf 84' lang='lat' dir='ltr'>comoedia.</span> 
     </span>
    </p>
   </div>
   <div class='ocr_carea' id='block_1_14' title="bbox 143 2566 325 2574">
    <p class='ocr_par' dir='ltr' id='par_1_14' title="bbox 143 2566 325 2574">
     <span class='ocr_line' id='line_1_28' title="bbox 143 2566 325 2574; baseline 0.016 -3"><span class='ocrx_word' id='word_1_115' title='bbox 143 2566 325 2574; x_wconf 70' lang='lat'>—.—</span> 
     </span>
    </p>
   </div>
   <div class='ocr_carea' id='block_1_15' title="bbox 327 2569 429 2575">
    <p class='ocr_par' dir='ltr' id='par_1_15' title="bbox 327 2569 429 2575">
     <span class='ocr_line' id='line_1_29' title="bbox 327 2569 429 2575; baseline 0 0"><span class='ocrx_word' id='word_1_116' title='bbox 327 2569 429 2575; x_wconf 95' lang='lat' dir='ltr'> </span> 
     </span>
    </p>
   </div>
   <div class='ocr_carea' id='block_1_16' title="bbox 238 2623 1635 2669">
    <p class='ocr_par' dir='ltr' id='par_1_16' title="bbox 238 2623 1635 2669">
     <span class='ocr_line' id='line_1_30' title="bbox 238 2623 1635 2669; baseline 0.001 -11"><span class='ocrx_word' id='word_1_117' title='bbox 238 2625 324 2659; x_wconf 81' lang='grc'><strong>1356</strong></span> <span class='ocrx_word' id='word_1_118' title='bbox 347 2624 545 2659; x_wconf 74' lang='lat' dir='ltr'>ambonem</span> <span class='ocrx_word' id='word_1_119' title='bbox 667 2625 752 2658; x_wconf 88' lang='lat'>1357</span> <span class='ocrx_word' id='word_1_120' title='bbox 780 2624 859 2658; x_wconf 91' lang='lat' dir='ltr'>Imo</span> <span class='ocrx_word' id='word_1_121' title='bbox 885 2625 929 2665; x_wconf 79' lang='lat' dir='ltr'>A,</span> <span class='ocrx_word' id='word_1_122' title='bbox 956 2625 1057 2658; x_wconf 89' lang='lat' dir='ltr'>inmo</span> <span class='ocrx_word' id='word_1_123' title='bbox 1081 2623 1118 2658; x_wconf 90' lang='lat' dir='ltr'><em>B</em></span> <span class='ocrx_word' id='word_1_124' title='bbox 1224 2635 1335 2669; x_wconf 86' lang='lat' dir='ltr'>quom</span> <span class='ocrx_word' id='word_1_125' title='bbox 1361 2635 1427 2661; x_wconf 82' lang='lat' dir='ltr'>om.</span> <span class='ocrx_word' id='word_1_126' title='bbox 1532 2624 1635 2660; x_wconf 79' lang='lat' dir='ltr'>intus</span> 
     </span>
    </p>
   </div>
   <div class='ocr_carea' id='block_1_17' title="bbox 60 2663 1636 2781">
    <p class='ocr_par' dir='ltr' id='par_1_17' title="bbox 60 2663 1636 2781">
     <span class='ocr_line' id='line_1_31' title="bbox 60 2663 1636 2725; baseline 0.002 -12"><span class='ocrx_word' id='word_1_127' title='bbox 60 2663 77 2719; x_wconf 9' lang='grc' dir='ltr'>θ,</span> <span class='ocrx_word' id='word_1_128' title='bbox 146 2679 236 2716; x_wconf 81' lang='lat'>1358</span> <span class='ocrx_word' id='word_1_129' title='bbox 260 2686 399 2725; x_wconf 80' lang='lat' dir='ltr'>egonet</span> <span class='ocrx_word' id='word_1_130' title='bbox 423 2681 457 2715; x_wconf 78' lang='lat' dir='ltr'><strong><em>A</em></strong></span> <span class='ocrx_word' id='word_1_131' title='bbox 546 2685 638 2725; x_wconf 87' lang='lat' dir='ltr'>quot</span> <span class='ocrx_word' id='word_1_132' title='bbox 661 2679 706 2722; x_wconf 78' lang='lat' dir='ltr'>B,</span> <span class='ocrx_word' id='word_1_133' title='bbox 733 2680 832 2724; x_wconf 73' lang='lat' dir='ltr'>quod</span> <span class='ocrx_word' id='word_1_134' title='bbox 859 2679 887 2714; x_wconf 88' lang='lat' dir='ltr'><strong><em>C</em></strong></span> <span class='ocrx_word' id='word_1_135' title='bbox 979 2684 1128 2724; x_wconf 85' lang='lat' dir='ltr'>protore</span> <span class='ocrx_word' id='word_1_136' title='bbox 1153 2680 1189 2716; x_wconf 92' lang='grc' dir='ltr'><strong><em>Β</em></strong></span> <span class='ocrx_word' id='word_1_137' title='bbox 1283 2691 1374 2725; x_wconf 78' lang='lat' dir='ltr'>opus</span> <span class='ocrx_word' id='word_1_138' title='bbox 1400 2683 1456 2716; x_wconf 76' lang='lat' dir='ltr'>est</span> <span class='ocrx_word' id='word_1_139' title='bbox 1551 2681 1636 2716; x_wconf 83' lang='lat'><strong>1360</strong></span> 
     </span>
     <span class='ocr_line' id='line_1_32' title="bbox 79 2736 1635 2781; baseline 0.001 -10.981"><span class='ocrx_word' id='word_1_140' title='bbox 79 2770 83 2773; x_wconf 18' lang='grc' dir='ltr'><strong>Α</strong></span> <span class='ocrx_word' id='word_1_141' title='bbox 142 2736 304 2781; x_wconf 80' lang='lat' dir='ltr'>phippos</span> <span class='ocrx_word' id='word_1_142' title='bbox 327 2736 363 2771; x_wconf 88' lang='lat' dir='ltr'><em>B</em></span> <span class='ocrx_word' id='word_1_143' title='bbox 435 2738 521 2772; x_wconf 86' lang='lat'>1361</span> <span class='ocrx_word' id='word_1_144' title='bbox 554 2738 583 2771; x_wconf 79' lang='lat' dir='ltr'>A</span> <span class='ocrx_word' id='word_1_145' title='bbox 611 2747 680 2772; x_wconf 88' lang='lat' dir='ltr'>om.</span> <span class='ocrx_word' id='word_1_146' title='bbox 763 2737 850 2771; x_wconf 86' lang='lat'><strong>1363</strong></span> <span class='ocrx_word' id='word_1_147' title='bbox 875 2736 972 2770; x_wconf 88' lang='lat' dir='ltr'>hunc</span> <span class='ocrx_word' id='word_1_148' title='bbox 997 2746 1063 2771; x_wconf 83' lang='lat' dir='ltr'>om.</span> <span class='ocrx_word' id='word_1_149' title='bbox 1091 2736 1119 2771; x_wconf 77' lang='lat' dir='ltr'><em>A</em></span> <span class='ocrx_word' id='word_1_150' title='bbox 1198 2737 1281 2772; x_wconf 79' lang='lat' dir='ltr'>dem</span> <span class='ocrx_word' id='word_1_151' title='bbox 1305 2737 1342 2772; x_wconf 89' lang='lat' dir='ltr'><strong><em>B</em></strong></span> <span class='ocrx_word' id='word_1_152' title='bbox 1414 2737 1501 2772; x_wconf 83' lang='lat'>1364</span> <span class='ocrx_word' id='word_1_153' title='bbox 1524 2737 1635 2772; x_wconf 77' lang='lat' dir='ltr'>habe-</span> 
     </span>
    </p>
   </div>
   <div class='ocr_carea' id='block_1_18' title="bbox 0 664 130 3243">
    <p class='ocr_par' dir='ltr' id='par_1_18' title="bbox 0 664 130 3243">
     <span class='ocr_line' id='line_1_33' title="bbox 0 664 130 3243; baseline 0 0"><span class='ocrx_word' id='word_1_154' title='bbox 0 664 130 3243; x_wconf 95' lang='lat' dir='ltr'> </span> 
     </span>
    </p>
   </div>
   <div class='ocr_carea' id='block_1_19' title="bbox 141 2792 1364 2899">
    <p class='ocr_par' dir='ltr' id='par_1_19' title="bbox 141 2792 1364 2899">
     <span class='ocr_line' id='line_1_34' title="bbox 141 2792 1364 2838; baseline 0 -10"><span class='ocrx_word' id='word_1_155' title='bbox 141 2803 224 2828; x_wconf 83' lang='lat' dir='ltr'>mus</span> <span class='ocrx_word' id='word_1_156' title='bbox 250 2792 280 2828; x_wconf 84' lang='grc' dir='ltr'><em>Ο</em></span> <span class='ocrx_word' id='word_1_157' title='bbox 373 2794 459 2828; x_wconf 84' lang='grc'><strong>1366</strong></span> <span class='ocrx_word' id='word_1_158' title='bbox 482 2797 632 2838; x_wconf 76' lang='lat' dir='ltr'>postu-o</span> <span class='ocrx_word' id='word_1_159' title='bbox 658 2793 693 2827; x_wconf 77' lang='lat' dir='ltr'><strong><em>A</em></strong></span> <span class='ocrx_word' id='word_1_160' title='bbox 789 2793 947 2827; x_wconf 62' lang='lat' dir='ltr'>„ccidit</span> <span class='ocrx_word' id='word_1_161' title='bbox 972 2792 1004 2826; x_wconf 78' lang='lat' dir='ltr'><strong><em>A</em></strong></span> <span class='ocrx_word' id='word_1_162' title='bbox 1103 2793 1190 2827; x_wconf 85' lang='grc'><strong>1367</strong></span> <span class='ocrx_word' id='word_1_163' title='bbox 1215 2793 1303 2838; x_wconf 81' lang='lat' dir='ltr'>quid</span> <span class='ocrx_word' id='word_1_164' title='bbox 1327 2793 1364 2828; x_wconf 90' lang='grc' dir='ltr'><strong><em>Β</em></strong></span> 
     </span>
     <span class='ocr_line' id='line_1_35' title="bbox 1298 2863 1359 2899; baseline 0 0"><span class='ocrx_word' id='word_1_165' title='bbox 1298 2863 1359 2899; x_wconf 83' lang='lat'>14·</span> 
     </span>
    </p>
   </div>
  </div>
 </body>
</html>
