1963 3243
94 163 154 207 IV,
178 164 210 204 6,
235 163 371 198 47-53
645 160 753 195 Miles
778 160 975 204 gloriosus.
1475 166 1553 204 109

602 286 1039 329 Acroteleutium

366 360 445 402 Ita.

634 438 1010 494 Milphidippa

418 511 514 553 Non
546 510 686 553 uideo.
749 510 832 552 Ubi
865 512 960 552 est?

604 625 1040 668 Acroteleutium

973 698 1151 741 Uideres
1184 699 1268 754 pol,
1302 700 1338 741 si
1371 714 1552 742 amares.

637 812 1009 868 Milphidippa

92 886 187 929 Non
220 884 375 939 edepol
407 888 454 926 tu
486 884 609 926 illum
641 886 779 939 magis
811 899 932 928 amas
965 899 1095 940 quam
1128 899 1207 939 ego
1239 900 1391 938 amem,
1425 887 1460 929 si
1480 901 1556 941 per

1112 963 1155 1001 te
1187 958 1331 1001 liceat.

662 1060 978 1104 Palaestrio

92 1134 248 1177 Omnes
288 1133 483 1188 profecto
524 1133 726 1176 mulieres
758 1139 801 1176 te
834 1140 995 1186 amant,
1028 1140 1077 1177 ut
1108 1150 1309 1190 quaeque
1341 1136 1552 1190 adspexit.

594 1247 1045 1302 Pyrgopolinices

91 1320 247 1364 Nescio
275 1326 322 1363 tu
349 1335 400 1362 ex
424 1334 490 1362 me
518 1320 600 1363 hoc
624 1321 847 1363 audiueris
873 1336 926 1364 an
945 1336 1050 1364 non:
1084 1338 1217 1378 nepos
1243 1338 1337 1365 Sum
1358 1322 1552 1366 Ueneris.

598 1435 1041 1479 Acroteleutium

91 1507 185 1550 Mea
218 1507 520 1562 Milphidippa,
554 1507 625 1550 adi
657 1508 838 1551 obsecro
872 1514 915 1551 et
947 1509 1223 1564 congredere.

594 1622 1038 1676 Pyrgopolinices

1043 1697 1099 1740 Ut
1131 1712 1197 1740 me
1230 1699 1427 1741 ueretur!
1465 1711 1553 1744 1260

661 1798 975 1842 Palaestrio

90 1867 172 1910 Illa
201 1868 257 1910 ad
288 1882 367 1911 nos
399 1871 554 1924 pergit.

633 1952 1000 2008 Milphidippa

566 2025 654 2068 Uos
689 2025 802 2069 uolo.

662 2140 976 2183 Palaestrio

841 2213 897 2255 Et
927 2218 1092 2256 noste.

640 2327 1008 2384 Milphidippa

1284 2402 1342 2445 Ut
1371 2404 1550 2456 iussisti,

93 2467 220 2511 Eram
252 2484 392 2512 meam
424 2471 552 2513 eduxi
583 2471 712 2515 foras.

185 2620 272 2653 1256
297 2619 423 2654 uidere
450 2620 568 2664 spolia
593 2632 712 2655 mares
737 2620 773 2655 B
868 2623 954 2656 1257
981 2633 1049 2664 ego
1076 2634 1157 2656 mea
1183 2623 1213 2656 si
1238 2627 1274 2657 te
1300 2623 1481 2667 perlieeat
1505 2623 1552 2667 B,

95 2685 165 2719 ego
190 2676 280 2710 mesi
305 2680 432 2721 aperte
458 2677 569 2712 liceat
596 2677 625 2713 G
717 2679 804 2712 1258
819 2677 945 2713 Omnis
972 2679 1000 2713 C
1091 2679 1288 2724 quoqueB
1383 2682 1470 2715 1259
1494 2692 1552 2715 me

95 2743 139 2767 ex
173 2732 243 2769 hoc
281 2734 443 2769 audieris
539 2736 626 2770 1260
662 2734 732 2770 PY.
769 2745 837 2770 om.
933 2737 1016 2772 1261
1057 2736 1127 2771 PY.
1165 2737 1214 2770 Et
1309 2738 1395 2772 1262
1426 2738 1554 2772 eduxit

95 2788 181 2824 soris
205 2789 241 2824 B
