1963 3243
327 168 376 206 18
986 165 1106 199 Plauti
1510 166 1557 209 II,
1582 167 1614 208 2,
1638 167 1773 201 61-—77

322 289 413 330 Nisi
445 289 618 342 quidem
648 288 716 330 hic
747 290 911 342 agitare
943 291 1080 332 mauis
1111 291 1258 332 uarius
1289 291 1424 343 uirgis
1457 290 1642 344 uigilias.

322 360 417 401 Tibi
449 374 527 413 ego
559 361 676 412 dico;
708 375 764 402 an
795 375 861 402 me
892 361 956 402 ita
980 366 1025 401 tu
1052 362 1189 403 nescis
1214 366 1257 403 te
1283 361 1471 415 adloqui,
1504 362 1771 406 Palaestrio?

325 431 466 484 Uigila
482 432 667 484 inquam,
688 433 975 485 expergiscere
991 433 1187 485 inquam3
1205 432 1324 474 lucet
1341 433 1421 474 hoc
1438 434 1628 485 inquam.
1801 424 1808 428 ’

890 544 1201 586 Palaestrio

1525 617 1674 660 Audio.
1706 630 1773 663 220

807 706 1285 761 Periplecomenus

321 778 457 819 Uiden
489 778 626 819 hostis
658 777 739 819 tibi
770 777 925 820 adesse
957 783 1120 832 tuoque
1153 779 1268 831 tergo
1302 778 1513 820 obsidium
1547 779 1743 820 consuli?

322 850 474 904 Arripe
506 863 630 902 opem
662 849 956 904 auxiliumque
988 850 1043 891 ad
1075 850 1186 891 hanc
1209 864 1320 902 rem3
1351 864 1534 904 propere
1561 850 1654 901 hoc,
1687 865 1772 892 non

1392 921 1574 975 placide,
1607 922 1742 964 decet.

321 993 532 1034 Anteueni
565 998 606 1034 et
639 993 788 1047 aliqua
818 994 963 1048 aliquo
997 994 1108 1035 saltu
1141 993 1412 1035 circumduce
1444 995 1693 1036 exercitum.

320 1063 434 1117 Coge
464 1065 507 1105 in
541 1064 758 1106 obsidium
788 1065 1036 1119 perduellis,
1069 1066 1229 1107 nostris
1261 1066 1526 1118 praesidium
1554 1080 1676 1120 para.

320 1136 566 1178 Interclude
598 1137 680 1177 iter
710 1137 894 1178 inimicis
927 1142 1090 1187 contra,
1123 1136 1203 1178 tibi
1236 1138 1354 1178 muni
1386 1138 1512 1188 uiam,
1707 1147 1773 1182 225

321 1209 415 1259 Qua
445 1208 612 1250 cibatus
644 1213 979 1263 conmeatusque
1011 1209 1067 1250 ad
1099 1214 1140 1250 te
1172 1213 1214 1250 et
1243 1208 1431 1261 legiones
1462 1213 1562 1251 tuas

319 1280 431 1322 Tuto
463 1281 601 1333 possit
632 1281 874 1333 peruenire.
937 1281 1060 1322 Hanc
1090 1295 1180 1322 rem
1211 1295 1310 1334 age3
1342 1295 1410 1323 res
1443 1281 1715 1324 subitariast.

321 1353 491 1406 Reperi,
523 1352 849 1401 comminiscere,
883 1353 988 1393 cedo
1021 1352 1210 1394 calidum
1243 1353 1471 1394 consilium
1502 1354 1601 1404 cito,

320 1423 441 1473 Quae
465 1425 534 1465 hic
558 1429 658 1465 sunt
681 1425 777 1465 uisa
800 1429 849 1465 ut
873 1425 966 1466 uisa
991 1439 1042 1465 ne
1070 1426 1168 1475 sint,
1199 1424 1314 1466 facta
1338 1430 1388 1465 ut
1419 1425 1535 1467 facta
1565 1439 1617 1467 ne
1648 1426 1770 1466 sient.

320 1496 523 1550 Magnam
541 1497 629 1537 illic
646 1495 772 1536 homo
791 1510 882 1536 rem
905 1497 1129 1550 incipissit,
1154 1511 1310 1549 magna
1333 1497 1469 1538 munit
1493 1498 1675 1539 moenia.
1707 1509 1774 1542 230

320 1568 384 1609 Tu
415 1583 524 1610 unus
556 1569 590 1609 si
619 1569 812 1622 recipere
844 1567 925 1610 hoc
957 1569 1011 1610 ad
1043 1573 1085 1610 te
1117 1569 1234 1620 dicis,
1268 1568 1573 1610 confidentiast

320 1641 406 1682 Nos
436 1641 633 1682 inimicos
664 1639 893 1694 profligare
925 1654 1066 1694 posse.

891 1753 1204 1796 Palaestrio

1133 1827 1237 1868 Dico
1269 1830 1313 1868 et
1342 1827 1503 1881 recipio

320 1898 383 1939 Ad
417 1912 495 1949 me,
529 1902 572 1939 et
604 1911 682 1950 ego
715 1898 949 1952 impetrare
983 1897 1076 1939 dico
1108 1898 1151 1939 id
1184 1898 1299 1952 quod
1330 1899 1454 1952 petis.

808 2012 1279 2065 Periplecomenus

1450 2085 1503 2125 At
1520 2088 1562 2125 te
1579 2084 1774 2138 Iuppiter

319 2155 433 2196 Bene
465 2159 591 2208 amet,
622 2155 763 2196 auden
796 2157 1059 2210 participare
1090 2171 1156 2198 me
1189 2155 1304 2210 quod
1336 2155 1600 2197 conmentu's
1613 2156 1632 2195 ἶ)

408 2315 475 2348 218
500 2314 641 2357 agitare
666 2313 700 2346 B
791 2315 923 2358 uigilas
1007 2315 1072 2348 219
1098 2313 1311 2348 anheriatus
1337 2314 1450 2348 uestis
1474 2313 1564 2348 heus
1590 2318 1626 2348 te
1707 2315 1774 2348 220

319 2372 488 2415 expergis
579 2372 692 2414 inqua
779 2372 840 2404 221
870 2370 1008 2405 Uident
1088 2382 1176 2415 ergo
1259 2371 1326 2405 222
1350 2370 1499 2414 Arripet
1578 2381 1772 2415 properem

408 2429 472 2462 223
500 2430 535 2461 et
560 2438 625 2462 om.
655 2427 684 2462 G
773 2427 914 2471 aliquos
941 2431 1047 2462 auttu
1073 2427 1119 2471 B,
1146 2428 1288 2472 aliquos
1314 2431 1402 2461 autu
1429 2426 1460 2462 C
1549 2428 1615 2461 224
1640 2427 1711 2461 Cor
1734 2428 1772 2462 iu

408 2485 473 2517 225
508 2483 752 2518 Intercludite
791 2484 949 2518 inimicis
988 2487 1233 2518 commeatum
1346 2486 1410 2518 226
1446 2484 1603 2527 legionis
1707 2486 1774 2519 227

319 2552 471 2584 aggeres
495 2540 522 2574 G
602 2542 668 2575 228
688 2540 862 2585 Repperit
878 2540 925 2583 B,
948 2541 1100 2584 Reperit
1121 2541 1149 2576 G
1228 2542 1293 2576 229
1315 2541 1458 2575 suntuis
1481 2540 1551 2584 (Bz
1578 2540 1772 2585 sunt'tuis)

320 2602 382 2631 aut
413 2597 467 2631 tui
499 2609 586 2631 sane
618 2598 694 2631 sint
727 2597 825 2632 facta
852 2599 988 2632 insecta
1013 2611 1058 2633 ne
1085 2600 1156 2633 siet,
1258 2599 1324 2632 230
1349 2597 1526 2631 honorem
1552 2598 1681 2641 incipis
1707 2598 1772 2632 sed

317 2665 452 2697 magna
477 2654 625 2688 munitis
654 2655 777 2688 menia
881 2656 944 2688 231
974 2654 1186 2689 Tudeunius
1212 2655 1255 2698 B,
1282 2654 1480 2689 Tudeunus
1508 2654 1536 2688 C
1640 2657 1699 2689 ate
1725 2653 1770 2694 Β,

319 2715 357 2744 at
388 2714 424 2744 te
452 2710 480 2745 G
581 2711 646 2744 232
678 2707 798 2755 possit
901 2712 965 2744 233
991 2711 1061 2746 PE.
1095 2716 1132 2745 et
1165 2723 1272 2755 egom
1304 2712 1527 2755 inpetrarem
1561 2711 1682 2745 dicom

318 2766 388 2800 ΡΑ.
417 2769 466 2800 At
559 2769 624 2801 234
650 2767 723 2802 ΡΕ.
751 2773 813 2801 aut
838 2768 983 2811 inparte
1008 2768 1092 2802 mici
1119 2780 1204 2812 pare
1230 2779 1287 2802 me
