1963 3243
741 209 781 244 V.
807 211 996 245 222—280.
1521 215 1600 253 325

146 340 302 385 habeut,
354 339 536 390 „atque“,
586 340 633 377 de
679 352 757 389 quo
797 353 831 376 v.
873 339 921 375 ad
963 339 1102 376 Bacch.
1148 340 1240 375 276.
1277 358 1328 364 —
1369 340 1447 377 254
1490 340 1603 377 affert

146 408 332 446 Priscian.
374 408 443 445 XV
485 422 520 458 p.
567 410 684 446 1008.
748 407 840 444 I’ost
876 408 956 445 heri
995 408 1137 454 hiatur,
1182 422 1214 443 v.
1249 407 1403 455 Proleg.
1436 421 1473 456 p.
1508 410 1600 446 224.

146 476 250 515 Cam.
296 490 397 526 „qua
438 476 521 513 heri
560 475 644 514 est“
680 476 740 513 ed.
773 496 826 501 —
860 478 952 514 255.
993 476 1087 514 illuc
1117 479 1163 513 A.
1196 495 1250 500 —
1283 477 1374 513 256.
1416 476 1602 513 Inscende)

145 546 183 582 in
224 553 260 581 et
299 545 461 582 deueleor
498 546 544 582 A.
606 544 750 582 Hiatur
788 545 826 582 in
867 558 1026 582 caesura.
1061 562 1113 570 --
1155 545 1247 582 257.
1288 543 1415 591 Atque
1453 544 1503 580 ibe·
1539 556 1602 590 eyo

144 615 284 662 aspicio
321 614 366 651 A.
401 633 453 638 —
487 615 565 651 259
605 626 662 663 sq.
707 626 808 659 „non
850 615 906 650 ita
936 618 980 650 ut
1008 616 1092 651 sani
1125 615 1253 650 solent
1284 614 1396 658 Amo,
1427 613 1519 649 sed“
1557 611 1599 648 R.

144 701 198 708 —
230 683 321 720 261.
353 683 521 730 equidem
551 682 673 719 hercle
701 694 764 729 eyo
796 683 850 730 A;
889 696 923 720 v.
957 683 1005 720 ad
1039 682 1179 732 Amph.
1214 683 1306 719 757.
1343 700 1390 706 —
1427 682 1520 719 262.
1553 682 1604 719 ad

143 752 211 789 hoc
241 752 464 799 eaeemplum,
498 752 564 797 ita,
598 751 645 788 cf.
678 751 727 788 ad
754 751 835 788 Mil.
863 752 957 789 402.
992 771 1043 776 —
1078 752 1156 789 263
1175 764 1232 800 sq.
1259 751 1339 788 Hos
1365 751 1442 788 duo
1467 763 1601 788 versus

143 820 256 858 Both.
291 824 329 858 et
362 820 404 857 R.
438 823 530 869 post
560 832 594 856 v.
629 820 707 856 267
740 824 971 869 posuerunt,
1008 819 1076 857 sed
1109 819 1156 856 ab
1188 819 1512 857 antecedentibus
1543 820 1600 857 di-

142 889 233 926 velli
273 902 349 926 non
391 889 550 926 debent.
611 887 651 926 Si
690 889 750 925 cui
789 901 944 926 necesse
986 889 1157 934 videtur,
1200 893 1243 926 ut
1283 902 1320 926 v.
1355 889 1430 926 265
1465 901 1600 926 narra-

141 959 287 994 tionem
328 958 420 994 tacti
460 959 593 994 statim
632 964 834 1006 sequatur,
875 962 964 1007 post
995 959 1076 995 260
1108 957 1312 1007 ponendus
1344 962 1415 1004 est,
1446 970 1600 994 versus·

141 1039 216 1074 que
250 1027 443 1063 261—-64
482 1039 554 1075 pro
592 1026 736 1074 spuriis
767 1025 951 1063 habendi.
983 1046 1038 1051 --
1069 1027 1206 1074 quanti
1233 1027 1324 1063 siem
1355 1027 1399 1062 A.
1432 1044 1487 1050 —
1519 1026 1598 1063 266

142 1107 189 1131 ex
221 1096 251 1131 A
293 1094 420 1132 editus
461 1099 531 1137 est,
572 1098 749 1131 extrema
788 1094 987 1143 supplevit
1025 1095 1070 1133 R.
1103 1115 1156 1119 —
1189 1095 1282 1132 267.
1316 1097 1444 1131 exstat
1476 1095 1515 1130 in
1547 1095 1599 1141 A;

141 1161 236 1211 legit
268 1161 442 1200 stadem.
477 1162 591 1200 Stud.
622 1161 640 1199 I
671 1176 708 1212 p.
745 1163 837 1200 264.
871 1182 925 1187 —
959 1163 1037 1201 268
1071 1166 1176 1201 recte
1207 1163 1252 1200 A.

255 1232 346 1269 269.
379 1231 500 1269 Novae
538 1245 662 1269 scenae
700 1233 738 1269 in
776 1232 810 1268 A
842 1232 926 1269 sola
957 1233 1113 1270 nomina
1145 1230 1477 1270 LYSIMACHUS
1509 1230 1597 1268 DE—

140 1299 306 1337 MIPHO
344 1301 575 1350 praescripta
614 1305 717 1337 sunt.
780 1300 891 1346 Quod
930 1302 969 1338 in
1009 1300 1037 1338 C
1076 1301 1254 1347 additur,
1299 1299 1368 1338 DU
1405 1298 1599 1349 significat

139 1367 380 1416 dimrbium,
429 1383 462 1405 v.
510 1367 664 1418 Proleg.
702 1383 740 1419 p.
785 1370 875 1406 171.
939 1369 1193 1418 Lysimachus
1232 1382 1352 1406 senex
1392 1369 1473 1405 exit
1513 1381 1598 1405 cum

138 1449 264 1481 servo,
305 1437 372 1486 qui
413 1438 451 1474 in
491 1436 603 1474 codd.
646 1437 814 1475 lorarius
853 1437 1012 1484 dicitur,
1053 1438 1098 1476 cf.
1140 1437 1238 1475 Gell.
1279 1437 1330 1483 X,
1363 1438 1383 1474 3
1417 1439 1515 1474 extr.
1551 1436 1598 1473 de

138 1504 379 1542 Bruttianis:
431 1505 494 1551 „hi
532 1505 801 1555 sequebantur
839 1509 1098 1556 magistratus
1129 1511 1331 1556 tamquam
1363 1507 1402 1542 in
1435 1505 1598 1542 scenicis

138 1572 281 1611 fabulis
313 1576 380 1623 qui
422 1573 654 1612 dicebantur
693 1575 841 1622 lorarii,
881 1579 920 1612 et
961 1589 1057 1625 quos
1097 1579 1209 1612 erant
1248 1576 1341 1612 iussi
1373 1573 1598 1611 vinciebant

138 1645 207 1679 aut
236 1640 538 1680 verberabant“.
585 1644 642 1680 Ac
671 1643 767 1680 loris
798 1643 960 1694 quidem
991 1645 1173 1693 antiquos
1205 1643 1253 1680 ad
1277 1642 1528 1680 vinciendum
1559 1647 1599 1678 et

137 1710 419 1748 verberandum
459 1724 551 1749 usos
597 1725 679 1749 esse
725 1716 898 1755 constat,
945 1725 980 1749 v.
1021 1712 1135 1763 Capt.
1183 1713 1277 1750 652.
1338 1710 1456 1761 Epid.
1504 1711 1596 1748 682.

138 1777 222 1815 Mil.
253 1780 340 1816 157.
382 1779 522 1816 Pseud.
553 1781 642 1818 144.
677 1780 740 1827 al.,
775 1785 817 1817 ut
849 1786 955 1818 recte
987 1782 1124 1818 lorarii
1150 1781 1228 1819 dici
1256 1782 1423 1831 possint,
1455 1779 1598 1829 quibus

138 1845 209 1884 hoc
239 1846 408 1884 officium
442 1847 665 1894 mandatur,
698 1863 733 1887 v.
768 1849 879 1899 Capt.
916 1851 1007 1888 110.
1035 1851 1128 1888 653.
1176 1849 1294 1887 Most.
1325 1849 1443 1886 1046.
1493 1847 1595 1885 Men.

138 1916 229 1954 971.
279 1916 364 1954 Mil.
407 1917 526 1954 1387.
587 1917 687 1954 Rud.
728 1918 828 1965 6963
870 1917 936 1956 sed
977 1919 1112 1956 eodem
1145 1919 1300 1956 nomine
1331 1917 1596 1968 appellantur,

137 1983 202 2020 ubi
241 1998 319 2022 non
358 1985 592 2022 verberandi
631 1999 747 2024 causa
784 1986 851 2024 sed
890 1989 1051 2024 omnino
1091 1989 1224 2037 operis
1261 1986 1432 2023 faciendi
1470 1987 1597 2035 gratia

137 2051 270 2089 herum
304 2057 536 2102 sequuntur,
569 2058 614 2091 ut
644 2055 681 2092 h.
714 2055 737 2091 l.
771 2060 811 2092 et
842 2055 984 2093 Pseud.
1022 2056 1112 2093 133.
1147 2074 1198 2080 —
1232 2055 1325 2092 270.
1358 2054 1502 2091 exhibet
1530 2065 1595 2091 ne-

133 2122 292 2169 yotstcm,
333 2124 452 2158 nimia
491 2123 707 2160 ferocitate.
739 2143 794 2149 —
827 2125 920 2162 272.
960 2137 1007 2163 ne
1047 2136 1102 2161 me
1131 2136 1232 2163 uxor
1262 2124 1306 2160 A.
1341 2142 1388 2148 —
1424 2123 1518 2160 273.
1550 2134 1597 2160 ac

137 2192 259 2227 metuo
297 2202 344 2228 ne
381 2190 487 2228 illaec
516 2191 562 2228 A.
624 2191 670 2229 R.
710 2193 820 2242 praef.
861 2206 899 2243 p.
935 2192 1005 2230 VII
1045 2206 1201 2231 versum
1241 2193 1418 2243 spurium
1452 2195 1594 2228 censet.

137 2277 192 2282 —
223 2248 316 2296 274.
359 2259 472 2297 nilico
509 2260 679 2310 simplici
724 2261 736 2297 l
773 2261 855 2298 fere
894 2265 1122 2299 constanter
1161 2261 1274 2299 codd.
1316 2260 1501 2298 Plautini.
1545 2279 1595 2284 —

139 2327 232 2364 275.
265 2328 405 2365 Pisteas.
437 2330 584 2374 Πίστος,
624 2328 758 2366 villico
788 2342 928 2367 nomen
960 2334 1030 2367 est.
1091 2329 1187 2367 Eius
1219 2342 1319 2367 curae
1351 2330 1482 2366 omniu
1513 2341 1593 2365 cre·

138 2395 218 2433 dita
262 2401 376 2443 sunt;
423 2399 558 2447 itaque
606 2394 688 2444 ipsi,
736 2412 812 2437 non
859 2398 926 2435 alii
972 2400 1141 2449 cuipiam
1186 2411 1401 2442 servorum,
1448 2400 1596 2434 rastros

136 2465 292 2502 tradere
332 2465 461 2503 debet.
524 2466 569 2503 R.
611 2472 778 2504 temere:
825 2467 1000 2515 „Praesto
1040 2472 1082 2505 ut
1120 2450 1239 2504 sint&
1315 2466 1414 2504 Pisti
1454 2479 1594 2503 nomen

138 2539 266 2570 exstat
304 2547 338 2571 v.
371 2548 402 2571 c.
443 2536 481 2571 in
518 2535 636 2573 titulo
677 2535 889 2584 sepulcrali
929 2537 1034 2586 apud
1074 2536 1247 2573 Brizium
1286 2535 1440 2572 Pitture
1479 2547 1498 2572 e
1538 2547 1595 2572 se-

137 2602 288 2651 polchri
321 2602 516 2652 Esquilini
548 2617 586 2653 p.
620 2603 692 2642 35:
737 2603 800 2650 „C.
835 2604 1022 2642 Terentio
1056 2604 1163 2642 Pisto
1195 2603 1346 2641 medico
1379 2600 1594 2641 oculario“.

138 2689 191 2695 —-
223 2671 317 2708 278.
351 2672 441 2708 mim*
471 2674 544 2708 tres
574 2672 657 2709 lites
689 2673 939 2718 indieanclas;
969 2673 1120 2710 arbiter
1150 2677 1286 2722 captus
1311 2676 1380 2709 est.
1412 2691 1466 2696 —
1501 2671 1594 2708 279.

138 2739 167 2776 Ι
189 2743 227 2777 et
256 2742 300 2776 A.
350 2739 404 2776 De
435 2741 631 2790 scriptura
662 2742 707 2787 ei,
739 2743 849 2778 cuius
880 2742 997 2779 etiam
1031 2742 1132 2778 infra
1162 2741 1341 2791 exempla
1371 2744 1594 2786 occurrunt,

137 2819 173 2844 v.
212 2807 260 2844 ad
300 2809 407 2846 Asin.
447 2809 541 2846 482.
574 2828 629 2834 —
661 2809 755 2847 280.
793 2809 1005 2855 Tantumst,
1052 2809 1152 2847 nihil
1197 2809 1382 2860 amplius,
1430 2809 1475 2847 cf.
1506 2808 1592 2847 Cas.
