1963 3243
294 187 317 224 3
322 187 346 226 2
955 183 1073 218 Plauti
1477 181 1529 226 II,
1553 185 1584 223 4,
1613 183 1744 217 16—26

874 307 901 350 S
913 322 935 350 c
947 308 993 349 el
1005 322 1028 350 e
1039 307 1066 349 d
1077 313 1136 349 ru
1147 322 1166 349 s

1023 378 1271 432 Numquam
1302 378 1447 420 hercle
1479 379 1741 431 deterrebor,

290 453 401 502 Quin
433 452 615 493 uiderim
647 451 691 492 id
725 451 840 504 quod
871 450 1067 491 uiderim.

782 589 1239 631 Philocomasium

1031 664 1120 714 Ego
1154 659 1290 702 stulta
1320 663 1364 700 et
1393 673 1515 701 mora
1545 661 1739 712 multum,

288 733 407 784 Quae
425 748 520 776 cum
535 733 618 775 hoc
634 734 788 775 insano
806 732 989 782 fabuler,
1015 747 1144 786 quem
1169 731 1242 785 pol
1268 745 1345 784 ego
1371 732 1528 784 capitis
1548 732 1738 785 perdam.

871 871 1162 913 Sceledrus

284 946 385 988 Noli
418 946 628 996 minitari3
662 945 751 985 scio
784 956 956 984 crucem
987 942 1177 984 futuram
1209 942 1312 983 mihi
1344 942 1611 996 sepulcrum3

285 1018 351 1058 Ibi
377 1018 458 1058 mei
483 1023 583 1058 sunt
608 1017 792 1058 maiores
817 1016 901 1064 siti,
928 1018 1065 1068 pater,
1091 1028 1210 1063 auos,
1237 1028 1438 1067 proauos,
1466 1013 1642 1056 abauos.
1674 1026 1740 1059 375

284 1089 381 1130 Non
411 1089 516 1131 mihi
549 1092 732 1142 possunt
762 1087 958 1137 minaciis
989 1087 1078 1127 tuis
1108 1087 1226 1127 hisce
1259 1085 1371 1127 oculi
1403 1085 1596 1127 exfodiri.

286 1161 370 1203 Sed
403 1162 551 1215 paucis
581 1160 727 1201 uerbis
759 1164 801 1201 te
832 1158 945 1205 uolo,
974 1158 1229 1200 Palaestrio.
1291 1157 1483 1199 Obsecro
1514 1163 1570 1207 te,

286 1232 410 1274 Unde
428 1234 517 1274 exit
533 1232 670 1274 haee?

861 1348 1168 1389 Palaestrio

691 1421 813 1462 Unde
830 1421 912 1461 nisi
931 1420 1086 1461 domo?

869 1560 1158 1602 Sceledrus

1096 1631 1260 1672 Domo?

853 1768 1165 1810 Palaestrio

1244 1839 1313 1881 Me
1344 1839 1504 1880 uiden?

876 1956 1151 1999 Sceledrus

1500 2013 1559 2055 Te
1585 2013 1734 2064 uideo;

280 2090 373 2132 Nisi
386 2091 583 2131 mirumst
595 2089 780 2139 facinus,
793 2101 877 2142 quo
890 2087 1016 2129 modo
1030 2086 1140 2127 haec
1153 2086 1251 2126 hinc
1267 2085 1353 2126 huc
1369 2086 1554 2127 transire
1573 2086 1735 2139 potuit3

280 2162 391 2203 Nam
417 2166 535 2203 certo
561 2174 700 2214 neque
719 2160 971 2201 solariumst
987 2158 1103 2212 apud
1120 2172 1197 2199 nos
1213 2171 1354 2211 neque
1372 2157 1524 2199 hortus
1540 2158 1655 2199 ullus
1672 2169 1739 2203 380

279 2235 428 2288 Neque
444 2233 636 2276 fenestra
651 2233 734 2274 nisi
753 2232 958 2283 clatrata3
983 2244 1083 2272 nam
1108 2233 1225 2271 certe
1252 2242 1330 2281 ego
1348 2234 1391 2271 te
1409 2229 1479 2271 hic
1495 2230 1612 2271 intus
1631 2230 1734 2271 uidi.

371 2394 434 2426 371
463 2392 548 2426 dat.
563 2419 570 2427 .
588 2419 595 2426 .
610 2390 714 2425 rebo.
738 2389 784 2434 B,
812 2389 986 2424 deterebo
1016 2388 1045 2424 0
1127 2390 1193 2423 372
1218 2387 1319 2433 quod
1344 2387 1481 2422 uiderit
1504 2387 1540 2422 Β
1622 2388 1737 2422 stulta

278 2461 404 2484 moror
430 2449 459 2483 O
548 2451 613 2483 373
640 2447 782 2481 insanio
806 2446 835 2482 0
922 2445 1063 2480 fabulet
1084 2446 1126 2489 B,
1153 2445 1312 2479 fabulem
1337 2444 1365 2479 O
1455 2444 1588 2488 perdat
1612 2445 1646 2479 B

280 2508 345 2540 375
369 2517 428 2540 me
455 2505 484 2540 Ο
568 2505 726 2539 maiores
753 2507 840 2538 sunt
864 2502 932 2538 BC
1021 2503 1078 2537 siti
1107 2514 1170 2537 om.
1198 2502 1234 2536 Β
1315 2503 1381 2536 376
1405 2505 1561 2545 possunt
1585 2501 1674 2536 mihi
1700 2501 1736 2536 B

358 2563 466 2597 minis
496 2563 526 2596 A
610 2561 724 2597 oculis
747 2560 816 2594 AB
895 2560 1003 2594 fodiri
1024 2559 1093 2595 BC
1171 2560 1236 2594 377
1260 2562 1296 2594 te
1322 2560 1475 2594 alterum
1501 2569 1566 2603 om.
1592 2558 1662 2594 ΒΟ

280 2621 346 2654 378
373 2621 447 2654 exit
470 2619 538 2653 hac
563 2620 632 2653 huc
658 2618 728 2654 BG
805 2618 916 2652 domo
940 2617 1051 2651 modo
1077 2628 1134 2651 me
1157 2617 1189 2650 A
1270 2616 1420 2650 uidente
1439 2615 1514 2656 BC,
1540 2616 1682 2650 uidenti
1702 2617 1735 2650 A

371 2678 437 2712 379
462 2675 580 2710 Nimis
613 2676 787 2710 miserum
821 2679 875 2709 est-
900 2674 951 2715 A,
989 2673 1067 2708 Nisi
1094 2676 1223 2708 mirum
1250 2672 1286 2708 B
1403 2673 1468 2707 heo
1492 2672 1551 2707 hie
1577 2674 1736 2708 transire

281 2733 442 2778 potuerit
467 2732 534 2767 BC
634 2734 701 2768 380
732 2732 886 2767 solarius
917 2730 982 2765 BG
1085 2736 1188 2765 ortus
1216 2730 1244 2765 G
1343 2732 1405 2764 331
1443 2729 1585 2763 fenetra
1609 2729 1645 2764 B

279 2801 362 2834 neq.
389 2791 419 2824 A
515 2790 654 2825 clarata
748 2793 850 2824 certo
876 2787 943 2823 BG
1034 2788 1178 2822 hicinus
1204 2787 1250 2831 B,
1274 2788 1374 2822 intus
1398 2786 1434 2820 A
