1963 3243
154 238 185 281 Ῑ,
213 239 244 280 3,
269 237 403 272 54-68
792 233 1004 269 Pseudolus.
1589 239 1639 278 27

747 359 1046 402 Pseudolus

648 431 905 485 Surruperet
936 431 1006 473 hic
1038 432 1165 486 patri,
1198 431 1527 474 audacissume?

151 506 245 549 Non
280 504 486 560 periclum
519 509 583 547 est
614 518 665 545 ne
698 503 800 557 quid
832 508 949 545 recte
983 509 1206 546 monstres.

810 605 985 646 Ballio

1092 661 1186 703 Non
1219 663 1439 704 lenonium
1471 669 1548 705 est.
1578 676 1643 708 290

752 733 1046 775 Calidorus

154 808 272 861 Egon
306 808 418 861 patri
451 820 679 860 surrupere
713 806 870 860 possim
904 807 1149 860 quicquam,
1181 810 1269 847 tam
1303 812 1432 848 cauto
1465 808 1584 849 seni?

152 882 292 934 Atque
325 879 447 920 adeo.
480 879 512 918 si
546 878 687 919 facere
721 891 906 931 possem.
940 879 1079 931 pietas
1112 877 1326 931 prohibet.

807 979 989 1021 Ballio

1379 1053 1539 1104 Audio3

153 1126 363 1167 Pietatem
395 1138 495 1177 ergo
528 1125 654 1165 istam
688 1123 957 1177 amplexator
988 1129 1119 1165 noctu
1154 1138 1230 1177 pro
1265 1124 1511 1167 Phoenicio.

152 1197 234 1240 Sed
268 1210 398 1250 quom
430 1197 633 1249 pietatem
669 1199 705 1236 te
737 1196 872 1236 amori
905 1196 1030 1237 uideo
1062 1201 1136 1236 tuo
1171 1201 1460 1249 praeuertere,

152 1268 309 1311 Omnes
342 1268 528 1309 homines
559 1267 637 1308 tibi
669 1272 814 1321 patres
841 1268 969 1309 sunt?
1001 1267 1145 1308 nullus
1171 1272 1235 1308 est
1259 1267 1339 1309 tibi
1365 1282 1490 1322 quem
1518 1283 1641 1322 roges

151 1341 344 1384 Mutuum
378 1339 631 1392 argentum?

757 1421 1041 1463 Calidorus

489 1492 600 1542 Quin
631 1508 784 1534 nomen
818 1507 990 1547 quoque
1023 1494 1106 1534 iam
1140 1495 1304 1535 interiit
1341 1501 1549 1537 mutuum.
1578 1507 1642 1540 296

807 1587 982 1630 Ballio

152 1660 268 1702 Heus
291 1666 350 1703 tn.
376 1665 604 1714 postquam
630 1660 770 1701 hercle
795 1661 868 1701 isti
897 1674 921 1700 a
946 1675 1093 1702 mensa
1120 1667 1301 1713 surgunt
1317 1662 1420 1702 satis
1438 1662 1528 1715 poti
1546 1663 1642 1712 uiri,

153 1732 233 1783 Qui
267 1747 386 1774 Suum
421 1737 635 1786 repetunt,
667 1732 855 1773 alienum
888 1732 1073 1773 reddunt.
1105 1739 1208 1774 nato
1241 1733 1414 1778 nemini,

152 1804 332 1846 Postilla
364 1818 510 1846 omnes
544 1805 760 1846 cautiores
793 1812 906 1847 sunt.
935 1819 986 1845 ne
1019 1804 1198 1845 credant
1233 1805 1369 1846 alteri.

752 1898 1040 1941 Calidorus

152 1970 288 2012 Nimis
320 1972 450 2012 miser
475 1985 587 2022 sum3
620 1985 837 2012 nummum
865 1985 1078 2025 nusquam
1104 1972 1292 2025 reperire
1320 1973 1486 2025 argenti
1512 1986 1641 2026 queo;

152 2042 219 2084 Ita
250 2044 377 2084 miser
408 2049 450 2085 et
483 2057 626 2084 amore
661 2057 790 2096 pereo
824 2048 865 2083 et
898 2043 1044 2096 inopia
1075 2044 1332 2096 argentaria.
1577 2055 1639 2089 301

802 2137 985 2179 Ballio

152 2208 294 2251 Emito
327 2209 394 2251 die
428 2222 555 2251 caeca
587 2209 730 2251 hercle
763 2210 936 2260 oliuom,
967 2210 1009 2251 id
1041 2210 1218 2250 uendito
1252 2208 1425 2250 oculata
1457 2209 1546 2260 die3

153 2280 242 2322 Iam
273 2280 415 2323 hercle
446 2281 515 2322 uel
547 2281 759 2322 ducentae
791 2287 974 2335 possunt
1004 2281 1097 2322 fieri
1130 2285 1382 2335 praesentes
1415 2282 1566 2323 minae.

243 2417 310 2450 290
335 2417 538 2460 perieulum
566 2422 623 2450 est
647 2416 713 2450 BC
840 2421 1022 2450 monstret
1047 2415 1083 2451 Β
1205 2408 1375 2450 lenonius
1401 2422 1457 2450 est
1579 2418 1640 2451 291

153 2473 348 2517 quicquam
374 2480 443 2517 qua
470 2478 545 2507 tam
657 2474 723 2507 292
748 2473 884 2521 possim
915 2473 943 2508 C
1068 2474 1133 2507 293
1152 2477 1241 2516 post
1264 2474 1334 2507 297
1353 2474 1461 2516 ponit
1486 2474 1528 2507 A.

153 2529 332 2573 phenieeo
362 2530 390 2564 C
480 2531 635 2564 294—96
661 2541 725 2565 om.
754 2530 785 2563 A
879 2532 947 2564 2¹›4
972 2541 1055 2564 011111
1082 2529 1218 2573 piet-att·
1311 2541 1438 2563 amoru
1465 2541 1488 2563 u
1514 2530 1583 2564 deo
1609 2529 1644 2564 B

153 2587 218 2620 295
243 2585 369 2620 Omnis
395 2586 430 2621 Β
534 2587 701 2621 homines
727 2597 791 2621 om.
900 2588 965 2620 296
992 2586 1156 2620 Metuum
1266 2586 1334 2619 CA.
1363 2597 1428 2620 om.
1458 2587 1486 2621 0
1582 2589 1642 2631 qui

243 2643 372 2678 interit
397 2644 426 2677 C
526 2645 591 2677 297
617 2645 732 2677 saturi
760 2644 838 2687 poti
863 2643 929 2677 BC
1032 2644 1097 2677 298
1122 2643 1275 2676 redeunt
1304 2642 1339 2676 Β
1438 2643 1584 2677 nemine
1610 2643 1644 2677 Β

153 2700 218 2734 299
242 2700 299 2733 Ab
325 2700 454 2734 alienis
476 2701 665 2744 ⁸cautiores
691 2699 760 2735 BC
866 2711 933 2733 nec
959 2699 1118 2733 reddant
1144 2699 1213 2734 BC
1319 2701 1386 2733 300
1411 2700 1585 2734 mise-rum
1613 2701 1643 2733 A

243 2757 430 2801 repperire
457 2756 524 2791 BC
637 2757 827 2801 argentim
854 2756 923 2791 hoc
953 2756 981 2791 G
1101 2758 1161 2790 301
1192 2756 1399 2800 argenteria
1427 2756 1461 2790 B
1579 2758 1644 2791 302

155 2823 237 2846 eme·
259 2812 340 2851 AB,
367 2819 403 2848 et
429 2825 485 2848 me
514 2813 541 2848 C
632 2813 713 2847 diae
739 2812 774 2847 B
891 2814 956 2847 303
980 2812 1058 2846 fieri
1087 2816 1241 2856 possunt
1266 2811 1333 2846 BC
