1963 3243
155 207 184 251 l,
207 210 237 251 2,
262 207 399 243 89-47
773 205 968 240 Mercator.
1534 211 1604 249 141

752 331 1017 374 Acanthio

1237 403 1380 457 Opera
1411 405 1514 447 licet
1548 419 1612 451 150

154 478 363 534 Experiri,
394 478 468 530 qui
500 491 566 518 me
597 477 695 531 rupi
726 490 860 518 causa
892 475 1104 517 currendo
1137 481 1225 525 tua,

154 550 222 599 Ut,
252 564 364 603 quae
395 550 562 598 scirem,
595 550 704 592 scire
735 555 929 590 actutum
963 549 1040 589 tibi
1073 548 1237 590 liceret.

749 650 1017 692 Charinus

1291 708 1494 750 Liberum

153 781 294 837 Caput
324 781 404 823 tibi
436 781 593 823 faciam
628 795 787 835 paucos
819 782 880 822 cis
912 782 1084 822 mensis.

749 884 1017 926 Acanthio

1120 941 1255 995 Palpo
1288 943 1492 996 percutis.

747 1020 1014 1063 Charinus

151 1095 271 1149 Egon
309 1095 444 1136 ausim
487 1094 565 1135 tibi
607 1108 789 1149 usquam
830 1093 1066 1148 quidquam
1107 1093 1274 1136 facinus
1313 1093 1468 1136 falsum
1507 1110 1604 1150 pro-

1234 1166 1384 1221 loqui‘?

153 1240 262 1290 Quin
287 1241 385 1285 iam,
411 1241 662 1293 priusquam
688 1254 782 1280 sum
809 1239 1018 1286 elocutus,
1044 1239 1128 1279 scis
1153 1240 1188 1280 si
1214 1241 1386 1281 mentiri
1407 1240 1519 1281 uolo.

745 1341 1012 1383 Acanthio

1425 1399 1506 1442 Ah!
1542 1412 1605 1446 155

152 1472 469 1514 Lassitudinem
501 1471 645 1514 hercle
678 1472 814 1514 uerba
844 1477 920 1514 tua
950 1471 1053 1513 mihi
1084 1473 1271 1523 addunt3
1303 1474 1460 1514 enicas.

749 1573 1012 1616 Charinus

148 1647 288 1688 Sicine
322 1647 421 1688 mihi
455 1647 702 1701 obsequens
733 1648 809 1689 es?

744 1752 778 1792 A
792 1751 974 1793 canthi
988 1765 1011 1792 o

757 1823 869 1874 Quid
901 1824 968 1866 uis
1000 1823 1186 1865 faciam?

745 1925 1011 1968 Charinus

1095 1984 1215 2026 Tun?
1246 1983 1307 2034 Id,
1341 1985 1457 2039 quod
1489 1985 1601 2027 uolo.

742 2064 1009 2106 Acanthio

148 2137 258 2188 Quid
288 2138 336 2179 id
364 2143 430 2180 est
458 2139 603 2192 igitur,
637 2137 754 2191 quod
785 2138 879 2180 uis?

743 2239 1009 2282 Charinus

892 2313 1053 2355 Dicam.

743 2416 1011 2460 Acanthio

906 2490 1031 2543 Dice;
1064 2496 1110 2533 at
1141 2492 1253 2541 enim
1287 2491 1456 2546 placide
1487 2492 1601 2534 uolo.

239 2669 298 2701 151
327 2679 435 2712 quam
461 2677 519 2700 me
545 2665 580 2700 Β
677 2665 740 2698 153
765 2664 815 2699 cis
842 2675 906 2700 om.
1004 2665 1067 2699 155
1093 2664 1262 2709 eloquius
1282 2662 1318 2698 Β
1411 2663 1542 2697 scisset
1555 2662 1600 2702 B,

148 2723 256 2758 scisse
291 2723 318 2758 C
409 2723 477 2758 ach
510 2723 546 2763 G,
571 2723 618 2756 ba
645 2722 680 2756 Β
777 2724 838 2756 157
861 2721 1000 2757 CHAR.
1023 2733 1088 2757 om.
1184 2721 1306 2755 sitiine
1329 2720 1364 2754 Β
1460 2720 1599 2754 CHAR.

147 2778 238 2822 Quid
355 2780 461 2814 ACH.
495 2786 570 2814 tum
595 2779 632 2814 B
752 2781 814 2814 158
847 2779 987 2814 CHAR.
1020 2778 1112 2822 Quid
1149 2783 1203 2812 est
1321 2776 1427 2811 ΑΘΗ.
1461 2777 1601 2811 Dicam.

149 2837 284 2872 CHAR.
312 2837 413 2872 Dice.
440 2837 544 2871 ACH.
572 2839 620 2870 At
713 2836 858 2880 placide
884 2837 917 2870 B
