1963 3243
333 187 382 225 14
994 180 1112 215 Plauti
1542 177 1588 221 11,
1614 179 1645 222 2,
1669 179 1781 213 9—17

329 309 467 364 Atque
499 308 620 358 adeo,
652 311 701 350 ut-
730 320 783 348 ne
814 306 897 360 legi
930 305 1123 347 fraudem
1154 304 1318 346 faciant
1348 303 1549 355 aleariae,

328 381 594 422 Adouratote
626 384 673 421 ut
704 380 796 420 sine
827 377 926 420 talis
958 377 1072 419 domi
1104 377 1269 430 agitent
1300 376 1561 417 conuiuium.
1717 386 1779 420 165
1833 425 1839 428 ,

904 471 1207 513 Palaestrio

326 549 478 590 Nescio
512 546 614 600 quid
649 546 758 587 male
790 543 951 585 factum
984 557 1009 584 a
1039 547 1191 584 nostra
1221 542 1292 583 hic
1323 541 1539 592 familiast,
1571 544 1778 593 quantum

1355 612 1507 664 audio3

326 691 393 732 Ita
423 691 493 732 hic
525 703 654 731 senex
684 688 797 730 talos
830 687 932 729 elidi
964 686 1091 727 iussit
1122 685 1344 726 conseruis
1376 685 1492 725 meis.

326 763 410 806 Sed
442 777 507 803 me
539 761 727 815 excepit;
758 759 882 801 nihili
912 759 1037 811 facio,
1069 757 1172 812 quid
1203 757 1288 797 illis
1319 757 1450 797 faciat
1481 756 1651 798 ceteris.

326 833 564 888 Adgrediar
594 833 820 874 hominem.

815 924 1289 978 Periplecomenus

766 997 911 1046 Estne,
931 995 1163 1037 aduorsum
1180 993 1250 1036 hic
1266 994 1338 1048 qui
1355 994 1488 1044 uenit,
1505 994 1777 1036 Palaestrio?

896 1090 1204 1132 Palaestrio

326 1171 438 1222 Quid
463 1170 564 1223 agis,
590 1163 969 1221 Periplecomene‘?

813 1258 1288 1312 Periplecomenus

694 1332 821 1374 Haud
840 1330 997 1372 multos
1015 1330 1225 1380 homines,
1246 1330 1281 1371 si
1299 1330 1535 1383 optandum
1554 1328 1678 1379 foret,
1713 1340 1777 1373 170

324 1411 448 1453 Nunc
479 1409 626 1451 uidere
659 1411 701 1448 et
731 1403 965 1447 conuenire
998 1416 1126 1456 quam
1157 1406 1200 1444 te
1231 1401 1473 1444 mauellem.

895 1498 1206 1540 Palaestrio

1544 1551 1656 1602 Quid
1689 1552 1780 1594 est?

325 1634 436 1686 Quid
467 1632 707 1675 tumultuas
739 1643 836 1671 cum
868 1632 1019 1670 nostra
1049 1627 1242 1669 familia?

814 1723 1290 1777 Periplecomenus

1245 1794 1385 1837 Occisi
1416 1805 1577 1835 sumus.

903 1890 1210 1933 Palaestrio

326 1954 436 2004 Quid
469 1953 614 2006 negoti
647 1951 743 1993 est?

813 2035 1292 2089 Periplecomenus

759 2111 844 2152 Res
875 2108 1015 2163 palam
1047 2111 1125 2149 est.

895 2202 1208 2245 Palaestrio

1120 2274 1237 2324 Quae
1269 2287 1338 2315 res
1370 2272 1512 2326 palam
1545 2270 1636 2313 est?

420 2408 484 2440 164
510 2404 658 2448 neglegi
686 2403 714 2438 G
800 2401 912 2436 alarie
937 2399 984 2443 B,
1012 2399 1147 2433 alariae
1175 2398 1202 2433 Ο
1297 2399 1361 2432 165
1387 2399 1598 2431 accuratote
1622 2394 1691 2430 BG

327 2465 402 2497 sine
429 2463 526 2496 taliis
553 2461 597 2503 Β,
623 2463 718 2495 sinet
744 2460 806 2493 alii
835 2459 863 2494 0
941 2457 1034 2491 dolis
1060 2456 1094 2489 A
1176 2456 1293 2498 agitet
1318 2454 1384 2490 BG
1463 2453 1635 2489 connium
1664 2452 1693 2488 G

330 2522 391 2554 166
419 2533 437 2552 a
462 2530 526 2553 om.
552 2517 616 2552 BC
697 2517 781 2551 huic
807 2515 876 2550 BG
952 2516 1014 2549 167
1041 2524 1240 2547 conseruus
1266 2523 1368 2546 meus
1394 2510 1464 2545 BC
1540 2511 1603 2545 168
1628 2514 1777 2554 excepte

330 2577 363 2620 G,
398 2587 552 2620 expe...
582 2576 612 2608 A
707 2573 806 2617 quod
833 2573 863 2603 A
958 2573 1021 2606 169
1047 2571 1095 2605 At
1121 2569 1268 2614 grediar·
1292 2568 1360 2603 BC
1450 2573 1553 2601 estne
1580 2567 1777 2601 aduersum

328 2642 381 2667 ost
414 2633 514 2678 quasi
547 2642 611 2665 vec
637 2631 749 2675 plara
774 2629 841 2664 BG
931 2628 1014 2672 quia
1040 2629 1072 2660 A
1179 2628 1243 2659 170
1275 2625 1586 2670 periplectomene
1613 2624 1655 2667 A,
1683 2624 1777 2668 peri-

328 2691 593 2735 ploctomenem
621 2687 667 2728 B,
692 2687 875 2731 peripleto
902 2696 1044 2719 menem
1073 2684 1100 2718 C
1195 2684 1266 2717 hau
1291 2683 1322 2714 A
1422 2681 1533 2716 fuerit
1556 2681 1622 2715 BC
1715 2682 1775 2714 171

329 2748 471 2780 uideret
498 2749 533 2780 et
558 2756 666 2790 quam
688 2743 755 2779 BG
833 2743 978 2778 ueniret
1005 2745 1140 2786 quanto
1168 2740 1303 2774 auellet
1328 2739 1372 2781 B,
1399 2739 1613 2773 conueniret
1639 2742 1777 2782 quante

326 2804 458 2839 euellet
485 2803 514 2838 C
605 2803 667 2836 172
691 2812 756 2836 om.
780 2800 848 2836 BC
