1963 3243
712 195 753 231 V.
778 195 970 231 686—727.
1497 200 1572 239 341

116 331 335 377 congruunt
374 340 460 376 quae
499 330 740 376 sequuntur:
807 324 927 375 Cupio
957 325 1080 364 hercle
1109 327 1225 365 scire.
1267 329 1397 363 cetera
1429 331 1578 372 nutem,

115 396 181 435 sed
210 398 251 434 tu
283 407 338 434 me
370 398 532 443 temptas
561 396 694 442 sciens,
725 408 890 446 prorsus
923 396 1058 445 inepta
1089 398 1191 431 sunt.
1253 393 1391 444 Itaque
1423 408 1576 433 versum

115 465 268 502 seclusi.
328 463 445 502 Both.
485 467 524 502 et
565 463 612 501 R.
652 467 744 513 post
781 476 817 501 v.
852 465 931 501 710
964 466 1134 513 ponunt,
1177 467 1215 499 et
1250 464 1386 512 priora
1419 463 1576 513 quidem

116 532 346 582 Lysimacho
387 532 494 575 dant.
533 546 609 571 non
640 532 798 579 iniuria,
837 533 1021 581 quoniam
1055 531 1236 569 mulieres
1268 544 1339 581 per
1371 531 1577 568 Herculem

116 602 246 639 iurare
286 615 361 639 non
402 601 542 648 solent,
586 601 666 639 vid.
709 600 756 638 ad
797 599 892 638 Cist.
936 602 1010 647 503
1050 603 1155 638 tum:
1204 598 1308 646 „DO.
1351 599 1414 637 Sic
1445 603 1488 638 tu
1521 613 1578 637 me

114 674 286 720 temptas
339 667 516 708 sciens?“
565 689 618 695 —
667 671 760 707 715.
799 669 966 714 Haeres,
1009 668 1056 706 cf.
1099 670 1194 707 592.
1240 688 1296 693 —-
1339 669 1461 706 Haud
1496 669 1582 708 uidi

114 740 250 787 maya's,
283 752 335 777 sc.
368 739 594 778 haerentem.
637 738 797 785 ironice,
839 738 950 788 quasi
980 737 1078 775 nihil
1111 739 1252 784 minus,
1286 752 1321 775 v.
1355 737 1403 775 ad
1435 737 1577 787 Amph.

116 808 210 846 672.
272 807 316 845 R.
357 807 456 845 male
494 806 575 844 haec
616 806 801 857 Dorippae
843 806 997 844 tribuit.
1030 825 1084 830 —
1116 805 1209 844 716.
1247 800 1361 853 Quin,
1392 807 1427 844 si
1457 805 1578 852 liceat,

115 878 140 914 i.
173 890 206 914 e.
237 876 360 914 Immo
393 876 531 922 dicam,
564 877 596 912 si
628 877 756 914 liceat.
789 895 843 900 —
876 876 968 912 718.
1003 874 1090 913 Scio
1114 874 1259 912 dicitur
1285 887 1371 912 cum
1396 875 1579 912 irrisione

114 948 156 983 ut
180 943 382 982 Gallorum
420 944 489 991 „Je
522 946 682 981 connais
714 942 798 992 ςει’“’.
846 943 960 982 Both.
986 947 1024 980 et
1046 943 1184 981 Both.:
1222 940 1332 990 „Si“;
1366 956 1443 980 non
1468 955 1577 994 opus.

115 1013 162 1051 cf.
198 1014 291 1052 725.
326 1015 418 1052 727.
439 1034 486 1039 —
507 1012 707 1052 Audacter
737 1013 919 1061 quamuis
950 1010 1076 1058 dicito,
1109 1012 1156 1050 cf.
1181 1010 1296 1062 Epid.
1329 1013 1462 1049 17.——
1488 1013 1580 1050 719.

114 1081 269 1131 Dicam,
301 1095 352 1120 so.
386 1082 419 1120 si
450 1082 578 1129 liceat,
619 1085 685 1120 aut
718 1094 835 1131 quam
868 1081 983 1118 aliam
1016 1080 1091 1118 sibi
1122 1093 1276 1118 causam
1309 1079 1436 1130 fingit.
1484 1079 1579 1118 Post

114 1150 151 1188 h.
183 1163 218 1189 v.
250 1163 416 1198 caesura;
462 1151 592 1188 hiatus
637 1151 761 1200 igitur
807 1163 925 1188 causa
963 1149 1059 1187 nihil
1100 1148 1346 1187 mutandum.
1387 1168 1440 1173 —
1483 1149 1577 1186 720.

114 1219 233 1258 Illast
270 1219 384 1258 Both.
447 1219 574 1257 Senex
616 1231 761 1256 moram
802 1231 980 1268 quaerens
1012 1218 1244 1256 sententiam
1279 1217 1492 1267 abrumpit.
1529 1237 1573 1242 —

117 1289 194 1326 721
237 1302 310 1326 em.
351 1288 505 1335 Dousa,
539 1288 626 1325 coll.
667 1287 752 1326 Cas.
793 1288 896 1325 486:
961 1286 1210 1333 „Manufesto
1242 1290 1358 1323 teneo
1389 1286 1430 1322 in
1463 1287 1580 1323 noxia

114 1358 291 1395 inimicos
323 1358 469 1394 meos“.
517 1356 758 1406 Manufesio‚
791 1370 825 1394 v.
859 1356 909 1393 ad
940 1355 1082 1404 Amph.
1120 1356 1239 1393 1045.
1273 1374 1326 1379 —
1363 1348 1462 1401 Qua,
1496 1356 1579 1392 sine

112 1427 406 1477 praepositione,
435 1425 482 1463 cf.
511 1425 560 1463 ad
585 1426 694 1462 Asin.
721 1425 814 1463 427.
831 1444 887 1449 -
905 1425 1000 1462 722.
1018 1423 1145 1462 Istaec
1163 1423 1275 1462 Both.
1293 1442 1346 1447 —
1364 1423 1442 1469 illa,
1464 1436 1580 1472 quam

113 1494 237 1545 probe
253 1495 447 1533 novimus.
497 1493 609 1540 Quod
633 1507 750 1544 quum
777 1497 934 1544 repetat
951 1506 1022 1530 nec
1040 1493 1256 1543 quidquam
1275 1492 1381 1529 dieat
1400 1491 1506 1541 quod
1524 1493 1579 1529 in-

112 1563 239 1610 telligi
270 1564 411 1614 possit,
442 1575 554 1611 uxor,
585 1566 630 1599 ut
662 1575 749 1600 eum
781 1575 905 1612 nugas
937 1575 1054 1612 agere
1085 1562 1247 1606 indicet,
1281 1561 1320 1598 id
1353 1560 1578 1610 respondet,

113 1631 218 1682 quod
257 1631 356 1669 nihil
394 1636 466 1676 est,
507 1631 632 1680 Iohia,
671 1636 717 1668 ut
754 1644 824 1669 nos
863 1630 1028 1669 dicimus
1071 1629 1436 1681 „Wischiwaschi“.
1499 1628 1576 1667 Sed

112 1700 187 1738 hot·-
219 1713 410 1750 nusquam
443 1700 535 1738 alibi
565 1701 789 1748 invenitur3
821 1701 955 1749 itaque
986 1698 1054 1738 R.:
1091 1698 1210 1746 „Ohe‚
1242 1700 1319 1735 iam
1352 1694 1579 1735 satist“.—

115 1771 208 1808 723.
259 1766 391 1817 „Iam“
439 1770 479 1807 in
520 1769 716 1818 principio
761 1782 897 1806 versus
935 1769 1018 1806 sine
1056 1767 1176 1806 dubio
1223 1770 1454 1817 corruptum
1500 1770 1578 1814 est;

112 1838 229 1876 Both.
267 1837 411 1884 „Tam“
454 1839 479 1875 i.
526 1851 558 1875 e.
605 1841 758 1887 tamem
796 1851 963 1888 eumque
1003 1840 1224 1886 sequuntur
1265 1835 1310 1873 R.
1344 1840 1382 1872 et
1428 1834 1580 1882 Goetz.,

114 1908 180 1957 qui
226 1920 313 1944 cum
351 1906 530 1945 Acidalio
577 1910 807 1956 sequentem
846 1919 1002 1945 versum
1049 1907 1140 1943 huic
1187 1905 1413 1954 anteponit,
1460 1916 1580 1953 quum

113 1975 350 2014 Ritschelius
395 1975 512 2025 plura
556 1976 863 2026 transposuisset
911 1972 1023 2021 (724.
1072 1976 1164 2012 722.
1215 1975 1316 2018 721,
1363 1977 1444 2009 tum
1491 1975 1581 2021 post

114 2043 212 2082 duos
251 2058 397 2092 versuS‚
436 2057 535 2094 quos
575 2044 765 2082 excidisse
804 2047 949 2089 censet,
992 2041 1103 2091 723).
1165 2042 1269 2091 Ego:
1317 2040 1433 2079 Nam.
1481 2039 1580 2077 Con-

115 2112 218 2150 cedit
262 2126 302 2150 se
347 2114 649 2162 tergiversatum
697 2126 782 2150 esse
828 2115 867 2149 et
915 2112 1119 2162 aegerrime
1161 2109 1327 2161 perduci
1371 2122 1498 2159 posse,
1538 2113 1582 2146 ut

115 2180 222 2221 dicat
268 2194 354 2232 quae
400 2183 451 2219 sit
497 2182 649 2229 mulier,
695 2181 769 2219 sed>
809 2193 934 2219 uxore
981 2180 1188 2228 flagitante
1235 2191 1436 2216 cessurum
1483 2190 1578 2214 esse.

115 2248 350 2288 Coniunctio
382 2249 430 2287 nd
462 2252 698 2288 sententiam
729 2263 808 2287 non
839 2262 1063 2299 expressam
1094 2248 1278 2295 refertur,
1311 2247 1360 2284 cf.
1392 2246 1439 2283 ad
1471 2247 1577 2283 Asin.

120 2319 210 2356 122.
243 2338 296 2343 —
331 2319 423 2356 724.
456 2320 533 2356 iam
563 2320 650 2357 scio.
699 2318 739 2357 Si
770 2319 900 2355 minus
924 2317 1108 2355 turbatus
1136 2320 1251 2362 esset,
1274 2315 1446 2352 diceret:
1479 2316 1579 2362 „iam

116 2387 293 2425 dicturus
308 2389 440 2426 sum&
486 2386 634 2425 Eadem
652 2387 772 2424 verba
788 2399 880 2424 mox
904 2386 1081 2437 Dorippa
1108 2398 1193 2423 cum
1221 2385 1402 2422 irrisione
1419 2383 1578 2432 repetit.

119 2475 167 2481 --
189 2457 282 2494 727.
305 2457 375 2505 sic,
402 2457 507 2507 quod
532 2457 650 2494 etiam
675 2456 780 2506 apud
797 2455 956 2493 Festum
984 2468 1021 2505 p.
1044 2455 1122 2492 339
1149 2450 1290 2500 exstat,
1319 2453 1478 2490 minime
1495 2455 1579 2489 ten-

116 2525 277 2563 tandum
304 2529 376 2563 est.
423 2525 568 2563 Versus
593 2538 710 2562 causa
735 2525 884 2562 Camer.
913 2523 1071 2568 delevit,
1104 2522 1149 2560 R.
1180 2518 1324 2569 „haec“
1352 2521 1582 2568 substituit;

117 2593 296 2631 Mueller.
336 2593 444 2632 Pros.
477 2607 514 2644 p.
549 2595 628 2631 257
668 2598 736 2630 aut
775 2593 896 2631 verba
933 2590 1228 2642 transponenda
1260 2593 1392 2627 censet
1426 2592 1493 2626 aut
1523 2599 1580 2627 se-

117 2665 266 2710 questro
282 2662 410 2700 media
427 2666 611 2712 correpta
627 2661 960 2712 pronuntiandum
978 2673 1074 2707 esse,
1094 2660 1140 2698 cf.
1158 2659 1313 2707 Proleg.
1332 2671 1370 2708 p.
1391 2658 1484 2696 201.
1517 2656 1581 2695 Se-

119 2734 278 2780 quester
302 2734 361 2768 est
382 2732 594 2780 μεσὲγγυος,
628 2731 674 2768 cf.
701 2729 878 2767 Vidular.
903 2729 949 2766 fr.
977 2730 1021 2766 4:
1059 2728 1261 2775 „nidulum
1286 2726 1350 2764 hic
1374 2725 1580 2776 adponite3

118 2797 205 2849 Ego
221 2799 402 2847 seruabo,
419 2800 530 2849 quasi
548 2803 752 2849 sequestro
771 2797 893 2846 detis3
919 2799 1050 2835 neutri
1068 2796 1246 2844 reddibo,
1272 2795 1467 2834 Donicum
1485 2794 1581 2832 haec
