1963 3243
292 245 372 285 120
963 242 1084 278 Plauti
1524 243 1555 289 I,
1583 247 1611 289 1,
1635 245 1779 280 53-——69

920 367 1147 420 Milphio

290 438 470 491 Rogato,
503 452 651 480 seruos
683 439 904 480 ueneritne
935 438 990 480 ad
1022 453 1119 480 eum
1150 443 1274 491 tuus;

290 509 368 551 Ille
399 523 465 551 me
497 509 690 551 censebit
722 511 894 564 quaeri3
925 511 1126 552 continuo
1157 510 1237 552 tibi

290 579 488 633 Negabit.
552 579 662 630 Quid
692 586 740 622 tu
773 581 958 631 dubitas,
990 582 1093 634 quin
1124 582 1368 636 extempulo

290 651 421 706 Dupli
451 652 544 702 tibi,
574 653 669 693 auri
701 656 745 694 et
774 652 971 701 hominis,
1003 652 1071 694 fur
1100 653 1196 695 lenc
1228 654 1339 695 siet?

291 723 442 777 Neque
474 723 518 765 id
549 724 664 764 unde
696 723 878 771 ecficiat,
910 724 1055 765 habet.
1116 724 1198 766 Ubi
1231 727 1273 766 in
1305 726 1371 767 ius
1403 726 1583 777 uenerit,
1710 738 1783 772 185

291 795 477 836 Addicet
506 799 680 848 praetor
710 795 918 837 familiam
949 800 1087 837 totam
1117 796 1215 837 tibi:

292 866 360 908 Ita
390 866 655 921 decipiemus
686 866 814 908 fouea
843 867 1040 909 lenonem
1070 867 1244 921 Lycum.

842 972 1226 1026 Ayorastocles

258 1093 261 1096 γ
292 1043 441 1086 Placet
472 1043 712 1086 consilium.

920 1125 1152 1178 Milphio

768 1198 902 1239 Immo
935 1198 1065 1238 etiam
1096 1197 1172 1238 ubi
1203 1197 1462 1252 expoliuero,

293 1270 429 1324 Magis
459 1271 541 1312 hoc
571 1275 662 1312 tum
694 1270 863 1311 demum
896 1269 1034 1320 dices3
1065 1283 1178 1310 nunc
1209 1273 1340 1312 etiam
1369 1270 1476 1311 rude
1507 1274 1584 1312 est.

840 1375 1223 1428 Ayorastocles

292 1449 385 1502 Ego
417 1449 460 1490 in
492 1448 640 1490 aedem
672 1447 852 1489 Ueneris
885 1460 947 1498 eo,
977 1447 1059 1488 nisi
1091 1446 1193 1500 quid
1226 1447 1303 1498 uis,
1333 1446 1526 1501 Milphio.
1714 1458 1785 1492 190

294 1520 555 1575 Aphrodisia
585 1519 713 1561 hodie
745 1523 855 1561 sunt.

919 1612 1153 1664 Milphio

935 1683 1045 1726 Scio.

846 1778 1224 1831 Ayoractocles

1114 1850 1268 1892 Oculos
1300 1850 1400 1893 uolo

294 1925 413 1967 Meos
446 1924 665 1966 delectare
697 1923 920 1964 munditiis
952 1923 1220 1964 meretriciis.

928 2027 1154 2080 Milphio

295 2101 386 2143 Hoc
417 2102 600 2155 primum
633 2113 826 2153 agamus,
859 2100 974 2153 quod
1010 2099 1233 2140 consilium
1266 2099 1470 2153 cepimus.

294 2173 510 2215 Abeamus
541 2173 667 2222 intro,
698 2176 746 2213 ut
778 2170 1066 2213 Collabiscum
1101 2171 1274 2212 uilicum

294 2245 416 2287 Hanc
446 2244 760 2299 perdoceamus
793 2249 842 2285 ut
873 2242 984 2285 ferat
1014 2242 1242 2284 fallaciam.
1713 2253 1785 2287 195

848 2349 1225 2402 Ayorastooles

296 2423 565 2476 Quamquam
598 2419 765 2475 Cupido
797 2422 841 2462 in
873 2421 1001 2462 corde
1033 2426 1250 2468 uorsatur‚
1282 2423 1425 2460 tamen

295 2493 391 2535 Tibi
423 2493 689 2535 auscultabo.

390 2640 450 2674 183
477 2638 663 2686 extemplo
691 2637 719 2674 Ο
835 2639 899 2672 184
923 2637 1143 2682 Duplicitibi
1167 2635 1212 2679 B,
1241 2636 1386 2680 Duplici
1412 2636 1474 2670 ubi
1500 2635 1529 2670 Ο
1633 2635 1782 2669 hauriet

298 2697 361 2730 185
386 2696 580 2731 ueuenerit
605 2694 640 2730 B
742 2695 806 2728 18¹7
831 2694 939 2728 licum
970 2694 998 2727 Ο
1097 2695 1160 2728 188
1186 2692 1379 2727 consiliom
1404 2691 1439 2726 B
1536 2691 1647 2726 etiam
1673 2701 1782 2736 expo·

295 2753 435 2787 liauero
464 2752 493 2787 C
594 2753 659 2786 190
683 2751 821 2796 quituis
846 2751 892 2792 B,
918 2751 1056 2795 quitius
1083 2749 1110 2784 C
1222 2750 1284 2783 193
1310 2749 1499 2793 coepimus
1525 2747 1554 2782 G
1656 2747 1720 2782 194
1744 2746 1782 2780 ui

296 2809 449 2853 collybis
477 2820 559 2843 cum
583 2808 630 2851 B,
658 2812 699 2843 ut
724 2807 952 2842 collibiscum
981 2806 1008 2841 C
1097 2806 1246 2841 uilicum
1273 2815 1338 2840 om.
1365 2804 1394 2840 Ο
