1963 3243
332 225 410 264 160
1009 222 1131 256 Plauti
1529 221 1598 267 ΙΙΙ,
1627 226 1658 266 4,
1687 225 1818 258 18-25

876 346 1267 399 Agorastocles

326 416 438 467 Quid
472 419 508 459 si
538 417 702 459 recenti
732 431 779 459 re
811 417 941 459 aedes
974 418 1171 471 pultem?

935 507 1008 549 Ad
1023 509 1203 550 uocati

1225 579 1403 622 Censeo.

882 670 1269 723 Agorastocles

329 739 392 793 [Si
424 739 599 793 pultem,
631 754 717 782 non
747 740 954 786 recludet.

938 825 971 865 A
983 823 1009 864 d
1021 837 1048 864 u
1061 838 1083 864 0
1095 837 1117 865 c
1131 823 1206 865 ati

1009 891 1170 933 Panem
1201 891 1425 945 frangito]

881 974 1268 1034 Agorastocles

330 1053 373 1094 Si
406 1054 558 1095 exierit
588 1054 700 1104 leno,
733 1068 888 1095 censen
920 1053 1134 1095 hominem
1166 1055 1442 1107 interrogem,

329 1125 450 1166 Meus
483 1139 634 1167 seruos
667 1125 723 1166 ad
755 1140 851 1167 eum
883 1126 1135 1167 ueneritne?

941 1217 975 1257 A
986 1216 1012 1257 d
1025 1231 1050 1256 u
1064 1230 1087 1257 o
1099 1230 1121 1257 c
1133 1230 1157 1257 a
1168 1217 1208 1257 ti

1203 1287 1434 1342 Quippini?
1753 1302 1820 1335 730

882 1367 1268 1421 Agorastocles

331 1437 438 1480 Cum
469 1439 563 1480 auri
595 1438 792 1480 ducentis
824 1441 1007 1480 nummis
1040 1439 1281 1492 Philippis?

941 1530 1084 1571 Aduo
1099 1530 1206 1570 cati

1351 1601 1587 1654 Quippini‘?

875 1681 1265 1734 Agorastocles

331 1750 396 1792 Ibi
429 1751 643 1805 extemplo
675 1752 771 1794 leno
805 1753 980 1794 errabit.

941 1832 1214 1873 Aduocati

1039 1904 1133 1954 Qua
1166 1904 1216 1945 de
1247 1903 1322 1944 re?

881 1994 1268 2047 Agorastocles

1406 2065 1577 2119 Rogas?

331 2133 441 2184 Quia
472 2142 642 2177 centum
673 2137 857 2178 nummis
890 2139 1030 2179 minus
1064 2138 1244 2180 dicetur.

942 2229 977 2269 A
991 2229 1016 2270 d
1029 2243 1089 2270 uo
1103 2229 1213 2270 cati

1316 2299 1430 2340 Bene
1464 2303 1605 2352 putas.

883 2379 1270 2433 Agorastocles

333 2449 476 2491 Alium
508 2450 703 2492 censebit
735 2451 984 2504 quaeritari.

943 2531 977 2571 A
991 2530 1015 2570 d
1027 2545 1054 2571 u
1066 2544 1088 2571 o
1101 2531 1209 2571 cati

1047 2601 1230 2643 Scilicet.

421 2738 487 2770 727
513 2737 719 2772 recentirae
745 2737 778 2772 Β
848 2738 914 2770 '729
940 2737 1098 2771 censerit
1122 2735 1167 2779 B,
1195 2696 1394 2778 censegtC,
1423 2735 1510 2780 quid
1537 2739 1613 2768 tum
1640 2734 1674 2768 A
1756 2734 1822 2768 730

333 2803 439 2826 seruo
466 2793 496 2827 si
522 2793 568 2827 ad
661 2794 723 2827 731
753 2792 869 2836 Quom
896 2792 931 2827 B
1025 2795 1090 2828 732
1116 2793 1277 2827 cerrabit
1301 2792 1335 2826 B
1427 2793 1493 2826 733
1520 2791 1706 2831 diceretur
