1963 3243
285 228 363 267 186
965 223 1084 258 Plauti
1488 221 1532 266 v,
1557 223 1589 266 2,
1613 223 1773 282 89-104

832 348 1217 402 Agorastocles

281 419 372 473 Age
408 420 509 462 dum
541 420 627 462 huc
658 420 848 462 ostende.
909 420 989 462 Est
1019 433 1098 474 par
1129 419 1276 473 probe,
1308 433 1436 473 quam
1467 419 1607 462 habeo
1640 420 1768 462 domi.
1818 438 1823 440 ·
1850 479 1855 487 5

944 510 1130 551 Hanno

282 582 318 624 Ο
349 582 407 623 mi
439 581 612 636 hospes,
646 582 768 623 salue
799 509 992 633 multu[m‚
1025 595 1124 623 nam
1155 581 1259 623 mihi
1289 585 1390 623 tuus
1421 585 1546 635 pater

281 653 475 695 Patritus
508 665 608 706 ergo
640 653 798 707 hospes
830 653 1083 695 Antidamas
1114 652 1215 705 fuit3

281 724 401 766 Haec
431 724 535 765 mihi
566 724 796 778 hospitalis
826 729 990 767 tessera
1021 738 1117 766 cum
1149 724 1224 766 illo
1254 724 1348 766 fuit.

824 813 1228 868 Ayorastocles]
1478 859 1483 863 ,
1847 855 1851 858 .

281 886 398 939 Ergo
429 885 499 927 hic
530 886 648 940 apud
679 900 745 928 me
776 886 1008 940 hospitium
1040 885 1121 927 tibi
1152 873 1445 940 praebebitur,
1686 897 1772 933 1050
1840 901 1862 910 ’

281 957 392 999 Nam
423 957 539 999 haud
569 957 751 1012 repudio
783 957 1015 1011 hospitium
1048 971 1188 1012 neque
1221 956 1538 1010 Carthaginem,

279 1028 387 1071 Inde
421 1029 640 1071 oriundus.

940 1101 1123 1143 Hanno

667 1171 722 1214 Di
754 1172 858 1214 dent
887 1172 966 1214 tibi
1000 1186 1159 1223 omnes,
1192 1186 1304 1226 quae
1338 1172 1459 1214 uelis.

281 1243 396 1294 Quid
430 1244 524 1286 ais?
556 1244 630 1298 qui
661 1245 805 1298 potuit
834 1243 940 1295 fieri,
972 1248 1022 1285 ut
1053 1242 1308 1302 Carthagini

281 1308 452 1358 Gnatus
484 1316 569 1358 sis?
600 1315 670 1357 hic
701 1319 846 1357 autem
877 1315 1072 1357 habuisti
1103 1315 1302 1357 Aetolum
1333 1319 1516 1370 patrem.

833 1405 1219 1460 Agorastocles

268 1477 530 1531 'Subruptus
561 1491 653 1519 sum
685 1476 816 1528 illinc,
849 1476 919 1518 hic
948 1491 1015 1519 me
1047 1477 1290 1528 Antidama,
1322 1477 1480 1531 hospes
1511 1480 1626 1527 tuus,
1683 1486 1772 1522 1055
1842 1508 1855 1539 ³.

283 1549 401 1591 Emit
432 1553 475 1591 et
504 1550 540 1591 is
571 1563 639 1591 me
669 1549 751 1591 sibi
784 1548 1013 1603 adoptauit
1042 1548 1190 1590 filium.

936 1640 1118 1681 Hanno

283 1711 526 1754 Demarcho
557 1713 660 1753 item
691 1711 786 1766 ipse
815 1710 898 1754 fuit
929 1711 1238 1764 adoptatiffius,

284 1782 371 1824 Sed
401 1783 526 1825 mitto
557 1783 610 1825 de
640 1782 762 1836 illoc;
795 1783 849 1825 ad
881 1787 924 1824 tc
954 1783 1096 1825 redeo.
1127 1825 1136 1833 f,
1159 1782 1238 1824 Dic
1269 1781 1392 1823 mihi:

285 1854 452 1909 Ecquid
483 1855 715 1897 meministi
749 1859 866 1897 tuum
900 1860 1128 1909 parentum
1159 1854 1361 1896 nomina?

828 1946 1215 1999 Agorastocles

284 2016 428 2058 Patris
460 2021 590 2071 atque
621 2018 772 2060 matris
806 2018 989 2059 memini.

934 2096 1118 2138 Hanno

1060 2168 1255 2210 Memora
1277 2168 1386 2209 vdum
1416 2166 1531 2219 mihi,
1687 2177 1773 2211 1060

284 2237 329 2280 Si
362 2239 463 2280 noui
494 2239 605 2282 forte
637 2245 713 2282 aut
745 2241 780 2282 si
814 2244 914 2282 sunt
944 2240 1115 2294 cognati
1148 2239 1261 2280 mihi.

379 2397 465 2430 1045
489 2401 689 2441 sequuntur
706 2392 747 2432 in
765 2396 799 2431 A
817 2398 910 2432 1039.
940 2399 1035 2432 1040.
1065 2398 1163 2440 1050,
1184 2398 1247 2441 qui
1266 2401 1384 2432 tamen
1407 2407 1474 2432 suo
1499 2397 1574 2432 loco
1598 2390 1778 2439 repetitur·

286 2453 374 2487 1046
397 2452 492 2488 hucc
518 2453 671 2488 ostende
697 2465 734 2488 es
761 2454 794 2488 A
921 2453 1037 2498 probe
1062 2464 1146 2488 nam
1172 2453 1290 2488 habeo
1317 2454 1465 2488 domum
1573 2452 1660 2486 1047
1683 2453 1767 2485 tuus
1815 2484 1817 2489 ,

283 2520 350 2544 om.
377 2509 411 2543 A
496 2511 582 2544 1048
608 2509 718 2544 Pater
744 2515 829 2544 tuus
854 2511 897 2554 A,
926 2510 1080 2545 Patruus
1105 2508 1172 2544 BC
1253 2511 1336 2544 1049
1361 2520 1485 2544 essera
1510 2519 1583 2554 quo
1609 2506 1709 2542 millo
1734 2505 1770 2541 B
1811 2505 1818 2534 ‘-

288 2567 374 2600 1050
399 2567 466 2601 tibi
492 2577 556 2601 om.
583 2566 616 2600 A
695 2567 908 2611 prebiturB
979 2568 1061 2601 1051
1091 2565 1286 2610 praepudio
1373 2567 1458 2600 1052
1483 2564 1574 2600 Inde
1600 2575 1680 2599 sum
1799 2570 1802 2574 ’
1829 2561 1832 2601 s

283 2621 424 2657 AGOR.
454 2622 482 2658 G
563 2623 696 2658 diderit
722 2622 758 2658 B
845 2625 930 2658 1053
956 2623 1043 2668 quid
1069 2622 1102 2656 A
1188 2623 1275 2656 1054
1300 2622 1457 2656 aecolum
1482 2620 1527 2664 Β,
1556 2619 1729 2655 aetholum
1745 2616 1775 2653 G
1808 2627 1830 2654 ,’

288 2680 373 2714 1055
398 2679 619 2715 Antidamas
712 2681 797 2715 1056
822 2680 1009 2715 Emittetis
1034 2678 1070 2714 B
1173 2680 1258 2714 1057
1283 2679 1315 2712 X
1340 2689 1403 2714 om.
1501 2676 1711 2722 adoptatius
1735 2672 1772 2710 B
1807 2712 1814 2714 ,

287 2737 374 2770 1058
405 2735 437 2770 X
463 2735 536 2771 Sed
650 2736 712 2771 illo
740 2736 806 2771 BG
922 2735 1036 2771 rodeo
1065 2734 1094 2770 Ο
1191 2736 1278 2769 1060
1303 2733 1585 2770 memorandum
1688 2731 1770 2766 1061
1821 2735 1834 2766 1
1902 2727 1923 2783 '4

285 2792 388 2826 notio
415 2792 448 2826 A
993 2813 996 2817 -
1906 2801 1917 2818 a
1954 2792 1957 2801 ¹
