1963 3243
330 208 408 248 342
954 205 1150 240 Mercator.

329 334 545 373 diiudicata
585 348 646 371 res
685 333 776 373 sit“.
817 348 902 384 sqq.
941 335 1042 373 Rud.
1077 337 1170 374 991.
1203 355 1257 360 -
1289 337 1382 374 728.
1417 336 1523 374 Nihil
1561 338 1782 386 quidquam,

329 404 374 441 cf.
419 405 512 441 394.
552 404 675 449 istius,
717 402 823 452 quod
863 404 1096 453 suspicaris3
1135 418 1224 442 nam
1256 404 1361 454 quod
1397 404 1634 455 ‚,Intellego“
1671 406 1783 452 dixit,

331 485 416 509 cum
447 472 575 508 ironia
604 472 644 508 id
676 470 753 508 dici
785 471 1016 521 apparebat.
1048 491 1104 498 --
1133 473 1317 522 Numero,
1349 477 1439 510 ante
1469 477 1636 522 tempus,
1667 487 1703 511 v.
1735 472 1784 511 ad

328 541 469 590 Amph.
513 541 613 587 1773
652 539 825 576 nondum
865 544 902 576 te
935 543 1123 588 accusavi,
1163 554 1234 590 ego
1264 554 1341 578 non
1374 540 1456 578 dixi
1486 543 1649 579 amicam
1677 544 1784 579 tuam

329 621 425 646 esse.
458 628 512 633 —
540 609 700 656 puriyas
729 608 776 645 R.
808 607 949 658 Opusc.
982 608 1019 645 II
1048 621 1087 658 p.
1120 609 1222 658 4323
1254 609 1440 657 Pylades:
1478 607 1718 658 „purgitas“.

443 677 537 714 730.
580 676 753 713 Advenit
792 689 937 724 coquus
976 689 998 712 a
1029 689 1120 714 sene
1159 677 1374 714 conductus
1407 690 1491 715 cum
1523 679 1647 715 servis
1678 677 1787 714 adiu-

329 745 496 792 toribus,
538 757 636 794 quos
676 744 903 793 alloquitur.
965 744 1010 782 R.
1043 745 1147 794 quod
1186 750 1277 782 ante
1316 745 1416 783 hanc
1447 758 1600 783 scenam
1631 758 1786 782 versum

329 813 519 850 excidisse
557 813 716 863 putavit
754 813 965 850 eiusmodi:
1029 812 1158 861 „Quos
1196 826 1279 850 esse
1317 815 1389 852 hos
1429 814 1566 860 dicam,
1608 815 1676 864 qui
1714 814 1788 851 buc

329 886 440 919 recta
463 881 680 918 adveniunt
702 879 805 927 via“,
837 881 1000 930 probari
1025 893 1100 918 non
1124 885 1267 930 potest.
1301 902 1354 907 —
1387 883 1479 926 731.
1499 882 1639 919 Hiatus
1656 884 1696 919 in
1714 894 1786 919 cae-

331 964 433 988 sura.
495 949 633 997 Atque,
672 964 708 987 v.
743 950 791 986 ad
823 948 933 998 Capt.
969 950 1061 987 354.
1093 969 1147 975 —
1178 961 1292 997 quom
1328 951 1504 998 recoyito,
1545 950 1590 988 cf.
1622 951 1671 988 ad
1702 950 1786 988 Mil.

335 1019 453 1057 1367.
485 1038 542 1043 ——
574 1019 666 1056 732.
706 1029 786 1055 non
824 1018 914 1065 quoi
951 1018 1151 1066 conducta}
1192 1018 1320 1055 media
1359 1018 1559 1067 supplevit
1597 1018 1702 1056 Cam.
1737 1039 1785 1044 —

331 1088 425 1124 734.
459 1087 603 1124 Hiatur
635 1091 673 1124 et
703 1087 742 1123 in
774 1099 922 1124 caesura
952 1091 991 1123 et
1021 1091 1112 1123 ante
1143 1091 1358 1124 extremum
1384 1088 1572 1125 creticum
1599 1085 1787 1134 (cf.Prol.

330 1170 368 1206 p.
405 1152 509 1207 183).
572 1157 616 1193 R.
649 1168 804 1193 versum
845 1155 1060 1193 damnavit.
1097 1175 1144 1180 —
1180 1157 1272 1193 735.
1305 1159 1475 1202 onustos,
1516 1156 1602 1194 cibo
1633 1156 1789 1206 spoliis-

331 1239 406 1275 que
446 1239 561 1273 cenae,
602 1227 634 1262 si
672 1238 751 1262 non
790 1224 877 1261 aliis
910 1226 1042 1263 etiam.
1075 1237 1160 1274 quae
1191 1224 1297 1262 furto
1329 1224 1575 1262 abstulerint.
1608 1245 1661 1250 —
1693 1225 1788 1262 736.

330 1305 454 1343 senex,
486 1307 521 1331 v.
556 1293 604 1330 ad
638 1294 731 1330 227.
764 1313 818 1318 --
851 1294 944 1330 737.
976 1291 1234 1340 Aduenimus,
1261 1293 1455 1331 adsumus.
1488 1312 1544 1319 —
1575 1293 1668 1331 738.
1692 1291 1789 1331 Abe-

331 1373 443 1400 amne
473 1361 577 1399 Cam.
610 1374 744 1399 versus
777 1375 910 1408 causa,
944 1361 988 1400 R.
1010 1362 1148 1398 maluit
1170 1365 1348 1400 extremo
1363 1362 1469 1400 loco:
1507 1362 1607 1409 „Abi
1633 1358 1789 1400 mod0“.

331 1449 385 1456 —-
417 1431 509 1468 740.
546 1428 672 1478 ,‚Sed“
707 1430 782 1467 del.
817 1429 973 1467 Parcus.
1006 1450 1060 1455 —-
1094 1431 1187 1467 742.
1211 1430 1392 1476 Haecine,
1424 1430 1641 1481 Dorippam
1673 1431 1791 1479 signi-

330 1499 435 1537 ficat.
476 1518 532 1524 —
571 1500 665 1537 743.
712 1499 808 1537 dixti
851 1498 957 1536 Cam.
992 1518 1040 1523 —
1077 1499 1170 1536 744.
1216 1499 1329 1544 filum
1372 1498 1478 1546 Pius,
1524 1500 1549 1536 i.
1591 1512 1623 1536 e.
1655 1511 1790 1548 genus,

329 1569 526 1618 χαρακτήρ,
568 1567 614 1605 cf.
647 1568 807 1605 Lucret.
839 1567 888 1613 II,
924 1568 1024 1605 331:
1075 1566 1255 1615 „Debent
1284 1569 1468 1604 nimirum
1500 1580 1578 1604 non
1609 1567 1787 1605 omnibus

329 1638 461 1673 omnia
498 1649 681 1685 prorsum
722 1635 817 1673 Esse
857 1637 946 1686 pari
984 1635 1050 1673 filo
1083 1636 1280 1685 similique
1313 1635 1465 1673 adfecta
1495 1633 1660 1685 figura“.
1721 1634 1787 1680 IV,

331 1705 401 1742 86:
453 1702 671 1753 „(Vestigia
700 1701 933 1753 formarum)
968 1704 1102 1742 subtili
1132 1705 1313 1755 praedita
1343 1700 1449 1741 filo“.
1497 1703 1596 1741 Gell.
1621 1704 1651 1750 Ι,
1677 1704 1714 1750 9,
1741 1703 1796 1740 2:—
1871 1726 1874 1728 ,

333 1786 488 1820 „mores
529 1778 769 1823 naturasque
808 1773 1008 1810 hominum
1049 1773 1095 1810 de
1134 1774 1212 1810 oris
1243 1777 1282 1810 et
1313 1773 1446 1810 vultus
1476 1774 1632 1822 ingenio
1663 1771 1788 1822 deque

328 1843 451 1879 totius
483 1843 660 1891 corporis
691 1841 757 1878 filo
790 1846 908 1890 atque
940 1841 1078 1879 habitu
1109 1842 1312 1880 sciscitari.
1358 1841 1462 1889 XIV,
1495 1843 1532 1888 4,
1559 1843 1603 1880 2:
1640 1842 1788 1888 „forma

329 1914 448 1959 atque
486 1910 553 1947 filo
599 1907 823 1958 virginali“.
911 1910 1028 1960 Apul.
1075 1911 1169 1948 Met.
1215 1910 1288 1957 IV,
1336 1911 1406 1948 23:
1459 1912 1678 1958 „virginem
1722 1908 1788 1947 filo

328 1978 531 2016 liberalem
586 1993 629 2016 ac
683 1983 911 2016 summatem
958 1979 1040 2016 eius
1085 1976 1298 2028 regionis“.
1387 1975 1551 2025 scitum,
1598 1979 1645 2016 cf.
1694 1979 1786 2017 746.

329 2047 441 2094 Quod
493 2047 538 2086 R.
592 2049 799 2085 substituit
847 2045 1082 2098 „spissu‘m“,
1129 2060 1267 2098 parum
1320 2047 1461 2097 placet.
1513 2066 1561 2073 —
1609 2050 1702 2086 anet
1753 2049 1788 2084 A

329 2122 369 2154 et
400 2115 450 2163 C,
490 2117 536 2154 R.
569 2117 669 2155 conf.
702 2116 911 2154 Philoxeni
950 2116 1091 2164 gloss-2
1137 2117 1279 2164 ,‚Anet‚
1315 2114 1452 2166 woeffl-
1513 2116 1623 2154 Flav.
1663 2115 1788 2165 Caper

329 2185 512 2233 Orthogr.
560 2186 645 2222 init.
685 2205 738 2210 —-
779 2186 872 2222 745.
919 2185 1129 2232 dierectus,
1175 2185 1223 2222 cf.
1275 2186 1366 2222 182.
1399 2204 1453 2211 —
1495 2185 1574 2222 746
1620 2184 1787 2222 totidem

328 2255 473 2291 litteris
512 2255 558 2291 A.
592 2273 645 2278 —
686 2254 778 2291 747.
821 2254 998 2292 conduxi.
1059 2254 1210 2292 Acidal.
1258 2251 1518 2300 „conduxit“;
1558 2252 1656 2290 illud
1694 2265 1786 2303 pro-

328 2324 419 2360 bum
453 2327 523 2372 est,
563 2323 609 2359 cf.
643 2321 740 2360 Rud.
777 2323 895 2360 1042.
957 2321 1063 2359 Trin.
1099 2322 1192 2360 970.
1253 2320 1330 2359 Cic.
1364 2321 1473 2359 Verr.
1506 2320 1578 2368 III,
1612 2322 1676 2367 30,
1711 2322 1784 2358 71:

333 2396 401 2438 „tu
439 2405 491 2439 es,
534 2393 601 2440 qui
639 2392 768 2440 pretia
800 2391 1095 2438 diligentissime
1128 2392 1346 2440 exquisisti,
1380 2392 1446 2440 qui
1476 2401 1618 2437 magno
1648 2388 1787 2426 vendi-

329 2455 462 2497 disti“.
498 2480 552 2485 —
588 2454 691 2506 Quid
720 2459 804 2497 est?
834 2473 868 2496 V.
902 2460 948 2496 ad
981 2458 1123 2509 Amph.
1159 2461 1251 2497 552.
1285 2479 1338 2484 —
1373 2459 1464 2495 748.
1490 2459 1576 2495 istic
1606 2457 1786 2505 Pylades,

330 2543 363 2566 v.
398 2529 445 2566 ad
478 2528 619 2577 Amph.
654 2528 747 2566 352.
781 2546 833 2552 —-
867 2529 945 2564 749
978 2532 1085 2566 recte
1116 2529 1160 2565 A.
1194 2529 1372 2565 ——-750.
1405 2537 1569 2573 anquem
1602 2525 1787 2563 Herman-

328 2611 399 2634 nus
432 2610 503 2635 em.
565 2597 612 2634 R.
654 2596 728 2633 del.
774 2591 920 2643 ‚,dixi“.
955 2596 1133 2645 Seyffert«.
1174 2596 1315 2634 Philol.
1347 2595 1494 2632 XXV11
1525 2609 1561 2644 p.
1596 2595 1675 2632 455
1709 2594 1783 2631 del.

332 2667 502 2715 „aeque“
541 2666 627 2703 coll.
660 2664 799 2702 Bacch.
835 2666 926 2712 547,
960 2665 1027 2702 sed
1058 2667 1112 2703 ibi
1148 2664 1316 2714 „aeque“
1349 2677 1438 2701 casu
1464 2663 1654 2699 excidisse
1680 2662 1785 2699 vide·

328 2739 393 2771 tur·
439 2731 615 2783 („quem>
646 2744 765 2781 aeque
809 2746 892 2770 esse
931 2735 1095 2770 amicum
1134 2737 1244 2770 ratus
1281 2745 1364 2769 sum
1404 2737 1521 2779 atque
1560 2732 1668 2779 ipsus
1701 2743 1785 2767 sum

329 2798 485 2851 mihi“).
525 2821 573 2827 --
605 2803 698 2840 751.
757 2801 881 2849 „Mihi
912 2806 954 2839 tu
987 2800 1170 2850 quidem“
1208 2800 1251 2838 R.
1286 2819 1339 2825 —
1374 2800 1463 2836 753.
1499 2799 1599 2846 Non,
1638 2809 1717 2836 non
1747 2802 1786 2835 et

327 2872 361 2909 A
392 2876 432 2908 et
463 2870 511 2918 B,
552 2883 673 2921 quare
711 2883 864 2908 versum
895 2872 951 2908 sic
982 2869 1087 2908 edidi
1118 2873 1161 2907 ut
1191 2869 1230 2906 in
1261 2870 1294 2906 A
1327 2873 1403 2915 est,
1445 2867 1623 2918 quamvis
1655 2867 1778 2918 magis
