1963 3243
113 193 153 237 V,
177 195 209 230 2.
235 193 369 226 54-63
740 190 934 225 Mercator.
1484 193 1566 231 205

711 317 977 358 Charinus

904 388 1013 438 Quin
1049 403 1113 429 lue
1147 396 1190 429 ut
1226 389 1393 429 uideam
1432 388 1568 428 facis?

703 503 833 557 Euty
846 503 904 544 ch
918 517 941 543 u
957 517 976 544 s

113 577 297 619 Faciam.

709 654 977 696 Charinus

316 727 508 781 Longum
540 729 652 769 istuc
683 729 902 769 amantist.

703 841 979 896 Eutychus

927 915 1069 956 Etiam
1105 915 1294 956 metuis?
1327 916 1486 957 Omnia

114 987 470 1030 Conmonstrabo.
515 987 703 1028 Amicior
731 986 832 1028 mihi
859 987 1002 1028 nullus
1035 988 1147 1028 uiuit
1179 993 1311 1040 atque
1344 988 1380 1028 is
1409 992 1487 1037 est,
1504 998 1572 1032 885

113 1060 194 1111 Qui
233 1060 351 1101 illam
392 1058 545 1107 habet,
580 1073 720 1112 neque
753 1066 820 1100 est
851 1061 949 1114 quoi
992 1061 1125 1112 magis
1165 1074 1231 1101 me
1272 1060 1425 1101 melius
1457 1059 1571 1102 uelle

1199 1146 1385 1185 aequom
1418 1133 1513 1173 siet.

710 1211 978 1254 Charinus

116 1285 210 1327 Non
243 1299 348 1327 cura
380 1286 548 1335 istun03
581 1285 633 1325 de
666 1285 740 1326 illa
773 1299 950 1339 quaero.

702 1399 978 1453 Eutychus

905 1473 964 1512 De
997 1472 1073 1513 illa
1104 1486 1205 1525 ergo
1238 1486 1317 1524 ego
1350 1472 1446 1513 dico
1479 1472 1571 1514 tibi.

119 1543 226 1585 Sane
254 1544 333 1586 hoc
360 1559 443 1585 non
469 1548 511 1585 'm
539 1550 726 1586 mentem
751 1546 871 1585 uenit
894 1544 1071 1594 dudum,
1098 1551 1144 1586 ut
1172 1545 1377 1586 obz'cerem
1402 1558 1571 1585 moram.

713 1657 744 1699 C
758 1658 784 1699 h
797 1673 821 1699 a
832 1673 852 1699 r
863 1660 873 1698 i
886 1674 911 1699 n
925 1674 949 1699 u
961 1673 980 1699 s

120 1731 195 1773 Dic
225 1732 368 1785 igitur,
402 1731 475 1772 ubi
508 1731 584 1772 illa
617 1731 713 1772 est?

708 1845 841 1899 Euty
854 1859 875 1886 c
886 1845 913 1886 h
924 1860 951 1886 u
962 1860 981 1887 s

727 1918 773 1958 In
806 1921 964 1960 nostris
998 1918 1192 1959 aedibus.

724 2030 983 2074 Charinus

1231 2106 1361 2147 Aedis
1394 2107 1572 2161 probas!

120 2175 163 2218 Si
194 2181 240 2218 tu
271 2191 377 2218 uera
409 2177 529 2222 dicis.
561 2177 711 2231 pulcre
745 2178 999 2220 aedificatas
1033 2178 1215 2220 arbitro.
1508 2191 1577 2225 890

122 2248 203 2290 Sed
235 2251 307 2302 qui
338 2263 417 2303 ego
449 2251 562 2291 istuc
593 2250 800 2291 credam?
847 2249 1008 2293 Uidisti
1034 2264 1088 2292 an
1115 2251 1167 2292 de
1193 2251 1344 2293 audito
1369 2252 1576 2293 nuntias?

708 2363 741 2405 E
754 2378 780 2404 u
793 2368 845 2418 ty
856 2378 878 2405 c
889 2364 915 2405 h
928 2379 954 2405 u
966 2379 985 2405 s

122 2434 301 2489 Egomet
330 2437 435 2478 uidi.

211 2597 278 2631 883
300 2608 409 2642 quem
435 2607 504 2641 ego
531 2596 636 2630 uideo
652 2595 688 2630 B
781 2597 849 2630 884
873 2597 935 2630 lou
953 2624 958 2629 .
978 2623 1006 2631 ..
1021 2623 1028 2630 .
1044 2608 1126 2631 curn
1154 2598 1276 2631 istunc
1372 2597 1537 2632 emittuis
1554 2597 1584 2633 C

211 2654 278 2688 885
302 2653 392 2688 Cum
416 2655 654 2688 monstrabor
674 2653 719 2696 B,
746 2651 1068 2688 conmonstrabor
1092 2653 1120 2688 C
1208 2655 1275 2688 886
1300 2657 1359 2688 est
1379 2655 1440 2699 qui
1461 2654 1579 2698 magis

128 2708 164 2751 C,
187 2714 242 2744 eut.
264 2722 347 2745 eum
372 2711 488 2755 magis
513 2710 548 2745 B
642 2722 701 2744 me
727 2710 822 2744 uelle
847 2722 905 2745 me
931 2710 1061 2744 melius
1162 2711 1260 2745 sient
1360 2712 1426 2746 887
1452 2723 1579 2746 euram

127 2765 172 2801 de
194 2767 289 2803 istuc
392 2768 469 2803 ulla
491 2767 537 2811 B,
565 2767 637 2802 ulla
664 2766 694 2802 C
803 2768 871 2801 888
896 2771 937 2801 ut
962 2768 1029 2802 tibi
1060 2766 1092 2801 B
1117 2774 1158 2801 ut,
1184 2768 1231 2802 ob
1257 2767 1285 2802 C
1399 2770 1461 2803 891
1492 2769 1578 2813 quid

215 2825 360 2859 uidistis
387 2831 470 2859 aute
498 2825 627 2859 audito
653 2825 788 2858 inotias
882 2826 951 2859 892
976 2824 1138 2868 Egomes
1167 2824 1195 2859 C
