1963 3243
312 228 392 267 292
955 224 1152 259 Poenulus.

311 368 380 392 nec
412 367 498 392 eum
528 366 616 404 spes
645 355 778 391 statim
811 357 996 403 concepta
1027 353 1146 400 fallit3
1178 366 1267 390 nam
1293 367 1314 390 a
1337 353 1489 390 nutrice
1514 353 1670 403 agnitus
1694 351 1794 389 filias

307 435 396 459 suas
438 423 632 469 agnoscit,
678 435 748 458 nec
791 422 880 458 leno
924 421 1097 470 undique
1139 422 1423 458 circumventus
1461 420 1624 458 infitiari
1664 420 1794 457 audet.

307 490 406 527 Tum
442 493 558 539 pater
594 489 713 525 filiam
754 489 888 526 fratris
927 489 1008 526 filio
1050 488 1288 539 despondet,
1336 492 1375 525 et
1419 501 1538 537 quum
1583 488 1687 525 mala
1725 488 1795 524 illa

307 557 428 605 fraus,
461 570 538 606 qua
566 557 776 606 petebatur
806 556 913 603 leno,
946 558 1022 593 iam
1053 570 1131 594 non
1162 557 1383 594 necessaria
1414 558 1484 603 sit,
1519 556 1796 606 Agorastocles

307 625 475 675 simplici
520 625 769 662 restitutione
814 625 987 674 pecuniae
1035 638 1057 660 a
1100 624 1216 662 vilico
1270 627 1438 673 acceptae
1486 627 1713 661 contentum
1755 636 1796 660 se

308 693 390 731 fore
422 693 536 740 dicit,
576 705 646 729 nec
676 691 814 729 fraude
846 695 884 729 et
915 692 1080 739 malitia,
1112 692 1181 729 sed
1211 692 1294 728 iure
1326 696 1365 728 et
1396 704 1505 740 aequo
1538 691 1672 728 divina
1701 704 1794 741 pro-

309 761 491 800 videntiae
529 761 587 797 vis
619 763 658 797 et
688 760 812 797 scelus
844 761 1045 797 ulciscitur
1076 763 1114 796 et
1144 760 1375 797 innocentiae
1406 761 1625 810 pietatique
1661 759 1798 796 merita

309 830 471 879 praemia
500 829 652 866 tribuit.

423 898 704 947 Argumentum
741 896 916 934 videmus
954 895 1118 944 simplex
1154 895 1389 944 minimeque
1419 895 1679 944 implicatum,
1726 907 1798 932 nec

312 968 344 1003 si
389 966 476 1015 quis
520 964 662 1001 fabulae
707 967 840 1014 partes
886 978 963 1002 non
1006 967 1085 1000 tam
1131 966 1214 1000 arte
1258 964 1362 1000 inter
1401 976 1441 1000 se
1482 975 1672 1000 connexas
1714 976 1797 1000 esse

313 1034 476 1079 dixerit,
523 1045 638 1082 quam
669 1032 859 1069 hodierna
890 1045 952 1068 ars
981 1032 1177 1080 postulat,
1221 1031 1399 1080 equidem
1437 1032 1680 1078 negaverim3
1729 1029 1796 1067 sed

314 1102 417 1151 quod
440 1101 599 1138 fuerunt
623 1101 690 1149 qui
715 1100 791 1136 duo
816 1100 980 1137 duarum
1006 1099 1224 1136 fabularum
1251 1102 1480 1146 argumenta
1503 1100 1542 1135 in
1565 1112 1684 1136 unum
1710 1111 1798 1136 con-

313 1170 408 1207 flata
452 1182 534 1206 esse
585 1171 792 1218 putarent,
845 1167 1126 1205 Reinhardtius
1179 1169 1218 1204 in
1264 1167 1522 1204 Studemundi
1561 1166 1671 1205 Stud.
1712 1166 1731 1204 I
1760 1179 1798 1216 p.

319 1239 394 1275 109
435 1251 519 1286 sqq.
552 1240 591 1273 et
630 1235 900 1273 Franckenius
938 1236 978 1272 in
1018 1235 1278 1284 Mnemosynae
1317 1235 1395 1272 vol.
1426 1235 1479 1272 IV
1509 1249 1547 1285 p.
1584 1236 1659 1272 146
1701 1248 1799 1284 sqq.,

313 1319 384 1343 nec
414 1306 540 1355 patris
577 1304 769 1341 adventus
805 1317 875 1341 nec
914 1304 1017 1340 servi
1048 1303 1210 1341 consilia
1246 1303 1495 1340 fraudulenta
1532 1316 1603 1353 per
1643 1315 1682 1339 se
1715 1315 1801 1340 eam

315 1375 464 1424 copiam
512 1376 552 1410 et
595 1373 828 1410 varietatem
873 1371 1035 1418 habent,
1083 1384 1159 1420 qua
1198 1370 1339 1407 fabulae
1378 1385 1477 1420 opus
1518 1374 1596 1418 est,
1634 1374 1679 1407 ut
1716 1383 1802 1407 mea

315 1441 472 1492 quidem
503 1442 699 1478 sententia
728 1440 892 1477 Plautus
931 1440 1273 1477 contaminationis
1311 1440 1470 1476 crimine
1507 1439 1664 1476 omnino
1706 1438 1802 1476 libe-

315 1510 462 1547 randus
493 1511 554 1546 sit.
625 1509 762 1558 Neque
792 1509 892 1545 hanc
921 1507 1093 1545 fabulam
1124 1508 1323 1557 plerisque
1354 1507 1546 1544 Plautinis
1576 1506 1800 1543 inferiorem
1870 1502 1878 1511 “

317 1578 428 1625 duco,
462 1577 602 1614 nedum
632 1590 720 1614 cum
744 1576 890 1613 W'eisio
921 1591 943 1613 a
974 1576 1115 1613 Plauto
1147 1575 1386 1621 abiudicem3
1416 1576 1534 1612 immo
1566 1576 1665 1611 mira
1695 1575 1800 1611 festi-

317 1647 437 1683 vitate
469 1650 507 1682 et
537 1645 736 1682 hilaritate
768 1644 935 1681 excellit.
994 1644 1212 1691 Singularis
1245 1646 1304 1680 est
1333 1656 1502 1693 persona
1534 1643 1668 1688 Poeni,
1700 1641 1816 1679 unde*

318 1727 456 1752 nomen
487 1713 632 1763 adepta
663 1716 740 1759 est,
785 1713 911 1762 patris
951 1711 1037 1748 dico
1067 1723 1144 1748 non
1175 1713 1322 1760 pietate
1352 1712 1476 1760 magis
1508 1724 1624 1760 quam
1655 1710 1803 1747 callidi-

317 1785 400 1819 tate
445 1783 483 1818 in
531 1781 740 1829 quaerendo
784 1780 959 1829 insignis.
1034 1778 1129 1816 Cum
1173 1779 1245 1815 hoc
1283 1778 1462 1829 Milphio,
1510 1779 1620 1828 quasi
1660 1778 1805 1815 Punice

319 1851 435 1895 sciat,
476 1849 620 1885 Punice
658 1849 764 1897 loqui
797 1849 953 1898 incipit,
1001 1850 1039 1883 et
1076 1848 1338 1896 interroganti
1366 1846 1461 1884 hero
1492 1846 1657 1896 hospitis
1688 1845 1806 1882 verba

318 1917 572 1968 interpretari
604 1920 788 1962 conatur,
821 1915 984 1953 ridicule
1016 1914 1311 1952 similitudinem
1349 1915 1542 1964 quandam
1583 1915 1668 1952 soni
1698 1913 1804 1950 Lati-

320 1999 458 2024 norum
496 1985 705 2023 verborum
745 1988 783 2020 et
813 1984 1048 2022 Punicorum
1086 1986 1252 2020 sectans.
1321 1982 1401 2018 Nec
1432 1982 1503 2020 hoc
1534 1981 1718 2019 Plautum
1747 1982 1805 2018 in-

320 2055 472 2093 venisse
502 2054 746 2103 putaverim,
789 2052 855 2089 sed
887 2066 909 2089 a
941 2051 1077 2089 Graeco
1109 2054 1268 2088 auctore
1299 2050 1559 2097 transtulisse,
1593 2050 1624 2086 si
1648 2048 1804 2098 quidem

324 2122 501 2160 Graecum
533 2120 675 2158 fabulae
704 2133 843 2157 nomen
860 2119 1108 2167 Καρχηδόνιος
1131 2119 1205 2156 fuit
1232 2114 1286 2167 (v.
1309 2113 1392 2166 53).
1454 2119 1638 2155 Auctoris
1668 2129 1807 2154 nomen

323 2192 539 2240 ignoratur,
572 2201 660 2226 nam
693 2200 778 2238 quae
806 2201 853 2225 ex
878 2187 1084 2225 Menandri
1109 2186 1373 2224 Carchedonio
1405 2190 1561 2223 exstant
1591 2186 1808 2235 fragmenta
1862 2174 1893 2237 'v

325 2272 411 2296 cum
451 2257 521 2294 hac
559 2257 693 2300 fabula
731 2256 828 2293 nihil
860 2268 1060 2293 commune
1101 2255 1259 2292 habent.
1334 2254 1516 2300 Plautus,
1562 2258 1607 2290 ut
1644 2253 1806 2299 solebat,

321 2339 462 2364 nomen
495 2326 674 2370 mutavit,
718 2324 984 2373 Patruumque
1017 2321 1386 2373 Pultiphagonidem
1417 2322 1635 2372 appellasse
1665 2321 1809 2358 dicitur

325 2390 380 2443 (v.
416 2392 505 2440 54);
552 2395 792 2442 posteriores
831 2392 878 2428 ad
916 2393 1145 2442 primarium
1183 2403 1322 2427 nomen
1361 2390 1583 2436 redierunt,
1629 2393 1673 2426 ut
1710 2388 1808 2426 Poe-

328 2462 442 2499 nulus
474 2460 596 2498 fieret.

437 2530 616 2579 Apparet
645 2529 746 2565 enim
777 2528 875 2565 hanc
906 2527 1078 2565 fabulam
1110 2527 1249 2577 saepius
1287 2526 1450 2564 relatam
1490 2539 1594 2572 esse,
1643 2526 1809 2575 primum

326 2597 433 2634 brevi
473 2600 564 2647 post
600 2596 733 2633 Plauti
770 2599 955 2642 mortem,
997 2608 1073 2644 quo
1111 2598 1286 2643 tempore
1327 2595 1512 2644 prologus
1553 2594 1708 2631 additus
1738 2595 1809 2630 est.

328 2664 408 2701 Nec
440 2665 516 2701 alia
546 2663 686 2701 desunt
715 2677 787 2714 per
816 2668 938 2701 totam
969 2663 1138 2700 fabulam
1171 2662 1439 2700 additamenta
1464 2663 1607 2710 spuria,
1641 2673 1725 2711 quae
1750 2660 1809 2697 hi-

329 2732 543 2769 strionibus
582 2731 716 2769 deberi
756 2732 938 2769 videntur
970 2731 1099 2769 Plauti
1139 2731 1354 2768 orationem
1396 2730 1642 2768 variantibus
1683 2731 1722 2766 et
1751 2740 1812 2764 re-

327 2800 598 2837 tractantibus.
677 2801 757 2836 [loc
799 2802 963 2837 maxime
1006 2801 1044 2836 in
1084 2803 1259 2835 extrema
1300 2798 1433 2834 fabula
1464 2798 1525 2843 fit,
1574 2797 1638 2833 ubi
1670 2795 1812 2846 duplex
