1963 3243
320 166 372 206 86
982 163 1103 200 Plauti
1487 162 1549 206 IV,
1574 163 1606 205 2,
1629 162 1764 197 37—45
1793 211 1797 214 Δ
1831 134 1845 202 ]·

859 289 1223 344 Milphidippa

321 360 385 403 Ad
417 375 511 403 eam
541 374 632 402 rem
663 360 804 402 habeo
836 374 1004 402 omnem
1035 361 1182 402 aciem.

896 471 1025 514 Pala
1034 486 1083 514 es
1094 474 1163 514 tri
1172 486 1195 514 o

924 543 1021 586 Tibi
1050 545 1118 586 uti
1149 544 1311 586 dudum
1341 545 1428 586 iam
1461 543 1768 594 demomtraui,

321 616 384 658 Tu
403 621 550 658 cetera
567 630 693 668 cura„
709 621 752 658 et
775 615 1020 670 contempla
1044 621 1088 657 et
1103 616 1156 658 de
1174 617 1278 658 meis
1294 622 1476 657 uenator
1492 615 1659 674 uerbis
1683 626 1769 661 1025

822 729 1271 784 Pyrgopolinices

323 801 522 856 Aliquam
567 801 672 844 mihi
718 806 883 854 partem
929 800 1057 843 hodie
1103 815 1259 855 operae
1305 801 1380 842 des
1428 801 1632 854 denique3
1685 801 1769 842 iam
1807 807 1847 855 ‘⁴
1920 786 1931 878 Ξ

1197 873 1370 914 tandem
1400 863 1504 914 ades
1534 872 1650 914 illim.

892 951 923 992 P
934 951 983 994 al
994 965 1021 994 a
1030 965 1053 993 e
1063 966 1083 994 s
1093 956 1112 994 t
1122 953 1202 994 rio

322 1024 484 1066 Adsum
495 1041 504 1077 ;
534 1025 714 1080 impera,
747 1025 783 1066 si
814 1024 919 1080 quid
951 1025 1029 1065 uis.

816 1138 1273 1193 ‚Pyrgopolinices

929 1209 1041 1260 Quid
1071 1209 1199 1251 illaec
1227 1214 1379 1252 narrat
1407 1210 1516 1252 tibi?

895 1321 1199 1366 Palaestrio

1529 1379 1776 1422 Lamentari

325 1454 398 1494 Ait
427 1453 547 1495 illam
579 1454 792 1504 miseram,
833 1454 1015 1496 cruciari
1047 1458 1089 1494 et
1118 1453 1429 1495 lacrumantem
1460 1467 1506 1495 se
1537 1451 1776 1502 adflictare,

327 1524 438 1576 Quia
474 1526 530 1566 tis
569 1530 714 1578 egeat,
761 1526 865 1580 quia
901 1531 944 1567 te
986 1530 1155 1576 careat3
1202 1525 1256 1567 ob
1287 1539 1381 1568 eam
1411 1539 1501 1566 rem
1531 1524 1616 1566 huc
1647 1523 1703 1565 ad
1732 1527 1776 1565 te

1408 1598 1598 1639 missast.

827 1673 1276 1746 Pyrgopolinices

325 1747 431 1790 Iube
462 1748 599 1790 adire.

897 1844 1209 1887 Palaestrio

533 1917 587 1957 At
614 1917 705 1958 scin
731 1917 833 1971 quid
856 1922 905 1958 tu
927 1916 1093 1958 facias?
1124 1915 1218 1959 face
1240 1921 1284 1959 te
1308 1916 1456 1959 fastidi
1473 1916 1780 1970 plenum,'1o3o

330 1987 460 2037 Quasi
485 2002 570 2030 non
595 1988 763 2040 lubeat3
795 2002 862 2030 me
885 1989 1133 2039 inclamato,
1166 1990 1268 2043 quia
1295 1991 1356 2031 sic
1381 1993 1424 2031 te
1447 1988 1574 2043 uolgo
1595 1987 1778 2042 uolgem.

832 2101 1278 2157 Pyrgopolinices

331 2174 506 2216 Memini
537 2179 582 2216 et
611 2176 854 2229 praeceptis
885 2175 1060 2228 parebo.

900 2289 1211 2332 Palaestrio

902 2361 1054 2404 Uocon
1085 2375 1186 2414 ergo
1217 2361 1330 2403 hanc
1361 2374 1473 2415 quae
1504 2364 1547 2402 te
1579 2359 1780 2414 quaerit?

425 2497 512 2530 1024
535 2497 586 2531 At
663 2497 814 2532 matiem
838 2495 884 2540 B,
920 2496 1052 2532 faciem
1078 2496 1107 2532 0
1182 2497 1256 2532 PA.
1284 2507 1349 2532 om.
1388 2499 1391 2502 “
1427 2500 1468 2530 ut
1537 2495 1632 2530 clam
1655 2493 1691 2530 Β

335 2552 421 2586 1025
456 2551 529 2587 ΡΑ.
565 2551 621 2587 Tu
727 2554 814 2588 1026
849 2553 922 2588 iam
959 2564 1025 2589 om.
1061 2554 1096 2588 A
1199 2554 1286 2589 ilico
1394 2554 1480 2588 1027
1514 2552 1594 2588 haec
1629 2551 1684 2593 B,
1718 2551 1783 2586 illa.

331 2609 424 2644 haec
451 2608 482 2644 Ο
575 2610 644 2645 tibi
670 2611 867 2646 lamentari
891 2609 937 2654 Β,
971 2611 1041 2644 tibi
1066 2615 1103 2645 te
1127 2611 1324 2645 lamentari
1352 2610 1382 2646 0
1479 2611 1566 2645 1028
1590 2609 1663 2644 PA.
1683 2619 1792 2654 prae-·

332 2666 461 2710 figitur
556 2668 641 2701 1029
665 2668 737 2703 scis
761 2666 798 2702 Β
891 2671 950 2702 ate
976 2672 1035 2702 ate
1059 2667 1096 2702 B
1187 2668 1318 2703 missat
1344 2667 1374 2703 0
1463 2667 1550 2702 1030
1574 2667 1630 2702 sin
1656 2665 1692 2701 B

333 2723 443 2758 facite
468 2722 514 2767 B,
538 2723 651 2759 facito
678 2724 709 2760 0
783 2723 896 2759 fastili
920 2722 956 2758 Β
1048 2726 1132 2759 1031
1158 2725 1210 2759 sic
1233 2728 1311 2759 tam
1401 2725 1488 2758 1032
1511 2735 1607 2758 uoco
1688 2722 1783 2758 hanc

333 2784 375 2816 ut
398 2781 521 2825 querit
543 2781 580 2816 B
