1963 3243
653 197 690 232 V.
721 199 948 233 1268—1299.
1461 206 1540 240 22⁴9

82 328 140 365 vis
175 326 341 376 „quom“
378 327 632 364 indicativum
672 327 747 364 sibi
780 328 994 376 adiungere
1024 328 1161 370 soleat,
1202 332 1330 365 tamen
1363 342 1448 365 eum
1483 330 1539 366 lo-

83 394 228 446 quendi
261 407 386 438 usum.
420 397 486 445 qui
518 401 657 446 postea
689 402 875 433 constans
907 396 994 440 fuit,
1028 401 1071 433 ut
1105 395 1271 445 „quom“
1315 397 1471 433 causale
1503 404 1537 432 et

82 464 347 501 concessivum
395 478 480 502 cnm
523 464 773 502 coniunctivo
814 465 1012 512 iungatur,
1059 467 1134 501 iam
1182 465 1335 501 initium
1377 466 1539 514 cepisse.

82 530 193 578 Quod
227 537 353 569 nutem
390 533 424 569 h.
460 534 484 569 l.
516 537 673 570 censent
706 538 794 582 post
826 545 860 570 ν.
899 533 1002 570 1283
1037 545 1193 570 versum
1220 532 1423 573 excidisse.
1443 533 1540 570 illud

81 599 237 650 quidem
269 607 446 650 apparet,
479 600 668 651 apodosin
701 601 936 646 desiderari3
968 601 1036 637 sed
1072 601 1184 638 huius
1216 604 1402 651 proprius
1434 601 1542 638 locus

81 674 172 719 post
210 669 462 718 parenthesin
503 674 588 706 erat
627 683 660 707 v,
708 670 811 706 1283
844 671 1053 719 inceptam.
1114 669 1380 720 Abrumpitur
1411 675 1541 706 autem

82 741 121 775 et
157 738 241 787 ipsa
279 737 537 786 parenthesis.
578 751 654 775 non
694 738 944 774 librariorum
984 742 1049 775 aut
1089 739 1281 788 temporis
1313 739 1442 788 culpa,
1474 738 1541 775 sed

80 805 297 843 Pleusicles
338 807 422 842 viso
456 805 714 843 Palaestrione
753 820 793 843 se
827 808 909 856 ipse
942 808 1210 857 interrumpit,
1244 807 1290 844 cf.
1325 807 1419 844 821.
1453 820 1540 843 ann.

81 873 128 911 ad
160 874 270 911 Asin.
306 875 400 912 347.
449 875 560 912 Ribb.
587 874 726 912 Goetz.
755 888 816 912 vx’.
849 876 1067 913 1281-83
1100 876 1357 916 secluserunt,
1383 889 1428 912 ac
1450 889 1543 912 sane

81 941 219 980 absunt
267 942 314 978 ab
356 947 399 980 A.
434 963 488 968 —
525 945 644 981 1285.
691 943 768 981 alio
813 942 917 980 Cam.
979 943 1071 989 Quae
1117 950 1349 993 sequuntur,
1398 947 1543 981 maiore

81 1023 177 1048 voce
208 1015 450 1061 pronuntiat,
485 1019 525 1048 ut
559 1027 578 1047 :i
612 1012 736 1049 milite
769 1011 994 1049 audiantur.

204 1081 321 1118 1286.
363 1081 497 1118 Moras
543 1081 750 1118 mulierum
800 1087 839 1118 et
885 1081 950 1117 alii
998 1087 1218 1130 queruntur
1257 1087 1293 1117 vt
1333 1081 1543 1118 Terentius

82 1149 287 1185 notissimo
328 1151 411 1186 loco
453 1149 593 1186 Heaut.
637 1151 716 1188 239
756 1163 840 1199 sqq.
886 1168 933 1174 —
981 1150 1099 1187 1288.
1139 1161 1181 1188 ea
1222 1150 1414 1195 abundat,
1461 1152 1543 1186 sive

81 1228 154 1266 pro
184 1219 428 1255 nominativo
461 1220 605 1268 capiaS.
639 1232 672 1256 v.
693 1218 742 1255 ad
759 1219 866 1256 Asin.
887 1219 980 1262 523,
1012 1220 1094 1255 sive
1121 1231 1194 1268 pro
1221 1218 1408 1259 ablativo.
1442 1218 1543 1256 wad

81 1297 117 1322 v.
151 1286 215 1322 21.
255 1305 301 1310 -—
339 1287 456 1325 1289.
493 1287 603 1327 ..Ηοο
634 1284 779 1336 igitur“
815 1289 953 1337 inquit,
992 1287 1124 1334 „quod
1155 1300 1226 1325 nos
1252 1287 1393 1325 mulier
1416 1300 1542 1324 mora·

82 1357 160 1400 tur,
199 1367 246 1391 ex
286 1355 443 1403 vulgari
481 1355 767 1393 consuetudine
805 1354 889 1393 fit“.
952 1356 1014 1392 Sic
1054 1356 1179 1393 locum
1220 1361 1379 1393 enarrat
1421 1356 1541 1405 Bugg.

83 1420 153 1472 Op.
195 1423 244 1459 ad
285 1423 417 1461 Madv.
459 1438 496 1474 p.
543 1426 631 1462 172.
667 1424 798 1462 Guiet.
833 1424 948 1462 Ribb.
982 1423 1121 1462 Goetz.
1154 1438 1308 1461 versum
1342 1425 1542 1461 damnant.

83 1492 437 1538 -consuetecdme,
470 1493 517 1530 cf.
542 1492 650 1531 Trin.
685 1494 778 1532 363.
810 1513 865 1518 —
900 1495 1019 1531 1290.
1052 1493 1156 1531 Nam
1188 1506 1340 1531 causam
1374 1493 1545 1543 querelae

83 1559 242 1606 indicat,
283 1573 316 1596 v.
361 1562 410 1598 ad
453 1562 593 1612 Amph.
635 1564 728 1601 951.
791 1563 900 1600 Asin.
945 1563 1034 1599 122.
1097 1563 1202 1600 Trin.
1238 1564 1303 1600 25.
1365 1560 1544 1610 Seyffert.

83 1627 196 1666 Stud.
230 1629 400 1667 Plautin.
434 1644 471 1680 p.
510 1631 557 1667 19
600 1645 672 1681 sq..
713 1633 779 1681 qui
821 1635 924 1669 recte
971 1631 1148 1669 codicum
1197 1633 1430 1680 scripturam
1481 1642 1545 1667 ar-

84 1707 184 1736 cesso
223 1698 407 1736 defendit.
471 1699 570 1736 Edd.
605 1706 694 1736 ante
728 1700 789 1737 ΒΓ.
827 1698 1073 1746 „accersam“
1109 1719 1161 1726 -—-
1199 1701 1318 1738 1292.
1357 1698 1458 1748 Quid
1486 1701 1546 1737 ἠἰε

84 1765 129 1804 R.
171 1785 226 1792 —-
271 1769 390 1806 1295.
423 1771 619 1816 paratust.
664 1769 693 1806 I
724 1768 840 1818 Seyff.
879 1768 991 1806 Stud.
1033 1782 1069 1818 p.
1114 1770 1177 1806 20,
1212 1789 1265 1794 -
1302 1769 1421 1806 1296.
1455 1779 1544 1816 pre-

83 1836 179 1874 tiosa
219 1837 348 1874 omnia
389 1837 501 1874 Both.
544 1857 596 1862 ———
643 1838 759 1875 1297.
803 1837 895 1876 Duc
934 1837 992 1874 ed.
1027 1850 1086 1886 pr.
1121 1837 1234 1875 Hunc
1265 1850 1419 1874 versum
1453 1837 1542 1873 Aci-

85 1903 211 1942 dalius
258 1905 323 1942 ΒΓ.
372 1905 486 1943 Ribb.
535 1905 785 1943 antecedenti
826 1911 1084 1956 praeponunt;
1133 1907 1202 1943 sed
1242 1906 1304 1943 hic
1335 1905 1544 1943 verborum

83 1971 180 2010 ordo
213 1987 235 2010 a
268 1973 408 2012 Plauto
439 1976 594 2011 minime
627 1974 824 2021 abhorret,
866 1976 932 2024 qui
965 1988 1042 2012 non
1075 1974 1271 2012 obiectum
1305 1975 1443 2018 solum,
1477 1973 1545 2010 sed

82 2042 198 2078 etiam
240 2045 474 2080 sententiam
515 2058 535 2079 a
575 2044 750 2080 relativae
791 2044 998 2081 sententiae
1044 2043 1263 2093 praedicato
1309 2042 1543 2093 pendentem

83 2110 278 2158 primariae
311 2114 515 2149 sententiae
547 2119 790 2161 anteponere
821 2113 934 2152 solet.
967 2126 1001 2148 v.
1040 2113 1159 2149 1008.
1183 2113 1302 2150 1311.
1335 2111 1542 2149 Οἰεῒ.487.

84 2196 136 2203 -
173 2179 291 2216 1298.
328 2180 576 2230 ..composta“
614 2180 731 2218 scribi
766 2181 849 2217 vult
882 2180 1029 2230 Haupt.
1065 2180 1137 2229 Op.
1163 2180 1221 2217 III
1238 2195 1276 2230 p.
1295 2182 1389 2218 400.
1437 2180 1544 2216 Idem

84 2247 319 2296 scripturam
354 2248 439 2285 cod.
473 2248 503 2285 B
535 2248 704 2294 auferat,
738 2251 761 2285 i.
795 2263 826 2286 e.
861 2250 933 2287 sibi
967 2249 1121 2294 habeat.
1155 2255 1303 2295 tuetur,
1335 2248 1545 2286 accedente

86 2316 201 2352 etiam
233 2317 278 2353 A.
314 2335 364 2341 -
403 2317 522 2354 1299.
556 2328 634 2355 non
663 2316 877 2355 morabitur
907 2319 1063 2367 passive
1096 2319 1241 2355 dicitur
1264 2324 1305 2354 ut
1328 2317 1431 2354 Men.
1453 2318 1544 2354 322.

84 2382 220 2433 Itaque
253 2383 500 2422 Palaestrioni
533 2385 636 2431 dedi,
663 2386 766 2434 qnod
793 2387 912 2436 vulgo
937 2387 1052 2423 militi
1079 2386 1207 2423 datur.
1245 2405 1289 2410 -
1331 2387 1449 2423 1300.
1477 2385 1544 2421 R.:

89 2451 214 2498 „Quid
248 2454 346 2490 istuc
379 2452 489 2490 est?“
527 2453 706 2490 Mueller.
733 2453 892 2492 Nachtr.
920 2468 957 2504 p.
989 2455 1086 2492 136:
1139 2452 1238 2499 ..Sed
1265 2454 1359 2504 quid
1385 2452 1540 2491 istuc?‘²

84 2521 285 2569 utAmph.
314 2522 433 2559 1088.
467 2524 573 2559 Asin.
597 2523 688 2560 260.
716 2523 808 2560 263.
842 2522 982 2560 Pseud.
1015 2523 1133 2560 1289.
1166 2523 1280 2572 Epid.
1300 2524 1391 2560 344.
1426 2521 1544 2559 Most.

86 2588 181 2628 435.
227 2588 366 2627 Pseud.
388 2593 453 2628 22.
506 2590 608 2639 Quid
637 2592 738 2628 istuc
769 2591 881 2628 codd.
912 2595 953 2628 ut
978 2591 1114 2629 Bacch.
1134 2592 1226 2629 246.
1260 2591 1399 2628 Pseud.
1426 2592 1543 2629 1247.

86 2655 192 2694 Pers.
243 2659 335 2696 289.
398 2658 518 2696 Stich.
562 2660 656 2697 308.
697 2679 751 2684 —
795 2658 896 2708 Quid
931 2660 1043 2698 oculo
1080 2660 1271 2705 factumst
1309 2660 1403 2698 tuo?
1470 2659 1545 2697 Re-

85 2726 253 2773 spondet
290 2732 411 2764 nanta
450 2741 489 2764 se
527 2728 681 2766 oculum
723 2727 889 2775 habere;
935 2729 1050 2765 simul
1091 2741 1177 2765 eum
1217 2732 1429 2775 monstrat,
1479 2729 1544 2778 qui

86 2793 239 2830 scutula
285 2799 411 2832 tectus
459 2809 537 2832 non
591 2800 662 2833 est.
724 2795 861 2842 Immo,
908 2797 1037 2846 inquit
1083 2797 1210 2837 miles,
1261 2798 1398 2834 laevum
1445 2797 1544 2834 dico.
