1963 3243
0 0 99 88 U

134 203 163 249 1,
192 207 218 246 1,
244 206 354 240 4—-31
765 205 960 239 Mercator.
1513 210 1590 249 149

139 331 184 373 In
217 333 386 373 somnis,
413 333 476 381 egi
511 333 618 373 satis
651 338 693 373 et
725 332 782 372 sui
818 331 941 372 homo
975 333 1206 372 exercitus.
1527 346 1592 376 225.

138 404 316 446 Mercari
352 406 469 445 uisus
502 404 605 445 mihi
639 417 733 445 sum
766 403 994 445 formosam
1028 417 1218 457 capram.

137 475 187 518 Ei
217 489 269 517 ne
301 482 489 521 noceret.
522 490 652 531 quam
684 476 799 517 domi
833 483 931 517 ante
964 476 1097 518 habui
1131 490 1320 530 capram,

137 547 227 591 Neu
259 548 576 596 discordarent,
609 551 642 590 si
677 548 832 590 ambae
864 550 907 590 in
941 562 1024 590 uno
1057 554 1201 590 essent
1232 548 1341 597 loco,

137 621 354 663 Posterius
385 635 516 675 quam
549 628 765 663 mercatus
798 621 978 671 sueram,
1011 622 1134 662 uisus
1167 636 1260 662 sum

135 693 184 736 In
214 693 482 736 custodelam
514 694 664 734 simiae
697 694 969 735 concredere.
1527 707 1594 739 230

135 770 197 810 Ea
228 767 352 807 simia
383 767 492 807 adeo
526 773 622 821 post
653 767 768 808 haud
801 766 936 808 multo
969 766 1023 808 ad
1056 781 1122 808 me
1155 768 1295 818 uenit;

136 840 247 883 Male
281 838 382 881 mihi
416 845 620 893 precatur
651 846 694 881 et
725 840 831 881 facit
863 840 1125 891 conuicium3

136 913 205 955 Ait
238 926 332 954 sese
364 912 481 954 illius
514 926 648 966 opera
679 918 811 967 atque
845 912 1038 954 aduentu
1069 926 1226 966 caprae

137 985 365 1038 Flagitium
399 990 442 1026 et
473 984 678 1026 damnum
711 984 863 1027 fecisse
895 985 1010 1026 haud
1046 984 1336 1026 mediocriter.

137 1058 252 1100 Dicit
283 1071 472 1111 capram,
506 1072 635 1112 quam
668 1057 872 1098 dederam
906 1056 1166 1099 seruandam
1198 1057 1295 1107 sibi,
1527 1069 1594 1100 255

137 1131 246 1174 Suae
278 1131 425 1172 uxoris
460 1130 604 1172 dotem
637 1130 895 1172 ambedisse.
959 1129 1130 1184 Oppido

136 1203 239 1247 Mihi
271 1203 380 1245 illud
413 1203 552 1245 uideri
585 1204 755 1251 mirum,
788 1209 836 1244 ut
868 1216 954 1244 una
985 1203 1114 1245 illaec
1145 1216 1279 1257 capra

136 1275 288 1318 Uxoris
320 1276 459 1318 simiai
492 1276 635 1317 dotem
669 1275 925 1317 ambederit.

135 1348 303 1390 Instare
335 1348 498 1390 factum
530 1349 671 1399 simia,
704 1352 838 1403 atque
870 1347 953 1390 hoc
984 1347 1170 1403 denique

136 1422 400 1477 Respondet:
435 1422 478 1462 ni
509 1435 735 1476 properem
769 1421 887 1462 illam
921 1420 975 1462 ab
1008 1435 1102 1463 sese
1134 1420 1364 1471 abducere,
1525 1433 1594 1466 240

137 1495 200 1537 Ad
231 1509 298 1536 me
329 1494 502 1536 domum
535 1495 649 1535 intro
682 1494 737 1535 ad
769 1507 946 1535 uxorem
979 1493 1210 1535 ducturum
1244 1507 1350 1535 eam.

134 1569 275 1622 Atque
307 1566 468 1622 oppido
502 1566 645 1608 hercle
679 1567 788 1608 bene
821 1566 933 1608 uelle
965 1566 1029 1608 illi
1061 1567 1183 1608 uisus
1216 1581 1324 1617 sum,

134 1642 213 1682 Ast
243 1654 327 1682 non
360 1640 536 1686 habere,
570 1641 674 1694 quoi
706 1638 1056 1682 commendarem
1089 1652 1278 1693 capram,

135 1711 228 1763 Quo
260 1714 409 1767 magis,
443 1713 546 1766 quid
579 1714 782 1762 facerem,
815 1726 924 1754 cura
955 1711 1185 1754 cruciabar
1217 1713 1359 1754 miser.

133 1785 305 1828 Interea
336 1786 390 1828 ad
422 1799 489 1827 me
521 1785 688 1827 haedus
719 1787 862 1827 uisust
892 1785 1182 1839 adgredirier3
1524 1796 1592 1829 245

134 1857 233 1900 Infit
263 1858 367 1899 mihi
399 1858 669 1912 praedicare,
703 1872 796 1900 sese
829 1858 883 1900 ab
916 1859 1043 1900 simia

136 1929 317 1985 Capram
349 1931 594 1981 abduxisse,
626 1938 669 1973 et
700 1932 843 1985 coepit-
875 1931 1064 1972 inridere
1096 1945 1174 1973 me.

137 2003 225 2056 Ego
255 2005 367 2045 enim
400 2003 544 2057 lugere
577 2011 708 2057 atque
741 2004 976 2046 abductam
1006 2003 1125 2045 illam
1158 2017 1287 2056 aegre
1320 2003 1421 2056 pati.

137 2075 228 2117 Hoc
258 2091 388 2131 quam
422 2077 477 2118 ad
509 2091 599 2118 rem
632 2077 806 2119 credam
842 2078 1060 2131 pertinere
1093 2077 1320 2125 somnium,

136 2146 311 2200 Nequeo
343 2150 560 2201 inuenire;
592 2150 674 2191 nisi
707 2163 884 2205 capram
916 2150 1035 2191 illam
1067 2150 1264 2203 suspicor
1528 2160 1595 2192 250

137 2219 224 2262 Iam
256 2236 322 2262 me
352 2223 584 2271 inuenisse,
619 2236 732 2277 quae
764 2224 821 2264 sit
851 2229 927 2264 aut
958 2221 1062 2275 quid
1094 2221 1297 2262 uoluerit.

138 2293 200 2334 Ad
231 2303 404 2348 portum
436 2295 536 2337 hinc
567 2296 654 2337 abii
687 2309 810 2337 mane
843 2308 940 2336 cum
972 2294 1059 2336 luci
1092 2293 1235 2335 simul.

226 2445 291 2478 225
315 2443 417 2478 fulB
508 2444 576 2478 228
601 2443 671 2478 nisi
766 2443 874 2478 ambo
899 2454 1000 2478 nnnc
1026 2442 1200 2478 essentB
1293 2442 1362 2476 230
1386 2441 1596 2476 custodiam

227 2501 257 2535 si
283 2502 561 2544 aecongredere
586 2500 621 2535 B
719 2502 785 2536 233
811 2511 849 2534 se
874 2500 974 2534 illius
999 2507 1113 2544 capra
1139 2510 1254 2543 opera
1277 2497 1314 2533 B
1414 2498 1481 2532 234
1507 2497 1596 2542 dap-

139 2569 225 2593 nnm
250 2558 279 2594 G
368 2560 434 2593 236
460 2559 547 2593 dote
575 2557 607 2594 C
697 2559 803 2591 ambe
830 2557 978 2592 dedisse
1003 2556 1285 2601 Rhampedisse
1312 2554 1340 2590 G
1430 2556 1497 2589 237
1524 2566 1597 2588 una

140 2615 271 2650 ancilia
296 2619 332 2650 et
356 2627 427 2650 una
453 2627 565 2659 capra
590 2614 626 2650 Β
743 2616 810 2649 238
842 2615 960 2649 simiae
987 2614 1110 2648 dotem
1139 2612 1176 2653 0,
1202 2612 1308 2646 simia
1334 2612 1422 2646 dote
1447 2612 1482 2646 Β

140 2671 257 2706 ederit
280 2671 316 2707 Β
408 2674 472 2706 241
498 2684 618 2707 meam
643 2672 687 2715 B,
714 2683 834 2705 meum
861 2666 890 2706 C
982 2672 1049 2705 242
1074 2673 1243 2714 proximo
1266 2669 1505 2713 postponitur

139 2727 205 2762 244
229 2727 308 2772 Qua
332 2730 450 2773 magis
476 2730 520 2769 A,
547 2729 653 2772 Quod
678 2730 757 2774 agis
783 2728 850 2764 BC
964 2732 1031 2763 245
1057 2728 1173 2762 hedus
1200 2727 1246 2761 ad
1273 2738 1330 2761 me
1355 2725 1391 2760 Β
1499 2728 1596 2760 uisus

141 2791 198 2818 eet
221 2784 269 2829 B,
295 2786 395 2820 uis..
423 2786 452 2821 Ο
541 2788 606 2821 246
632 2798 731 2821 sesae
758 2787 789 2820 A
892 2786 1184 2828 247s‘adduxisse
1211 2787 1244 2818 A
1346 2784 1443 2828 cepit
1470 2782 1506 2817 B

140 2843 293 2878 inrideri
318 2856 375 2879 me
399 2846 435 2879 A
511 2847 578 2880 248
603 2844 730 2879 ludere
755 2843 827 2879 AB
912 2844 1110 2879 abductam
1136 2844 1308 2887 conquiri
1335 2841 1381 2885 B,
1408 2843 1508 2876 iliam
1533 2842 1595 2875 ab·

141 2901 289 2937 ductam
314 2903 490 2947 conqueri
506 2902 536 2937 0
623 2904 690 2937 249
714 2902 795 2937 Hoc
820 2902 921 2946 quod
946 2901 982 2936 B
1075 2902 1141 2935 252
1167 2900 1249 2934 luce
1273 2898 1343 2934 BC
1433 2900 1552 2935 semul
1571 2900 1600 2935 0
