1963 3243
78 188 142 232 IV.
165 195 197 231 4,
222 191 333 226 9—1‘7
694 188 893 225 Mercator.
1457 191 1532 230 193

700 314 910 369 Coquos

900 389 1146 431 Abeamme?

631 502 983 556 Lysimachus

1164 577 1254 618 Abi.

701 666 910 720 Coquos

79 741 172 784 Non
204 741 309 782 estis
341 740 569 781 cenaturi?

628 831 984 884 Lysimachus

620 903 707 944 13111
741 905 879 944 saturi
911 917 1071 945 sumuS.

81 976 240 1018 Interii.

686 1068 927 1122 Dorippa

280 1139 393 1190 Quid
424 1141 489 1182 ais
521 1141 600 1181 tu‘?
632 1141 820 1182 etiamne
853 1140 959 1182 haec
990 1140 1053 1181 illi
1086 1141 1166 1181 tibi
1471 1155 1539 1187 740

79 1211 302 1253 Iusserunt
333 1212 447 1259 ferri,
481 1227 591 1266 quos
623 1214 738 1254 inter
769 1213 898 1254 iudex
930 1213 1099 1254 datu's?

701 1327 915 1382 Coquos

80 1399 266 1441 Haecine
296 1404 371 1440 tua
402 1406 469 1440 est
501 1401 655 1441 amica.
689 1414 819 1455 quani
852 1401 1011 1442 dudum
1048 1402 1149 1443 mihi

81 1471 138 1513 Te
169 1486 313 1512 amare
345 1472 468 1514 dixti.
501 1486 629 1525 quom
663 1473 940 1525 opsonabas‘?

633 1586 986 1639 Lysimachus

1032 1660 1127 1702 Non
1160 1664 1311 1702 taces?

705 1737 917 1795 Coquos

87 1809 201 1851 Satis
233 1811 386 1851 scitum
420 1810 539 1852 filum
572 1811 783 1862 mulieri33
817 1827 967 1854 uerum
999 1813 1144 1854 hercle
1177 1819 1289 1853 anet.

632 1926 699 1980 Ly
713 1927 753 1967 si
768 1941 842 1967 ma
856 1927 953 1968 chu
966 1941 984 1967 s

87 1995 196 2038 Abin
227 1997 496 2044 dierectus?⁴

707 2078 918 2133 Coquos

489 2150 616 2192 Haud
646 2152 817 2194 malast.

644 2265 990 2319 Lysimachus

900 2339 956 2379 At
986 2343 1034 2380 tu
1067 2339 1218 2380 malus.
1476 2351 1542 2382 745

710 2451 923 2506 Coquos

95 2521 254 2565 Scitam
284 2524 432 2566 hercle
466 2525 620 2578 opinor
651 2525 936 2566 concubinam
970 2525 1089 2566 hanc.

180 2707 248 2741 '738
270 2707 398 2742 abeam
503 2707 577 2741 abii
603 2706 648 2741 Β.
675 2707 757 2740 abei
785 2706 814 2741 C
914 2709 981 2741 740
1006 2707 1079 2741 Sed
1106 2707 1230 2741 interii
1324 2706 1387 2739 741
1415 2706 1543 2741 interii

94 2759 132 2797 Β
217 2764 285 2798 '742
306 2764 384 2800 Hec
410 2765 447 2799 in
547 2766 613 2799 743
639 2764 767 2798 dixisti
868 2771 928 2808 qffi
954 2763 990 2799 B
1082 2765 1148 2797 744
1174 2763 1290 2798 filium
1386 2769 1485 2798 amet
1509 2763 1545 2797 B

182 2821 247 2854 746
269 2821 392 2856 hercle
418 2823 552 2866 opinor
576 2833 663 2856 sane
689 2821 758 2856 BC

162 2887 261 2914 nunu
281 2888 451 2915 Comediaee
472 2889 526 2920 lv.
547 2892 570 2914 1.
1304 2891 1342 2923 13
