1963 3243
714 234 755 270 V.
785 236 971 270 leo—212.
1507 243 1587 282 235

0 371 28 409 ῖ,·
101 360 198 412 200)
234 375 306 413 pro
344 364 532 413 cauponis
571 366 706 408 erant,
749 377 784 402 v.
818 364 910 402 Sall.
945 364 1044 402 Hist.
1078 365 1093 402 Ι
1125 365 1171 402 fr.
1206 367 1277 403 51:
1328 367 1511 413 „lenones
1549 373 1588 405 et

97 432 238 471 vinarii
269 431 486 480 laniique”.
547 430 720 469 Martial.
753 431 808 475 II,
851 433 916 469 48.
993 432 1091 469 Plat.
1132 432 1308 482 Euthyd.
1349 447 1386 483 p.
1430 435 1504 471 301
1547 436 1586 472 C.

97 499 274 539 Lenones
319 496 516 545 iurando,
557 500 581 536 i.
614 511 646 536 e.
679 501 873 549 periurio,
914 513 994 537 rem
1036 513 1210 550 quaerere
1248 514 1350 551 saepe
1390 501 1587 547 dicuntur,

98 571 142 607 ut
172 567 284 605 Cure.
317 568 409 605 458.
443 567 537 604 495.
613 566 748 604 Laniis
787 568 939 615 vulgari
978 569 1186 605 verborum
1225 568 1312 606 lusu
1344 569 1468 606 simile
1496 571 1589 619 quid

15 630 21 638 ⁵
96 635 194 674 vitio
221 636 350 674 datur.
379 633 446 672 ius
469 630 635 680 malum,
665 634 768 684 quod
787 635 1027 684 pauperibus
1044 636 1233 681 vendunt,
1265 638 1312 674 cs.
1331 637 1409 674 Cic.
1430 637 1538 675 Verr.
1560 638 1586 682 I,

98 704 162 749 46,
199 704 295 740 121:
332 704 416 748 „ius
447 701 695 739 Verrinum“.
756 702 867 740 Varr.
903 703 945 740 R.
977 704 1021 741 R.
1055 703 1123 748 ΙΙΙ,
1163 706 1222 747 17,
1256 707 1300 742 4;
1338 706 1431 750 „hos
1463 706 1588 755 pisces

10 792 38 820 ‚·
97 784 210 810 nemo
241 784 357 808 cocus
387 772 427 807 in
459 772 519 808 ius
550 783 690 808 vocare
721 771 881 808 audet·‘.
952 771 1081 808 Plaut.
1115 772 1208 809 Cist.
1245 774 1342 810 322:
1391 773 1591 817 ..similest

96 840 157 878 ius
185 838 393 876 iurandum
426 839 644 885 amantum,
680 837 797 888 quasi
822 836 882 876 ius
908 836 1207 887 conshsicium“.
1235 860 1289 865 —
1314 838 1419 878 male
1435 842 1524 879 add.
1542 842 1587 879 A.

0 912 6 923 '
96 926 151 933 —
194 907 284 944 198.
332 903 544 953 carnaria,
592 921 626 944 v.
668 906 716 943 ad
755 906 865 956 Capt.
900 909 992 945 909.
1071 903 1280 956 teyoribus
1317 909 1367 946 ib.
1403 911 1495 947 910.
1538 930 1590 935 —

0 942 15 1015 i
98 984 218 1014 onere
247 970 365 1012 uberi
396 974 532 1012 Lamb.
559 993 605 1000 —-
643 976 733 1013 199.
766 971 900 1024 quasi,
932 981 988 1021 ut,
1021 990 1055 1013 v.
1080 976 1126 1012 ad
1154 976 1237 1014 Mil.
1259 977 1351 1014 392.
1398 973 1587 1015 Dircam.

0 1020 26 1077 'f'
98 1043 199 1082 Satis
231 1049 327 1080 nota
358 1047 418 1080 est
442 1043 573 1080 fabula
598 1043 645 1080 de
672 1043 785 1080 Dirce
810 1043 906 1091 Lyci
930 1057 1050 1081 uxore
1077 1043 1123 1081 ab
1148 1044 1368 1093 Amphione
1393 1050 1429 1081 et
1454 1045 1588 1090 Zetho,

5 1126 18 1159 j
96 1111 199 1149 Iovis
230 1125 275 1148 ex
306 1111 479 1160 Antiopa
510 1110 613 1157 filiis,
657 1111 704 1148 ad
738 1115 892 1148 taurum
928 1113 1100 1159 alligata.
1133 1131 1189 1136 —
1222 1113 1314 1150 200.
1358 1123 1429 1160 eqo
1461 1113 1497 1150 te
1529 1110 1590 1149 di-

97 1176 302 1229 strinyam
318 1179 371 1226 A'3
402 1178 554 1218 Usener
592 1191 688 1227 „ego
719 1179 785 1217 ted
817 1178 1056 1227 astringam“
1093 1181 1307 1217 invenerat.
1340 1199 1396 1205 —
1429 1181 1507 1217 202
1532 1194 1588 1229 sq.

6 1237 31 1298 f·
97 1246 281 1286 Calidoro
301 1248 774 1293 continuavitAcidalius;
807 1252 1024 1296 sequuntur
1044 1248 1172 1285 Herm.
1187 1248 1230 1285 R.
1246 1253 1435 1299 cett.post
1456 1246 1587 1298 „pati“

99 1315 285 1353 addentes
322 1313 458 1362 „nos“,
500 1320 537 1353 et
577 1329 613 1353 v,
649 1317 727 1353 209
762 1329 818 1365 sq.
851 1329 1042 1365 personas
1082 1322 1361 1365 permutantes.
1403 1335 1456 1342 —
1496 1317 1589 1354 203.

4 1382 23 1429 ,⁸
96 1379 363 1429 iuuentutem,
397 1397 431 1421 v.
461 1383 612 1431 Proleg.
638 1398 675 1434 p.
706 1385 797 1422 203.
834 1403 882 1409 —
918 1385 1009 1421 204.
1043 1383 1193 1431 amant,
1224 1385 1362 1421 ultima
1394 1391 1588 1434 correpta,

11 1461 34 1510 θ’
97 1464 133 1488 v.
151 1450 306 1500 Proleg.
331 1465 369 1501 p.
390 1453 482 1490 203.
531 1451 711 1502 Spengel.
732 1452 1121 1500 Reformvorsohla'ige
1137 1465 1173 1500 p.
1206 1453 1296 1490 188.
1314 1472 1369 1478 —
1394 1463 1415 1490 α
1435 1449 1589 1499 lenone,

14 1524 32 1550 ἒ
98 1519 144 1557 cf.
183 1518 302 1557 Poen.
346 1521 464 1558 1090.
526 1520 614 1557 Ter.
654 1520 754 1557 Eun.
801 1521 893 1557 927.
958 1519 1005 1556 ad
1038 1519 1148 1557 Cure.
1183 1521 1276 1558 408.
1316 1540 1370 1545 —
1411 1522 1588 1558 206—8.

100 1585 227 1624 Locus
257 1593 466 1637 corruptus
504 1593 543 1625 et
581 1590 662 1625 sine
702 1588 820 1626 dubio
859 1593 925 1624 aut
956 1592 1063 1624 totus
1096 1594 1164 1625 aut
1196 1601 1243 1625 ex
1273 1594 1389 1637 pri-te
1420 1590 1590 1638 spurius.

102 1655 132 1692 A
163 1656 303 1692 ceteris
333 1656 447 1693 codd.
479 1656 592 1694 valde
624 1657 819 1706 discrepat
847 1658 891 1701 A,
925 1657 991 1704 qui
1022 1661 1111 1706 post
1145 1657 1222 1694 205
1257 1658 1427 1706 quinque
1459 1656 1595 1693 habuit

99 1722 298 1760 breviores
334 1736 490 1770 versus,
539 1737 703 1774 quorum
743 1738 790 1760 ex
829 1723 978 1761 duobus
1009 1725 1147 1773 primis
1178 1729 1321 1774 praeter
1352 1726 1466 1761 initia
1496 1724 1594 1762 nihil

101 1796 285 1841 apparet,
326 1798 364 1829 et
396 1805 515 1829 unum
546 1792 775 1841 longiorem.
844 1792 1068 1841 Scripturas
1100 1792 1360 1830 Ambrosiani,
1403 1805 1498 1841 quas
1529 1806 1593 1829 ex-

99 1858 221 1904 hibui,
252 1863 451 1897 testantur
481 1860 611 1898 Loew.
644 1860 756 1897 Anal.
790 1873 828 1909 p.
860 1861 936 1898 165
971 1873 1026 1909 sq.
1055 1865 1091 1897 et
1116 1859 1239 1909 Gepp.
1267 1860 1378 1897 Stud.
1406 1859 1443 1896 II
1467 1873 1504 1908 p.
1525 1861 1589 1897 60.

99 1927 143 1965 In
167 1929 354 1966 orationis
380 1930 475 1965 vitio
500 1941 585 1965 cum
610 1930 750 1965 ceteris
775 1929 991 1977 conspirat3
1023 1941 1111 1965 nam
1137 1929 1169 1964 si
1194 1925 1341 1977 quibus
1366 1942 1387 1964 a
1410 1925 1594 1965 serviant

99 1995 256 2045 pendet.
288 2009 444 2033 necesse
477 2001 536 2034 est
565 1996 837 2044 intelligantur
869 1996 1038 2042 lenones,
1072 2009 1128 2042 ac,
1161 1998 1192 2032 si
1224 1996 1481 2033 concedamus
1507 1994 1592 2032 fieri

14 2091 42 2115 ς,
98 2076 216 2114 posse
247 2068 292 2102 ut
322 2064 370 2101 ab
396 2077 472 2102 uno
496 2064 672 2102 Ballione
704 2063 751 2100 ad
783 2069 910 2101 totum
942 2076 1063 2111 genus
1089 2069 1325 2109 transeatur,
1359 2064 1496 2101 saltem
1520 2076 1591 2113 pro

0 2140 36 2177 ’,ἓ
99 2126 167 2169 illi
212 2131 340 2179 „illis“
385 2132 631 2169 scribendum
663 2134 733 2177 sit3
780 2134 838 2168 sin
870 2137 1013 2177 autem,
1059 2131 1162 2180 quod
1195 2133 1276 2168 veri
1309 2132 1473 2169 similius
1518 2135 1589 2177 est,

99 2201 277 2249 iungitur
306 2196 376 2238 illi
392 2231 400 2238 .
421 2232 428 2238 .
449 2232 456 2238 .
477 2197 638 2250 quibus,
670 2201 891 2249 proximum
919 2195 1029 2247 cogyit
1049 2212 1124 2236 non
1153 2201 1352 2246 convenit3
1385 2198 1591 2235 dicendum

5 2251 39 2298 ἰ..
100 2271 186 2305 erat
226 2269 439 2318 „imperat“
483 2275 551 2306 aut
598 2281 719 2318 ..quos
765 2269 799 2304 ei
844 2273 886 2303 ut
933 2268 1107 2304 serviant
1152 2280 1243 2304 suus
1289 2280 1397 2305 amor
1442 2264 1589 2314 cogit“.

12 2367 20 2377 .
60 2335 62 2337 ’
99 2335 284 2374 Proxima
306 2336 397 2374 inde
421 2351 443 2374 a
465 2333 594 2375 Simu-l
620 2335 665 2372 R.
691 2337 825 2384 spuria
849 2335 1004 2382 habuit3
1035 2334 1129 2371 mihi
1155 2337 1272 2372 etiam
1297 2347 1433 2384 parum
1460 2334 1591 2383 placet

98 2406 303 2454 repetitio:
335 2401 478 2443 Nimis
494 2415 588 2443 sum
603 2400 768 2446 stultus,
794 2400 919 2441 nimis
945 2401 1012 2452 sui
1033 2400 1238 2440 indoctus.
1258 2423 1312 2428 —
1333 2404 1424 2440 209.
1461 2399 1586 2447 „uah“

21 2476 49 2525 ‘J
99 2477 138 2509 et
173 2473 297 2519 „male
328 2472 569 2521 morigerus“
605 2486 678 2510 om.
711 2473 757 2508 A.
790 2490 845 2496 —
877 2466 1074 2515 obsonas,
1114 2471 1359 2519 obloqueris,
1408 2470 1480 2507 hoc
1512 2482 1589 2507 uno

99 2539 198 2578 loco.
229 2561 285 2566 —-
323 2542 416 2579 210.
459 2541 495 2578 te
525 2541 712 2579 autumes
750 2539 894 2587 Bergk.
927 2539 1066 2576 Philol.
1099 2538 1208 2575 lel
1240 2551 1275 2587 p.
1311 2540 1375 2575 40.
1411 2557 1462 2563 —
1495 2539 1587 2574 211.

47 2653 54 2658 ,
103 2603 294 2657 Xystilis
322 2608 443 2655 (Cam.
469 2609 645 2657 Xystylis
678 2603 911 2657 scripserat)
942 2607 1070 2643 tertiae
1101 2606 1274 2643 mulieris
1305 2618 1444 2642 nomen
1477 2610 1535 2642 est
1567 2617 1589 2642 a

12 2670 35 2704 ’ἰ
98 2681 227 2724 xyst-o,
258 2677 323 2714 ubi
354 2677 440 2714 oleo
470 2676 718 2722 ungebantur
749 2675 988 2724 palaestritae.
1020 2694 1075 2699 —
1112 2672 1179 2721 foc
1209 2673 1264 2719 ut,
1298 2687 1332 2709 v.
1365 2672 1413 2708 nd
1446 2673 1587 2722 Amph.

101 2743 194 2782 976.
214 2763 263 2770 -
290 2741 440 2794 quoius
464 2746 510 2781 A.
541 2763 588 2769 -
617 2740 732 2788 oliui,
765 2745 790 2780 i.
809 2756 841 2779 e.
861 2743 947 2786 olei,
974 2742 1019 2778 cf.
1041 2743 1132 2780 302.
1161 2761 1214 2766 -
1242 2742 1333 2778 212.
1363 2736 1587 2790 Dynamin,

42 2802 57 2860 f„
98 2810 124 2847 i.
150 2825 182 2849 e.
209 2813 300 2857 vim,
333 2813 405 2850 hoc
436 2825 512 2849 uno
543 2812 628 2848 loco
661 2815 799 2848 exstat.
832 2830 887 2834 —
920 2811 1012 2847 213.
1052 2806 1128 2847 huc
1158 2805 1299 2847 culleis
1329 2810 1376 2845 A.
1410 2826 1458 2833 -
1494 2809 1587 2845 214.
