1963 3243
122 158 182 203 IV,
207 160 240 201 6,
265 161 378 195 8-18
680 159 786 194 Miles
811 158 993 202 gloriosus
1501 162 1576 199 105

626 285 1060 328 Acroteleutium

122 357 157 400 Ο
188 357 413 400 fortunata
444 358 600 399 mulier
631 371 689 399 es.

624 459 1075 515 Pyrgopolinices

721 532 779 575 Ut
809 534 945 576 amari
976 533 1145 576 uideor!

692 636 724 678 P
736 650 761 678 a
773 636 822 679 la
835 650 856 678 e
869 637 1006 679 strio

1183 693 1373 748 Dignu’s.

639 773 1073 816 Acroteleutium

119 846 360 889 Permirum
392 850 565 889 ecastor
596 847 837 901 praedicas,
869 851 912 889 te
944 847 1090 890 adisse
1123 850 1254 901 atque
1288 860 1512 898 exorasse3

119 919 200 962 Per
217 919 449 974 epistulam
474 925 549 961 aut
567 933 642 974 per
666 921 866 961 nuntium
885 920 1013 974 quasi
1031 934 1174 974 regem
1193 919 1305 961 adiri
1323 933 1419 961 eum
1438 919 1576 961 aiunt.

661 1034 704 1076 M
716 1035 728 1076 i
741 1034 792 1089 lp
804 1035 832 1076 h
843 1035 856 1076 i
868 1034 893 1076 d
906 1035 919 1076 i
930 1049 956 1088 p
970 1049 997 1089 p
1008 1050 1034 1077 a

120 1106 316 1161 Namque
340 1106 492 1161 edepol
518 1107 591 1148 uix
607 1107 691 1149 fuit
707 1107 832 1161 copia
849 1107 1037 1148 adeundi
1055 1110 1185 1162 atque
1204 1105 1464 1160 inpetrandi.
1493 1117 1579 1151 1220

689 1222 1005 1264 Palaestrio

118 1292 177 1335 Ut
206 1297 254 1335 tu
285 1293 477 1336 inclitu's
509 1295 624 1348 apud
656 1294 881 1337 mulieres!

630 1396 1066 1452 Pyryopolz'mces

794 1470 959 1522 Patiar,
992 1470 1165 1524 quando
1197 1471 1260 1512 ita
1292 1469 1440 1512 Uenus
1471 1469 1577 1512 uolt.

627 1584 1062 1627 Acroteleutium

115 1655 273 1698 Ueneri
304 1657 377 1711 pol
408 1657 548 1700 habeo
587 1659 784 1711 gratiam,
825 1657 1097 1711 eandemque
1137 1662 1180 1700 et
1217 1671 1292 1700 oro
1325 1662 1369 1699 et
1400 1670 1574 1710 quaeso,

115 1727 173 1770 Ut
203 1730 296 1771 eius
327 1730 431 1772 mihi
463 1731 520 1772 sit
551 1731 678 1785 copia
709 1744 836 1784 quem
868 1744 966 1772 amo
1000 1744 1216 1785 quemque
1249 1735 1489 1784 expetesso,

113 1800 415 1856 Benignusque
447 1816 550 1856 erga
579 1817 647 1846 me
678 1808 727 1845 ut
758 1804 862 1855 siet3
894 1803 1012 1858 quod
1044 1804 1228 1858 cupiam,
1267 1818 1320 1845 ne
1351 1808 1572 1857 grauetur.

664 1917 1030 1972 Milphidippa

114 1986 248 2043 Spero
279 1989 342 2031 ita
371 1988 576 2033 futuram.
623 1989 896 2045 Quamquam
925 1990 1049 2032 illum
1082 1990 1245 2033 multae
1270 1990 1353 2033 sibi
1377 1994 1573 2044 expetes-

1241 2069 1341 2106 sunt
1489 2075 1575 2109 1225

113 2132 190 2176 Ille
221 2133 319 2177 illas
351 2137 530 2190 spernit,
563 2141 763 2190 segregat
793 2136 850 2178 ab
884 2151 930 2178 se
961 2137 1100 2178 omnis
1133 2140 1257 2179 extra
1288 2098 1507 2179 te’unam.

622 2251 1053 2293 Acroteleutium

110 2321 225 2375 Ergo
257 2323 367 2364 istus
400 2328 539 2365 metus
572 2338 640 2366 me
671 2329 877 2375 macerat,
911 2324 1028 2377 quod
1059 2324 1131 2366 ille
1162 2324 1451 2375 fastidiosust‚

204 2449 290 2482 1217
314 2447 415 2483 MIL.
508 2449 674 2483 mulieris
700 2447 737 2483 Β
831 2449 965 2494 dignus
999 2454 1055 2485 est
1152 2453 1240 2486 1218
1267 2449 1520 2494 praedicasset
1538 2449 1575 2484 Β

203 2505 350 2540 audisse
445 2517 569 2541 orasse
611 2506 646 2541 Β
740 2508 828 2541 1219
872 2508 983 2542 asiria
1018 2506 1054 2540 Β
1149 2507 1243 2542 1221,
1272 2507 1376 2543 PYR.
1414 2517 1482 2542 om.

112 2566 252 2606 quanto
288 2562 322 2597 Β
417 2564 498 2598 uult.
533 2567 567 2598 st
599 2563 635 2598 B
730 2565 818 2598 1222
850 2563 1031 2599 Ueneneri
1063 2563 1092 2598 G
1182 2564 1327 2607 gratiae
1364 2564 1573 2609 andemque

112 2622 149 2652 et
175 2630 239 2653 oro
266 2619 310 2660 B,
338 2621 498 2662 gratiam
524 2621 749 2665 tandemque
776 2632 887 2655 exoro
915 2620 943 2656 G
1038 2622 1123 2654 1223
1157 2626 1308 2664 expetes
1335 2626 1422 2656 sunt
1446 2621 1482 2656 B

115 2677 201 2710 1224
234 2688 291 2710 me
323 2682 359 2711 et
391 2677 493 2722 quod
517 2677 552 2711 Β
650 2679 733 2711 1225
758 2678 875 2712 multa
902 2684 938 2713 et
964 2678 1034 2712 sibi
1059 2677 1095 2711 Β
1194 2679 1280 2713 1226
1306 2684 1478 2722 segregat
1504 2679 1572 2713 hec

113 2733 231 2767 omnis
268 2732 314 2770 Β.
352 2738 526 2779 segregat
562 2734 672 2768 hasce
710 2735 830 2768 omnis
865 2734 894 2770 Ο
983 2740 1086 2770 extre
1113 2734 1141 2768 C
1233 2736 1320 2769 1227
1351 2736 1421 2769 iste
1446 2734 1482 2770 B

112 2793 274 2825 maceret
296 2789 332 2824 B
423 2790 638 2826 fastidiosus
662 2790 698 2825 B
