1963 3243
337 171 389 208 46
998 166 1119 200 Plauti
1529 165 1577 207 ΙΙ,
1602 168 1633 207 6,
1658 168 1792 202 42-53

920 289 947 331 S
959 303 981 330 c
994 290 1038 331 el
1051 303 1072 331 e
1083 289 1109 330 d
1121 304 1143 330 r
1153 305 1180 331 u
1193 304 1212 331 s

337 363 404 404 Ita
435 362 576 404 facere
609 367 774 404 certum
807 366 884 403 est.

823 485 1301 539 Periplecomenus

942 556 1073 606 Heus,
1107 557 1480 609 Philocomasium,
1512 560 1597 601 cito

335 631 604 671 Transcurre
636 628 851 670 curriculo
883 628 937 669 ad
970 642 1066 680 nos;
1098 630 1161 670 ita
1190 631 1469 682 negotiumst.
1725 643 1790 676 525

337 702 448 751 Post,
483 701 657 755 quando
690 700 844 741 exierit
875 699 1102 741 Sceledrus
1135 714 1160 741 a
1190 701 1329 751 nobis,
1363 701 1448 742 cito

335 773 640 814 'I‘ranscurrito
672 772 728 813 ad
760 786 838 813 uos
870 785 1042 812 rursum
1076 772 1289 814 curriculo
1322 773 1509 830 domum.

334 845 456 886 Nunc
489 845 558 898 pol
590 858 668 897 ego
702 848 858 893 metuo,
890 857 942 885 ne
974 843 1076 897 quid
1109 843 1405 896 infuscauerit‚

337 916 380 958 Si
412 916 480 957 hio
510 931 594 957 non
627 915 795 957 uidebit
826 914 1061 957 mulierem.
1111 917 1314 970 Aperitur
1345 916 1460 958 foris.

920 1041 1205 1084 Sceledrus

335 1113 416 1154 Pro
450 1113 491 1154 di
524 1114 803 1161 immortales,
837 1113 1087 1155 similiorem
1120 1114 1342 1156 mulierem
1522 1104 1527 1106 ,
1723 1128 1790 1161 530

336 1185 557 1239 Magisque
591 1185 781 1235 eandem,
814 1191 862 1226 ut
893 1191 993 1238 pote
1025 1200 1135 1239 quae
1167 1201 1252 1228 non
1285 1187 1341 1228 sit
1373 1188 1534 1235 eadem,
1575 1201 1659 1228 non
1691 1200 1790 1234 reor

334 1257 446 1299 Deos
479 1257 620 1299 facere
653 1272 791 1312 posse.

822 1361 1298 1411 Periplecomenus

798 1432 910 1482 Quid
940 1433 1079 1474 nunc?

921 1557 947 1600 S
960 1572 982 1600 c
993 1558 1071 1600 ele
1082 1559 1108 1600 d
1120 1574 1140 1600 r
1151 1574 1178 1600 u
1189 1574 1208 1600 s

1149 1630 1382 1673 Conmerui
1412 1632 1584 1673 malum.

825 1758 1300 1811 Periplecomenus

336 1829 447 1879 Quid
480 1830 640 1881 igitur?
673 1831 848 1872 eanest?

919 1933 1206 1975 Sceledrus

944 2005 1038 2047 Etsi
1069 2011 1174 2055 east,
1206 2019 1289 2046 non
1321 2010 1386 2046 est
1418 2019 1480 2045 ea.

825 2131 1292 2184 Periplecomenus

336 2202 549 2244 Uidistine
581 2203 737 2244 istam?

920 2283 1207 2325 Sceledrus

743 2355 841 2397 Uidi
876 2362 917 2396 et
949 2356 1064 2397 illam
1099 2361 1142 2397 et
1173 2355 1384 2409 hospitem

337 2425 601 2480 Conplexum
635 2433 766 2481 atque
799 2428 1080 2468 osculantem.

427 2610 491 2642 524
518 2609 619 2642 heius
645 2608 680 2642 B
774 2610 838 2643 525
864 2609 1131 2643 Transcurrere
1235 2614 1272 2643 ab
1373 2609 1529 2651 negotiis
1626 2609 1690 2642 526
1716 2615 1787 2652 qua

337 2666 383 2699 (lo
490 2667 554 2699 528
579 2667 658 2709 quit
762 2667 827 2699 529
853 2665 945 2699 fobis
1047 2667 1112 2700 530
1139 2666 1188 2699 dii
1214 2666 1432 2700 immortalis
1533 2667 1591 2698 531
1623 2667 1786 2709 utpoteq'

337 2734 401 2756 uos
427 2724 455 2756 it
547 2734 609 2757 reo
703 2724 769 2757 532
793 2723 1109 2757 oonmerumalum
1213 2722 1280 2757 533
1304 2722 1445 2756 camst?
1474 2720 1507 2755 Β
1613 2722 1680 2756 etsi
1708 2727 1788 2755 aest

336 2781 399 2813 534
427 2779 584 2813 Uidistin
611 2791 689 2814 eam
716 2779 760 2823 Β,
787 2779 914 2814 uidisti
942 2780 1089 2813 inistam
1118 2780 1145 2814 G
1236 2781 1301 2813 535
1329 2779 1563 2823 Complexam
