1963 3243
83 25 90 32 ι
111 22 130 38 ,ι
163 18 169 23 ·

0 0 46 158 ἐξ

4 189 9 200 r

19 224 26 235 a

116 235 184 278 IV,
209 236 240 275 2,
265 235 402 270 60—70
768 235 962 270 Poenulus.
1534 242 1611 281 173

114 360 274 403 Facere
318 359 452 404 faciat
490 360 601 403 male
653 361 746 403 eius
788 361 969 403 merito?
1015 365 1107 403 tum
1148 366 1294 403 autem
1343 364 1378 404 si
1420 364 1523 417 quid
1564 369 1611 405 tu

1134 433 1332 484 adiuuas,

116 503 178 546 Eo
208 502 380 546 facilius
412 504 554 546 facere
586 505 756 558 poterit.

683 599 1045 653 Syncerastus

832 671 885 712 At
917 685 994 725 ego
1027 671 1109 714 hoc
1141 675 1298 723 metuo,
1331 671 1526 727 Milphio,

750 776 981 829 Milphio

112 848 227 899 Quid
259 854 336 900 est,
369 849 485 903 quod
517 849 714 891 metuas?

674 949 1044 1004 Syncerastus

519 1022 630 1064 Dum
663 1036 736 1064 ero
768 1022 949 1064 insidias
982 1024 1180 1076 paritem‚
1213 1037 1266 1065 ne
1299 1037 1365 1065 me
1400 1024 1610 1077 perduim.

113 1092 158 1136 Si
189 1107 286 1136 erus
319 1108 439 1136 meus
471 1108 537 1135 me
570 1108 665 1136 esse
699 1094 915 1136 elocutum
948 1095 1184 1149 quoiquam
1217 1095 1390 1137 mortali
1422 1096 1544 1147 sciat,

111 1164 328 1209 Continuo
360 1167 397 1208 is
429 1180 495 1208 me
529 1180 579 1208 ex
611 1166 869 1221 Syncerasto
903 1165 1219 1220 Crurifragium
1251 1167 1411 1210 fecerit.
1544 1179 1614 1212 885

745 1276 974 1329 Milphio

112 1347 357 1402 Numquam
390 1347 543 1402 edepol
575 1347 774 1390 mortalis
807 1349 1035 1402 quisquam
1068 1347 1144 1390 fiet
1175 1363 1196 1390 e
1228 1363 1294 1390 me
1326 1351 1496 1400 certior,

111 1419 206 1463 Nisi
237 1434 310 1463 ero
343 1434 438 1462 meo
470 1421 545 1462 uni
569 1421 786 1462 indicasso
813 1425 945 1474 atque
972 1422 1010 1462 ei
1036 1434 1222 1475 quoque,
1253 1425 1301 1463 ut
1325 1435 1377 1463 ne
1402 1423 1611 1474 enuntiet,

115 1491 164 1534 Id
196 1506 293 1535 esse
324 1491 491 1534 facinus
523 1506 573 1534 ex
606 1497 649 1534 te
682 1498 892 1535 exortum.

681 1602 1043 1657 Syncerastus

817 1675 930 1716 Male
963 1675 1137 1717 credam
1169 1680 1211 1718 et
1243 1676 1417 1718 credam
1449 1681 1607 1718 tamen.

112 1745 196 1788 Sed
228 1746 310 1789 hoc
341 1752 389 1789 tu
420 1752 566 1789 tecum
597 1747 779 1789 tacitum
812 1747 984 1789 habeto.

743 1849 970 1904 Milphio

963 1921 1068 1963 Fide
1100 1936 1185 1964 non
1218 1922 1371 1964 melius
1404 1921 1606 1964 creditur.

113 1991 325 2046 Loquere,
357 1993 478 2036 locus
510 1994 764 2048 occasioque
797 1998 875 2044 est,
908 1994 1062 2046 libere,
1094 1993 1163 2035 hic
1194 1994 1274 2036 soli
1306 2008 1466 2036 sumus.
1542 2005 1610 2039 890

679 2096 1040 2151 Syncerastus

113 2165 224 2210 Erus
257 2168 292 2209 si
324 2172 424 2210 tuus
456 2167 550 2210 uolt
580 2167 722 2210 facere
754 2167 879 2221 frugi,
912 2182 1052 2210 meum
1084 2182 1204 2210 erum
1236 2168 1401 2221 perdet,

742 2269 972 2324 Milphio

1239 2339 1320 2390 Qui
1351 2340 1397 2382 id
1428 2341 1607 2394 potest?

201 2471 265 2504 881
293 2470 431 2505 saciant
455 2470 553 2505 male
579 2474 702 2504 autem
730 2470 806 2504 eius
823 2469 852 2504 C'
929 2471 995 2504 882
1021 2469 1135 2503 sacius
1152 2468 1180 2502 C
1260 2469 1381 2503 facere
1407 2468 1548 2513 poteris
1560 2467 1606 2511 B,

111 2527 250 2570 poteris
275 2526 396 2562 facere
424 2526 453 2562 C
542 2527 612 2561 hoc
637 2537 704 2561 om.
731 2527 764 2561 B
864 2527 931 2560 883
958 2526 984 2559 B
1012 2536 1076 2560 om.
1169 2525 1320 2570 parilem
1348 2536 1392 2559 ne
1418 2536 1438 2558 a
1464 2529 1500 2560 te
1526 2537 1608 2570 per-

113 2582 210 2617 diom
234 2583 310 2624 BG,
337 2585 478 2629 pariter
502 2595 548 2618 ne
573 2595 632 2618 me
660 2584 770 2627 perd.
789 2584 867 2617 ..A
978 2584 1044 2616 884
1071 2583 1237 2616 locutum
1263 2581 1331 2616 BG
1434 2583 1608 2626 quiquam

111 2640 278 2675 mortalis
303 2639 340 2675 B
445 2641 539 2675 scias
569 2640 598 2676 G
699 2642 764 2675 885
791 2640 1121 2683 syncerasiocrurit
1147 2638 1304 2683 fragium
1330 2637 1375 2680 B,
1404 2649 1556 2682 syncera
1583 2638 1612 2674 Ο

109 2695 178 2731 886
203 2708 221 2731 e
246 2708 311 2732 om.
341 2697 368 2732 0
447 2698 514 2732 888
539 2708 584 2732 ex
610 2701 646 2731 te
673 2703 794 2730 ortum
822 2695 903 2739 ΑΒ,
929 2700 1099 2730 exortum
1127 2695 1155 2729 0
1224 2695 1406 2730 creditam
1431 2699 1554 2730 tamen
1582 2696 1612 2731 G

111 2753 180 2787 890
202 2753 306 2789 iocus
333 2755 503 2798 occasiaq
532 2753 561 2789 Ο
648 2754 786 2788 liberae
811 2752 855 2789 Β,
884 2753 1000 2787 libera
1026 2753 1059 2786 A
1138 2753 1200 2787 891
1231 2751 1261 2785 K
1287 2763 1352 2787 om.
1449 2753 1533 2787 uole
1560 2752 1606 2795 A,

112 2809 217 2845 uolet
241 2810 308 2846 BC
421 2810 567 2854 frugem
687 2810 782 2853 Quid
809 2815 934 2853 potest
959 2808 994 2843 B
