1963 3243
107 223 153 265 11,
178 226 210 265 ὁ,
241 225 372 257 15-22
669 222 777 258 Miles
800 222 999 266 gloriosus.
1502 229 1552 267 37

599 348 1049 390 Philocomasium

359 420 463 470 Quis
497 426 542 462 tu
574 420 701 462 homo
734 422 811 461 es?
843 426 919 462 aut
951 435 1113 463 mecum
1147 422 1252 475 quid
1285 427 1351 463 est
1382 424 1557 484 negoti?

682 537 974 580 Sceledrus

98 609 165 651 Me
196 622 334 661 rogas,
368 608 496 650 hoino
528 609 602 663 qui
634 609 745 651 sim?

588 727 1051 770 Philocomasium

644 798 757 849 Quin
790 813 868 852 ego
900 799 981 842 hoc
1012 815 1157 854 rogem
1191 801 1305 855 quod
1338 803 1524 844 nesciam
1539 806 1558 842 ἱ)

670 917 984 960 Palaestrio

98 989 200 1040 Quis
233 1003 310 1042 ego
343 1004 435 1032 sum
469 990 612 1043 igitur,
646 991 680 1031 si
712 989 827 1031 hunc
858 990 1064 1043 ignoras?

596 1093 1052 1135 Philocomasium

912 1165 1015 1207 Mihi
1048 1165 1247 1216 odiosu’s,
1280 1167 1474 1220 quisquis
1500 1181 1557 1217 ee,

99 1237 155 1279 Et
186 1242 232 1280 tu
265 1243 308 1280 et
340 1238 423 1279 hic.

686 1309 980 1352 Sceledrus

425 1381 519 1423 Non
552 1395 632 1424 nos
664 1382 856 1424 nouisti?

599 1484 1054 1527 Philocomasium

829 1556 1057 1599 Neutrum.

687 1660 980 1703 Sceledrus

1076 1734 1222 1775 Metuo
1254 1747 1465 1784 maxume,
1495 1746 1562 1778 430

674 1836 984 1878 Palaestrio

101 1911 211 1962 Quid
242 1911 429 1953 metuis?

687 1981 981 2023 Sceledrus

472 2055 595 2096 Enim
626 2069 679 2096 ne
711 2067 786 2095 nos
817 2059 988 2095 nosmet
1019 2053 1339 2107 perdiderimus
1372 2053 1561 2107 uspiam3

101 2129 208 2170 Nam
240 2142 321 2170 nec
352 2134 396 2170 te
426 2142 566 2181 neque
598 2142 664 2169 me
696 2128 871 2169 nouisse
903 2127 966 2168 ait
995 2126 1116 2167 haec.

624 2275 632 2284 ,
684 2229 988 2271 Palaestrio

1072 2300 1314 2342 Persectari
1346 2299 1415 2341 hic
1446 2299 1560 2349 uolo,

101 2375 312 2426 Sceledre,
346 2389 424 2416 nos
455 2375 590 2416 nostri
623 2388 676 2415 an
708 2374 838 2416 alieni
872 2375 1019 2424 simus,
1053 2388 1105 2415 ne
1137 2373 1248 2414 clam
1280 2373 1496 2427 quispiam

100 2448 187 2490 Nos
218 2448 460 2489 uicinorum
492 2446 764 2500 inprudentis
797 2446 953 2501 aliquis
985 2447 1277 2487 inmutauerit.

191 2620 258 2653 427
284 2623 358 2653 tum
385 2618 497 2652 homo
531 2625 549 2654 e
575 2616 609 2651 Β
715 2618 783 2652 428
814 2628 1002 2661 rogassem
1034 2616 1122 2661 quid
1156 2616 1223 2650 sim
1256 2615 1304 2659 B,
1337 2626 1447 2659 rogas
1479 2615 1562 2649 hem

101 2677 163 2721 qui
189 2677 257 2710 sim
285 2675 314 2711 0
412 2682 609 2720 rogemqut
635 2675 681 2718 B,
710 2685 839 2717 rogem
866 2685 935 2718 que
964 2673 993 2708 Ο
1081 2674 1147 2707 429
1173 2673 1201 2706 si
1232 2676 1271 2706 tu
1297 2671 1368 2706 huc
1393 2672 1435 2715 Β,
1464 2673 1494 2706 si
1526 2677 1565 2706 tu

100 2733 198 2768 hunc
224 2733 252 2769 C
345 2739 364 2769 ἓ
389 2732 425 2767 Β
516 2734 584 2767 430
607 2732 777 2767 nouistiti
803 2730 839 2765 B
939 2732 1002 2765 431
1030 2742 1076 2765 ne
1103 2734 1249 2764 nosmet
1342 2731 1410 2764 432
1436 2734 1512 2764 tete
1538 2728 1567 2763 C'

191 2802 349 2835 nequem
374 2801 432 2824 me
457 2789 503 2833 B,
529 2801 648 2834 neque
681 2799 799 2823 meme
827 2787 857 2823 C
955 2789 1122 2822 uouisset
1148 2785 1183 2821 Β
1287 2787 1353 2820 433
1385 2786 1469 2819 dum

101 2847 167 2881 434
190 2847 436 2882 iumittauerit
463 2845 491 2879 C
