1963 3243
276 203 356 242 304
922 197 1118 231 Poenulus.

274 323 418 365 locare
442 327 529 364 edd.
552 347 598 351 —
633 329 695 374 „et
727 323 953 375 dispendio“
992 325 1066 363 del.
1084 325 1209 371 Aoid.,
1246 323 1411 372 „damno
1434 323 1495 361 et“
1516 324 1688 361 Rassow.
1706 343 1759 348 —

279 396 369 432 166.
404 390 614 442 Philippei
643 394 890 442 trisyllabum
922 398 961 430 et
991 395 1172 442 correpta
1202 393 1343 437 media,
1374 407 1409 429 v.
1443 392 1491 429 ad
1522 392 1630 429 Asin.
1650 392 1758 437 152.

278 482 327 487 —
366 463 454 500 169.
491 457 572 510 Qui
600 458 645 499 id
675 461 804 499 Guiet.
836 480 892 485 —
927 462 1015 498 170.
1059 456 1172 497 Tuus
1209 455 1469 498 Collabiseus
1498 455 1676 505 uilicus,
1721 471 1758 495 v.

277 531 326 567 ad
355 530 496 580 Amph.
534 531 653 567 1093.
686 530 774 566 add.
806 529 947 566 Pseud.
987 529 1105 565 1100.
1162 527 1281 565 Μ610.
1310 529 1402 566 682.
1461 526 1538 564 Cic.
1572 526 1621 564 ad
1650 525 1759 563 Fam.

275 598 382 645 XIII,
416 599 481 636 45.
529 597 618 634 Nat..
651 597 768 635 Deor.
807 596 884 642 III,
922 597 990 643 19,
1023 597 1089 633 48.
1142 615 1191 620 -—
1241 596 1329 633 174.
1377 591 1436 633 Ei
1466 596 1557 632 olim
1590 608 1661 631 em.
1706 613 1762 618 -—

280 668 370 704 176.
417 666 510 703 Post
548 662 715 714 obsequi
753 665 883 701 hiatus
923 665 1004 701 eius
1036 665 1211 712 generis,
1257 664 1363 713 quod
1394 662 1571 700 defendit
1601 661 1760 699 Lachm.

278 735 326 771 ad
358 734 515 771 Lucret.
547 732 619 781 VI,
660 733 762 778 743,
793 732 863 770 sed
901 732 989 769 fieri
1029 735 1180 781 potest,
1227 735 1271 768 ut
1307 734 1415 768 totus
1453 742 1588 768 versus
1627 730 1762 779 spuria
1816 715 1825 722 ²

277 804 328 838 sit
365 801 658 838 circumlocutio
698 813 850 847 eorum,
898 812 982 848 quae
1024 803 1260 849 sequuntur,
1308 799 1382 836 nisi
1427 798 1528 850 forte
1571 797 1760 834 177—78

278 871 461 907 damnare
491 869 608 916 velis,
649 881 816 918 quorum
847 869 970 905 maior
1000 881 1092 916 pars
1123 867 1224 904 infra
1256 868 1334 905 656
1362 880 1418 916 sq.
1451 866 1568 903 redit.
1637 859 1763 902 Uber

278 934 388 975 locus
433 940 561 974 exstat
606 937 724 974 etiam
771 937 863 974 601.
935 935 1054 973 Stich.
1088 936 1182 972 659.
1221 955 1275 959 -
1312 944 1488 984 nequam
1524 929 1660 982 facere
1695 945 1763 970 ne·

277 1006 408 1054 quitiae
448 1018 487 1042 se
534 1004 645 1052 dare,
692 1004 738 1041 cf.
777 1005 865 1041 159.
948 1003 1103 1040 Trucul.
1141 1004 1237 1040 162:
1295 1002 1379 1050 „Tu
1410 1016 1433 1040 a
1462 1001 1577 1039 nobis
1607 1000 1763 1050 sapiens

277 1073 373 1109 nihil
404 1072 542 1118 habes,
591 1084 660 1109 nos
698 1085 864 1121 nequam
907 1070 974 1108 abs
1011 1068 1081 1108 ted
1109 1067 1336 1108 habemus“.
1382 1091 1438 1095 —
1491 1071 1581 1107 184.
1629 1064 1765 1116 Dupli

278 1140 404 1186 Cam„
451 1144 494 1176 111
530 1141 569 1176 in
609 1139 639 1176 B
678 1139 725 1176 ab
765 1140 878 1176 initio
917 1139 1010 1184 fuit,
1058 1140 1082 1176 i.
1115 1152 1147 1176 e.
1191 1139 1354 1176 duarum
1393 1151 1536 1175 rerum.
1575 1157 1629 1161 —-
1671 1137 1762 1174 185.

276 1206 342 1254 id,
388 1222 440 1246 sc.
479 1208 583 1257 quod
628 1221 761 1257 poenae
807 1208 963 1245 nomine
1008 1206 1256 1257 pendendum
1302 1207 1395 1253 erit,
1449 1220 1484 1243 v.
1526 1205 1574 1242 ad
1619 1203 1761 1242 Pseud.

283 1277 372 1313 147.
405 1296 460 1301 —-
505 1277 594 1314 187.
633 1274 773 1325 soum,
808 1289 884 1325 quo
913 1275 1040 1328 modo⁴
1060 1275 1188 1324 lupus,
1224 1276 1333 1312 cuius
1364 1287 1506 1312 nomen
1537 1274 1667 1322 habet,
1699 1272 1763 1310 de-

279 1345 355 1394 cipi
399 1345 512 1382 solet.
552 1363 607 1368 --
658 1345 732 1381 189
776 1340 923 1393 Maffl's
948 1373 954 1379 .
981 1373 988 1380 .
1018 1373 1024 1380 .
1054 1340 1226 1380 demum.
1296 1342 1476 1379 Plautina
1522 1340 1765 1379 abundantia

280 1425 418 1461 parum
450 1412 722 1449 convenientia
753 1412 896 1457 iunxit,
943 1424 1030 1447 nam
1063 1411 1138 1447 dici
1169 1410 1337 1448 debebat
1368 1413 1436 1447 aut
1469 1413 1576 1457 „tum
1610 1409 1762 1445 demum

279 1477 409 1517 dices“
445 1483 512 1516 aut
546 1485 653 1526 „tum
685 1492 729 1516 eo
761 1481 883 1529 magis
915 1476 1058 1515 dices“.
1086 1498 1141 1503 —-
1176 1480 1265 1516 191.
1297 1474 1568 1527 Aphrodisia,
1600 1476 1764 1514 Veneris

280 1548 361 1585 dies
389 1548 523 1594 festus,
557 1561 671 1597 quem
707 1561 728 1584 a
759 1547 1032 1584 meretricibus
1065 1547 1254 1584 celebrari
1285 1546 1583 1584 consentaneum
1615 1548 1684 1582 est.
1710 1564 1764 1569 —

279 1616 373 1652 Post
405 1611 499 1653 Scio
529 1615 680 1662 hiatus3
718 1617 764 1652 cf.
797 1615 950 1662 proleg.
984 1628 1022 1664 p.
1057 1616 1150 1652 220.
1195 1615 1351 1652 Μῇ1161.
1389 1614 1472 1661 ,,Ι111
1504 1609 1678 1651 oculos“.
1720 1631 1760 1636 —
1812 1645 1816 1650 .
1891 1649 1896 1654 ,

284 1685 374 1721 192.
419 1680 666 1731 „munditiis
696 1679 963 1730 meretriciis,
1007 1684 1195 1732 adspectu
1226 1684 1474 1720 meretricum
1505 1681 1650 1719 mundo
1681 1692 1764 1718 cor·

280 1753 387 1801 poris
405 1753 510 1789 cultu
528 1750 764 1789 utentium“.
789 1771 843 1775 —
877 1752 964 1788 193.
990 1747 1081 1788 HOC
1097 1780 1104 1788 .
1126 1781 1133 1788 .
1153 1780 1161 1787 .
1181 1747 1291 1799 quod
1315 1746 1556 1797 consilium;
1589 1749 1765 1787 substan·

281 1821 401 1857 tivum
427 1834 504 1857 non
531 1820 850 1867 demonstrativo,
883 1819 952 1856 sed
976 1819 1140 1856 relativo
1165 1818 1354 1866 additum,
1386 1823 1431 1856 ut
1448 1820 1542 1855 447.
1572 1819 1665 1855 823.
1699 1818 1762 1855 83.

283 1888 330 1925 cf.
348 1888 467 1924 etiam
491 1887 539 1924 ad
564 1887 647 1924 Mil.
668 1888 759 1924 624.
791 1906 832 1911 ’-
868 1889 959 1924 195.
991 1883 1097 1935 ferat
1119 1882 1345 1935 fallaciam,
1379 1886 1424 1923 cf.
1443 1887 1492 1923 ad
1509 1885 1651 1924 Pseud.
1671 1886 1763 1923 769.

400 1956 488 1992 198.
537 1955 662 1993 Herus
700 1955 857 1993 domum
895 1957 1028 1992 intrat.
1119 1955 1262 1993 Servus
1308 1958 1399 1992 ante
1438 1968 1551 2004 quam
1592 1967 1677 1991 eum
1709 1966 1767 1990 se-

283 2026 444 2072 quatur,
489 2037 611 2073 pauca
649 2037 776 2060 secum
817 2024 1011 2073 loquitur,
1059 2037 1148 2060 mox
1185 2025 1403 2072 conspectis
1442 2023 1585 2072 puellis
1630 2022 1766 2059 herum

281 2099 450 2130 revocat.
483 2111 537 2117 —
580 2093 669 2130 199.
704 2103 806 2142 quae
837 2092 924 2129 edd.
958 2112 1011 2117 —
1048 2089 1288 2140 neutiquam
1317 2092 1446 2140 prima
1476 2092 1606 2139 brevi,
1653 2104 1689 2129 v.
1719 2089 1767 2128 ad

282 2159 393 2209 Capt.
429 2161 527 2206 581,
577 2161 678 2198 unde
724 2160 841 2198 hodie
885 2160 1063 2209 plerique
1112 2172 1184 2207 „ne
1229 2158 1430 2209 utiquam“
1480 2159 1666 2197 scribunt.
1713 2177 1769 2183 --

283 2227 473 2265 Damnum
518 2228 616 2265 illud
661 2241 840 2277 magnum
888 2241 964 2264 non
1007 2229 1068 2265 sui
1112 2228 1196 2264 11611
1239 2227 1306 2264 sed
1351 2228 1504 2265 lenonis
1549 2240 1632 2265 esse
1672 2226 1768 2273 vult,

283 2295 469 2345 additque
508 2295 597 2334 huic
637 2300 816 2345 paratum
865 2309 958 2334 esse.
1050 2297 1143 2333 200.
1189 2292 1354 2344 Itaque,
1400 2296 1424 2333 i.
1470 2309 1501 2333 e.
1553 2294 1629 2342 „Et
1673 2290 1766 2342 sic“,

282 2363 409 2412 Lycus
448 2366 509 2400 est
544 2360 760 2412 scelestus,
808 2365 832 2402 i.
866 2377 897 2402 e.
930 2353 1118 2402 scelerum
1158 2364 1293 2414 poenis
1332 2363 1488 2401 deditus
1527 2364 1608 2401 sive
1648 2363 1768 2401 infor-

281 2434 458 2479 tunatus,
504 2445 538 2470 v.
573 2432 619 2470 ad
652 2433 760 2470 Asin.
792 2433 885 2469 473.
970 2431 1053 2470 Hoc
1092 2444 1167 2468 non
1206 2431 1407 2469 intellecto
1445 2430 1632 2469 Liibbert.
1667 2430 1766 2468 Mus.

284 2499 406 2537 Rhen.
429 2499 564 2537 XXIII
589 2513 627 2550 p.
657 2501 737 2537 214
770 2504 859 2537 ante
896 2499 1082 2550 „Itaque“
1119 2500 1306 2537 excidisse
1335 2512 1490 2537 versum
1522 2498 1771 2548 putabat.—

286 2568 378 2604 201.
416 2564 603 2616 ballista,
644 2572 738 2606 nota
768 2570 916 2615 imago,
949 2568 996 2605 cf.
1029 2568 1079 2605 ad
1110 2567 1250 2605 Pseud.
1286 2568 1378 2604 587.
1440 2566 1611 2616 Langen.
1646 2566 1767 2604 Beitr.

284 2647 322 2683 p.
364 2637 441 2673 275
485 2637 761 2687 animadvertit
803 2631 1011 2674 ballistam
1057 2635 1162 2685 apud
1199 2635 1382 2673 Plautum
1427 2648 1506 2672 non
1551 2634 1769 2672 machinam

286 2702 381 2749 dici,
429 2717 513 2752 quae
551 2705 730 2754 proximo
770 2717 882 2741 versu
924 2699 1201 2741 hallis-tarium).
1240 2707 1318 2749 est,
1365 2702 1431 2738 scd
1471 2701 1639 2752 lapidem
1680 2701 1769 2738 inde

286 2771 480 2816 emissum,
514 2773 559 2809 cf.
594 2772 701 2809 Trin.
728 2773 827 2808 068:
866 2772 949 2817 „Ita
981 2775 1040 2808 est
1070 2784 1190 2816 amor,
1223 2770 1382 2807 ballista
1411 2773 1453 2806 ut
1485 2766 1671 2816 moiun-“3
1701 2782 1769 2806 nec
