1963 3243
309 232 390 271 254
881 229 985 264 Miles
1011 228 1210 273 gloriosae.

307 360 385 398 245
465 359 642 406 „hostica
714 356 876 397 manus“
957 359 1117 397 hostilis
1183 363 1252 398 est.
1368 360 1506 409 Itaque
1571 344 1762 410 hospitum

305 429 456 478 scripsi.
526 447 579 453 —
646 427 741 465 453.
809 425 884 466 80.
959 425 1016 465 At
1078 439 1167 466 erus
1233 428 1305 465 hic.
1373 427 1462 466 PH.
1532 429 1615 477 Eyo
1684 429 1759 468 duc

256 516 262 524 ·
303 496 448 534 Bothio
465 496 511 533 R.
543 515 598 521 —-
629 496 723 532 454.
743 497 809 543 qui
823 495 1002 540 homines,
1030 495 1162 533 hiatus
1178 496 1395 543 legitimus;
1431 497 1541 542 „sitis
1558 497 1754 536 homines“

304 563 434 601 Guiet.
469 563 605 601 Goetz.
630 582 686 588 —
710 564 805 601 455.
836 563 937 611 Leqe
967 565 1078 611 aquo,
1111 577 1146 602 v.
1179 564 1230 601 ad
1258 563 1348 601 Aul.
1381 564 1476 602 450.
1495 576 1760 615 —nusquam

303 634 462 677 mittam,
497 632 543 669 cf.
577 630 672 668 cist.
707 632 805 670 534:
843 632 957 679 „hinc
987 645 1178 682 nusquam
1211 630 1350 670 abiit“.
1382 633 1431 669 al.
1468 652 1515 658 —
1548 633 1756 680 firmatam,

303 702 388 738 iure
419 699 599 745 iurando,
633 699 679 736 cf.
712 699 800 737 Ter.
836 699 926 737 Hec.
961 701 1053 738 750.
1083 720 1137 726 —-
1170 701 1265 738 456.
1296 700 1384 747 huc,
1419 701 1556 738 militis
1586 701 1756 741 domum.

305 788 357 795 --
389 769 484 806 458.
515 767 593 812 feci
621 769 785 815 retinui3
819 767 960 805 mulier
990 768 1150 806 ludibrii
1181 782 1299 807 causa
1329 770 1416 819 ipsa
1447 768 1662 819 perfidiam,
1681 783 1759 820 qua

221 835 225 846 '
303 840 411 884 vicit,
444 838 629 875 celebrat.
675 836 856 874 Personae
888 841 983 874 nota
1013 839 1053 874 in
1085 837 1197 875 codd.
1217 838 1316 875 male
1339 838 1452 875 illata
1477 839 1774 876 correctionem-

307 903 485 954 „fecisti“
520 906 689 956 peperit,
720 905 825 942 unde
843 904 887 942 R.
925 905 1082 952 „fecit“‚
1115 905 1353 944 Ribbeckius
1384 903 1558 952 „fecsti“.
1586 925 1634 932 -
1664 907 1758 945 459.

302 975 492 1020 manibus,
533 975 557 1011 i.
592 987 623 1011 e.
657 987 676 1010 e
716 973 905 1021 manibus,
946 978 990 1010 ut
1019 974 1080 1011 Fl.
1113 978 1219 1021 cett„
1253 987 1287 1012 v.
1322 974 1371 1011 ad
1402 974 1544 1024 Amph.
1579 975 1673 1012 213.
1704 993 1758 1001 -—
1829 1024 1833 1026 .

306 1047 382 1081 tam
427 1045 509 1081 east
552 1053 669 1090 quam
714 1041 863 1078 Camer.
950 1041 1145 1080 Personas
1191 1043 1230 1079 in
1275 1046 1362 1079 toto
1408 1042 1481 1079 hoc
1524 1043 1609 1079 loco
1655 1047 1759 1080 recte

304 1112 507 1150 distribuit
539 1112 739 1149 Acidalius
770 1125 808 1160 p.
842 1110 935 1148 289.
978 1130 1032 1136 —-
1072 1112 1166 1149 460.
1199 1111 1288 1157 hoe,
1328 1110 1433 1160 quod
1473 1111 1547 1147 iam
1581 1111 1758 1150 dicturus

303 1185 374 1227 est,
407 1181 454 1218 cf.
487 1180 763 1218 618.—-462.
795 1190 988 1226 quemque,
1021 1179 1069 1217 cf.
1105 1182 1267 1218 156.---
1286 1181 1380 1217 463.
1413 1180 1623 1228 extempulo
1654 1179 1756 1218 Cam.

416 1251 511 1287 466.
550 1248 650 1285 Dum
697 1238 903 1285 Sceledrus
948 1248 1181 1285 machaeram
1227 1249 1340 1297 petit,
1388 1247 1591 1286 Palaestrio
1630 1261 1757 1286 secum

302 1318 490 1367 loquitur.
534 1317 741 1363 profectost
783 1316 830 1353 R.
877 1335 929 1341 —
975 1317 1070 1354 467.
1117 1318 1325 1364 quicquam
1361 1315 1490 1363 Cam.;
1533 1316 1756 1354 Buecheler.

305 1384 541 1436 ..quiquam“
578 1389 758 1422 enarrat:
791 1385 874 1422 ullo
906 1384 1034 1422 modo.
1093 1384 1190 1422 Tum
1223 1384 1335 1422 Cam:
1371 1397 1512 1434 „quam
1543 1397 1643 1434 quae
1674 1398 1756 1422 mu-

301 1457 417 1493 lieres
441 1453 651 1491 Faciunt“.
672 1453 724 1490 R:
761 1467 901 1503 „quam
933 1466 1032 1502 quae
1062 1451 1271 1491 mulieres“
1307 1454 1451 1490 omisso
1480 1454 1612 1491 verbo.
1645 1464 1760 1501 quam

301 1524 439 1562 mulier
468 1524 566 1569 facit
595 1523 735 1560 Luchs.
777 1522 911 1560 Herm.
944 1521 1037 1559 XIII
1067 1537 1105 1572 p.
1142 1523 1234 1560 502.
1271 1536 1338 1568 „ac
1368 1523 1520 1559 faciunt
1548 1519 1755 1559 mulieres“

303 1592 476 1641 Langen.
510 1592 629 1629 Beitr.
663 1603 700 1640 p.
738 1592 799 1628 19.
836 1610 882 1615 ——
918 1592 1011 1628 468.
1045 1591 1152 1628 docte
1181 1591 1314 1628 diuisit
1334 1602 1445 1628 suam
1465 1590 1558 1628 Luc.
1576 1589 1754 1628 Mueller.

303 1663 404 1698 Ann.
437 1660 531 1709 phil.
565 1659 593 1696 C
623 1673 661 1709 p.
697 1660 762 1697 66.
797 1678 845 1684 -
880 1660 973 1698 469.
1005 1659 1217 1698 sublinitur
1246 1671 1288 1697 os
1317 1661 1364 1706 A,
1397 1659 1444 1697 cf.
1482 1660 1645 1697 110.—-
1665 1671 1755 1707 „cu-

302 1729 405 1768 stodi
435 1725 617 1766 incauto“
653 1729 776 1777 Bugg.
810 1728 950 1766 Philol.
981 1728 1096 1765 XXX
1125 1743 1164 1779 p.
1198 1729 1298 1774 6423
1332 1727 1425 1764 mihi
1451 1727 1656 1771 Sceledrus
1679 1739 1756 1765 non

303 1800 482 1835 incautus
522 1797 680 1834 videtur
710 1797 777 1834 sed
809 1810 947 1846 parum
980 1801 1132 1834 acutus.
1177 1815 1230 1821 —
1271 1797 1366 1833 470.
1398 1796 1525 1833 Nimis
1554 1796 1648 1841 beat,
1690 1796 1755 1833 ad·
1788 1831 1796 1834 ,
1869 1832 1876 1840 ,

305 1866 462 1904 modum
503 1879 561 1902 me
600 1866 722 1913 iuvat,
760 1867 806 1903 cf.
847 1865 959 1915 Capt.
1006 1866 1096 1903 137.
1139 1865 1280 1914 Amph.
1323 1863 1415 1902 636.
1460 1883 1513 1889 —
1553 1866 1758 1903 transtinet

305 1938 413 1972 trans
444 1936 561 1972 etiam
593 1935 638 1971 A.

415 2005 510 2041 471.
543 2003 751 2041 Sceledrus
783 2003 899 2049 redit,
931 2006 1141 2052 postquam
1159 2002 1486 2040 Philocomasium
1513 2002 1617 2039 domi
1642 2001 1753 2039 vidit.

309 2073 408 2122 Quid
436 2073 542 2110 iam?
572 2075 646 2110 aut
674 2073 768 2120 quid
796 2072 877 2110 est?
907 2072 952 2118 A,
985 2072 1030 2108 cf.
1067 2071 1127 2109 ad.
1161 2072 1254 2108 279.
1289 2072 1415 2108 Antea
1447 2070 1541 2108 Luc.
1568 2069 1752 2108 Mueller:

306 2141 431 2190 „Quid
462 2143 537 2179 iam
570 2141 675 2178 haud
707 2139 875 2190 opust?“
912 2140 1101 2178 Forchh.:
1146 2140 1273 2187 „Quid
1305 2138 1408 2177 iam‘?
1446 2139 1551 2177 haud
1583 2134 1750 2190 opust?“

304 2231 355 2236 —
388 2211 484 2248 473.
517 2213 565 2248 ut
587 2210 804 2257 praedicas.
837 2215 882 2246 ut
913 2222 959 2246 ex
990 2210 1052 2256 iis,
1085 2221 1171 2258 quae
1203 2208 1312 2254 dicis,
1353 2212 1532 2258 apparet,
1567 2207 1614 2246 cf.
1647 2207 1752 2245 Trin.

305 2281 397 2317 887.
459 2279 571 2317 Cure.
616 2280 705 2316 111.
739 2278 788 2316 ad
819 2278 923 2315 Trin.
957 2278 1035 2314 549
1069 2281 1108 2314 et
1137 2276 1186 2314 ad
1218 2276 1358 2314 Pseud.
1392 2277 1486 2314 983.
1519 2275 1607 2313 add.
1641 2275 1753 2325 capt.

305 2349 398 2387 916.
431 2347 517 2385 Cas.
552 2348 645 2385 291.
678 2346 771 2384 Cist.
807 2347 899 2384 549.
961 2346 1047 2383 Ter.
1080 2345 1219 2383 Heaut.
1254 2346 1348 2382 402.
1381 2345 1453 2382 Ad.
1481 2345 1752 2383 389.-474.

310 2417 418 2465 Quia,
459 2417 505 2453 cf.
548 2416 640 2453 324.
681 2416 774 2454 834.
817 2416 936 2452 1272.
969 2413 1019 2451 ad
1049 2414 1190 2464 Amph.
1226 2414 1318 2452 788.
1352 2433 1400 2438 —
1433 2414 1543 2457 hanc,
1574 2427 1647 2463 pro
1678 2426 1753 2463 quo

304 2486 368 2522 Br.
404 2482 584 2531 „istam“‚
616 2487 748 2521 tuetur
778 2485 999 2534 proximum
1030 2483 1129 2520 hinc.
1166 2502 1217 2507 -—
1246 2483 1335 2520 hinc
1365 2494 1409 2520 ex
1428 2493 1615 2529 proxumo
1634 2483 1677 2527 A,
1709 2484 1754 2519 ut

306 2554 377 2589 iam
413 2552 576 2599 Acidal.‚
610 2551 656 2589 cf.
693 2552 811 2589 1131.
873 2552 962 2590 Aul.
997 2552 1089 2590 395.
1149 2551 1253 2588 Men.
1288 2552 1380 2588 778.
1436 2550 1555 2588 Stich.
1589 2551 1754 2589 432.—

307 2622 400 2658 475.
434 2621 575 2671 Magus,
614 2633 650 2657 ν.
683 2620 732 2657 ad
767 2620 886 2657 1416.
922 2639 968 2644 -
1004 2620 1036 2656 A
1069 2618 1142 2657 Sed
1178 2633 1316 2656 novam
1359 2632 1576 2657 sermonem
1615 2618 1754 2668 incipit

307 2690 350 2726 A.
371 2708 422 2713 —-
440 2690 533 2736 quin
565 2690 609 2725 A.
628 2689 793 2726 ——476.
826 2687 952 2726 Istaec
981 2690 1031 2726 sit
1056 2689 1208 2735 yemina
1238 2688 1284 2725 A.
1302 2707 1358 2712 —
1382 2688 1475 2725 477.
1509 2687 1560 2726 Id
1587 2686 1638 2725 A.
1665 2687 1752 2725 Sce-

307 2757 415 2793 ledro
432 2756 547 2794 Ribb.
575 2761 696 2794 totum
725 2770 878 2794 versum
905 2756 1029 2793 dedit.
1057 2775 1104 2781 —
1135 2757 1229 2793 478.
1247 2756 1417 2793 elocutus
1442 2756 1574 2793 Muell.
1593 2755 1751 2793 Nachtr-

306 2839 342 2876 p.
379 2826 414 2863 3.
453 2836 572 2862 essem
600 2827 646 2864 A.
692 2844 746 2849 fl
791 2826 886 2862 479.
919 2825 1156 2871 Mus-silaus,
1203 2825 1249 2861 ad
1290 2825 1376 2862 Aul.
1413 2826 1502 2862 131.
1552 2843 1603 2849 —
1658 2823 1750 2861 480.
