1963 3243
312 173 363 213 58
972 174 1093 221 Plauti
1431 174 1503 215 ΙΙΙ,
1530 175 1557 217 1,
1586 174 1762 207 103-118

311 295 418 336 Tum
451 297 664 339 obstetrix
696 299 993 352 expostulauit
1024 313 1201 351 mecum,
1234 312 1386 354 parum
1418 300 1594 340 missum
1626 297 1721 339 sibi.

312 366 455 417 Quid?
486 370 645 410 nutrici
677 384 761 411 non
789 371 989 412 missuru'
993 385 1010 411 s
1036 372 1278 425 quicquam
1308 385 1419 426 quae
1443 383 1601 412 uernas
1629 368 1758 410 alit?“

312 438 432 480 Haeo
462 445 591 492 atque
623 440 775 482 horum
808 442 967 483 similia
998 443 1085 483 alia
1109 443 1267 489 damna
1290 443 1426 484 multa
1449 441 1673 482 mulierum
1696 451 1764 484 700

311 510 380 552 Me
396 525 528 553 uxore
545 511 789 565 prohibent,
814 512 916 554 mihi
941 526 1052 567 quae
1076 514 1202 556 huius
1227 514 1379 556 similis
1399 525 1617 556 sermones
1634 516 1762 553 serat.

881 614 1194 657 Palaestrio

316 683 365 723 Di
397 683 478 724 tibi
510 686 687 739 propitii
719 684 836 738 sunt3
877 700 975 727 nam
1008 686 1151 729 hercle
1184 688 1219 728 si
1250 688 1377 728 istam
1409 686 1538 727 semel
1570 685 1765 726 amiseris

315 754 595 805 Libertatem,
628 757 744 798 haud
771 757 895 800 facile
920 760 962 799 in
989 756 1170 800 eundem
1194 772 1364 800 rursum
1381 758 1584 799 restitues
1610 757 1763 798 locum.

883 860 1187 902 Pleusicles

316 931 370 970 At
400 930 476 971 illa
505 930 600 972 laus
633 937 710 983 est,
743 946 896 985 magno
928 934 970 974 in
1002 946 1156 985 genere
1189 938 1230 974 et
1270 933 1312 972 in
1353 931 1518 973 diuitiis
1555 933 1766 974 maxumis

315 1001 492 1043 Liberos
523 1002 738 1045 hominem
770 1005 967 1055 educare,
1001 1006 1146 1058 generi
1171 1009 1492 1046 monumentum
1518 1009 1560 1045 et
1584 1004 1677 1045 sibi.
1703 1016 1768 1049 705

803 1107 1280 1161 Periplecomenus

316 1166 496 1224 Quando
515 1176 654 1218 habeo
674 1177 832 1220 multos
850 1184 1070 1231 cognatos,
1104 1179 1206 1231 quid
1241 1192 1350 1231 opus
1379 1179 1436 1219 sit
1461 1178 1567 1219 mihi
1590 1178 1769 1221 liberis?

315 1246 440 1288 Nunc
471 1247 580 1290 bene
611 1252 711 1291 uiuo
745 1255 786 1290 et
817 1250 1033 1293 fortunate
1074 1256 1206 1304 atque
1244 1257 1292 1292 ut
1333 1250 1433 1291 uolo
1466 1256 1596 1304 atque
1627 1251 1768 1293 animo

1354 1327 1402 1364 ut
1432 1321 1565 1363 lubet.

317 1392 414 1434 Mea
444 1393 558 1434 bona
590 1395 635 1434 in
666 1398 802 1435 morte
833 1396 1029 1447 cognatis
1062 1395 1220 1445 didam,
1253 1396 1366 1435 inter
1396 1407 1466 1435 eos
1498 1395 1706 1447 partiam3

319 1465 369 1505 lli
410 1465 526 1519 apud
572 1480 638 1507 me
685 1467 880 1518 aderunt,
925 1481 991 1509 me
1030 1467 1263 1518 curabunt,
1301 1467 1443 1508 uisent
1489 1466 1595 1519 quid
1632 1479 1769 1519 agam,

1261 1539 1364 1593 quid
1397 1539 1547 1590 uelim3

316 1610 439 1652 Prius
486 1624 615 1664 quam
660 1610 777 1652 lucet
821 1610 998 1661 adsunt,
1052 1611 1244 1663 rogitant
1296 1615 1427 1653 noctu
1480 1616 1528 1652 ut
1579 1625 1772 1653 somnum

1391 1683 1589 1738 ceperim.
1705 1697 1774 1730 710

315 1755 400 1796 Eos
431 1769 508 1808 pro
540 1755 689 1797 liberis
721 1755 905 1806 habebo,
937 1757 1009 1810 qui
1043 1755 1144 1796 mihi
1177 1757 1355 1798 mittunt
1388 1769 1576 1798 munera.

317 1826 606 1879 Sacrufieant3
645 1828 751 1869 dant
788 1828 887 1870 inde
926 1834 1094 1881 partem
1128 1829 1231 1869 mihi
1272 1829 1475 1870 maiorem
1508 1842 1637 1882 quam
1667 1829 1771 1879 sibi3

318 1899 550 1941 Abducunt
566 1901 620 1942 ad
639 1906 738 1943 exta
755 1916 822 1943 me
840 1901 893 1943 ad
911 1915 975 1953 se3
1001 1901 1055 1942 ad
1080 1901 1321 1955 prandium,
1346 1901 1401 1941 ad
1428 1913 1575 1942 cenam
1601 1906 1770 1943 uocant.

408 2039 475 2073 698
502 2038 667 2073 obsetrix
692 2038 735 2080 A,
763 2038 917 2072 obstrex
942 2036 1013 2073 BC
1113 2038 1179 2071 699
1205 2036 1288 2081 Quii
1316 2036 1383 2072 BG
1481 2037 1550 2071 '700
1574 2037 1683 2071 huius

318 2095 470 2129 similias
504 2095 533 2130 O
632 2097 698 2129 701
731 2095 943 2138 prohibenti
974 2094 1044 2130 BG
1144 2094 1260 2129 simile
1284 2094 1319 2128 B
1373 2096 1376 2099 ⁴
1423 2094 1582 2128 sermoni
1607 2093 1675 2128 BG

318 2158 444 2187 serant
520 2154 588 2187 702
615 2156 701 2187 sunt
726 2163 791 2187 om.
818 2153 851 2185 A
928 2152 1052 2186 hercle
1077 2163 1160 2186 nam
1187 2153 1216 2186 si
1242 2152 1314 2186 ista
1338 2150 1405 2186 BG
1475 2152 1541 2185 703
1567 2156 1628 2185 aut
1641 2150 1709 2186 BG

319 2211 433 2245 eacile
458 2210 486 2245 G
583 2211 620 2245 in
647 2215 684 2244 te
710 2210 867 2244 eundem
892 2209 962 2245 BC
1061 2221 1187 2244 rusum
1213 2210 1376 2243 restituis
1403 2210 1527 2244 locum
1552 2209 1596 2250 A,
1627 2220 1773 2243 rursum

320 2269 474 2303 restitue
499 2279 649 2303 succum
673 2267 719 2308 B,
753 2278 881 2301 rusum
912 2267 1086 2302 restitues
1113 2277 1247 2301 uocum
1273 2265 1303 2300 G
1403 2268 1469 2300 '704
1503 2270 1656 2311 generet
1687 2270 1724 2300 et
1748 2265 1777 2300 C

410 2327 586 2360 masumis
612 2325 679 2360 ΒΟ
779 2326 846 2359 705
877 2324 1045 2358 homines
1078 2324 1112 2358 A
1215 2323 1391 2358 educaret
1414 2323 1482 2358 BG
1583 2324 1649 2357 706
1679 2334 1772 2367 opus

320 2384 467 2427 mihiA,
495 2395 587 2427 opus
612 2382 655 2416 fit
678 2381 766 2416 mihi
793 2381 920 2416 liberis
941 2380 1010 2416 Bc
1098 2382 1164 2415 '707
1191 2380 1259 2414 PE.
1287 2380 1315 2415 C
1405 2381 1438 2415 ei
1465 2380 1494 2415 G
1582 2380 1773 2415 fortunato

321 2440 388 2476 BC
488 2445 600 2484 atqua
624 2439 690 2474 BC
792 2446 833 2473 ut
865 2439 986 2474 animo
1020 2443 1061 2472 ut
1087 2439 1119 2471 A
1225 2438 1336 2472 libaet
1368 2437 1403 2479 Ο,
1435 2438 1603 2472 uolet'A
1706 2438 1774 2472 708

322 2499 441 2533 Meam
455 2497 521 2532 BG
600 2498 736 2531 bonam
750 2507 793 2531 ea
807 2500 928 2531 morte
1011 2496 1198 2540 cognatim
1213 2494 1282 2530 BG
1359 2494 1481 2530 dicam
1496 2494 1564 2530 BG
1639 2495 1772 2538 partim

321 2555 388 2590 BC
478 2556 543 2588 709
568 2554 674 2588 Licet
699 2554 797 2598 apud
822 2558 858 2588 te
884 2553 928 2596 B,
955 2553 997 2587 Li
1025 2557 1114 2597 aput
1138 2564 1195 2586 me
1211 2551 1239 2586 Ο
1331 2552 1486 2586 ederunt
1499 2551 1564 2586 BC
1656 2552 1773 2586 uisam

323 2612 368 2651 B,
394 2612 517 2646 uisaut
542 2612 570 2645 C
661 2616 774 2655 agant
796 2611 842 2654 B,
869 2621 975 2654 agam
1004 2609 1032 2644 O
1122 2610 1179 2643 hic
1205 2609 1292 2653 quid
1318 2608 1385 2643 BC
1477 2609 1591 2643 uelint
1612 2608 1658 2652 B,
1683 2609 1775 2643 uelit

324 2668 352 2702 G
452 2670 519 2702 710
542 2669 708 2704 lucentat
732 2673 818 2702 sunt
845 2668 874 2703 G
975 2667 1115 2711 rogitat
1140 2670 1254 2700 noctti
1280 2677 1447 2700 somnum
1475 2666 1504 2701 G
1592 2666 1774 2700 somnium

323 2726 527 2769 caeperiam
550 2725 619 2760 BG
706 2727 772 2760 711
797 2725 917 2759 habeo
944 2735 1051 2768 quam
1079 2725 1232 2758 mittunt
1244 2722 1310 2757 BG
1400 2725 1466 2757 712
1492 2723 1581 2757 dent
1596 2722 1630 2765 Ο,
1659 2722 1776 2757 dusB

412 2784 479 2817 713
505 2787 543 2816 at
567 2787 671 2816 extra
697 2783 732 2817 B
824 2793 863 2816 se
887 2781 1084 2826 prandium
1110 2779 1177 2814 BG
1268 2784 1377 2814 uocat
1401 2779 1469 2814 BC
