1963 3243
313 246 394 284 246
939 241 1145 276 Pseudolus

312 370 595 408 Affirmativam
635 371 711 408 vim
755 371 957 420 particulae
999 370 1198 408 vindicare
1242 370 1388 407 frustra
1432 353 1598 407 conetur
1636 370 1790 407 Minton

312 439 491 485 Warren,
537 438 596 476 On
638 438 705 475 the
749 438 905 476 enclitic
942 438 1000 476 Ne
1043 439 1084 475 in
1130 439 1238 487 early
1274 437 1395 475 Latin
1443 452 1481 488 p.
1523 440 1558 475 6.
1598 457 1654 462 -
1699 438 1791 475 373.

319 501 473 545 Uerum
516 506 562 543 A.
617 526 672 530 --
730 502 862 554 impia
922 509 1086 556 excepiza
1137 506 1277 543 ultima
1329 506 1465 543 littera
1518 506 1557 542 in
1611 505 1645 542 A
1698 499 1794 554 legit'

311 573 497 624 Geppert.
541 573 651 611 Stud.
690 573 708 610 I
744 588 780 624 p.
824 573 896 621 94,
935 585 1012 610 non
1055 571 1222 621 „mihi“;
1266 575 1400 624 itaque
1442 570 1594 620 „dicta“
1635 572 1790 611 delevit.

311 642 356 679 R.
389 646 542 678 retento
578 639 717 687 „mihi“
759 641 834 679 del.
871 642 935 689 „in
965 637 1067 679 me“.
1099 661 1153 667 —
1194 643 1286 680 374.
1327 637 1403 679 huc
1433 642 1485 688 A,
1524 654 1559 679 v.
1600 640 1723 689 Gepp.
1754 640 1792 677 II

309 725 349 761 p.
391 711 455 746 57.
505 729 559 734 —
606 710 699 747 375.
746 706 869 756 Sicut,
916 711 1119 758 quoniam,
1156 723 1191 747 v.
1236 709 1285 746 ad
1324 711 1416 746 279.
1457 729 1511 734 ——
1554 717 1718 747 summa
1755 704 1793 745 ei

281 825 284 830 ι
311 778 522 824 Gruterus,
553 787 713 815 summa
745 774 846 824 die-5⁸,
880 781 1064 822 extrema,
1096 791 1133 815 v.
1159 777 1208 814 ad
1231 779 1340 815 Asin.
1366 778 1458 815 530.
1490 797 1544 802 --
1578 777 1654 815 376
1687 789 1734 813 ex
1757 775 1793 813 A

311 846 548 883 emendatus.
624 841 673 882 Si
701 855 785 883 non
815 849 907 895 post
935 845 1190 895 parenthesin
1220 846 1384 894 repetit,
1435 845 1537 894 quod
1570 848 1659 882 ante
1689 846 1792 894 posi-

310 918 394 952 tum
439 917 544 961 erat,
604 913 713 960 „Nisi
759 911 986 959 adtulerit“,
1041 927 1112 950 nec
1163 917 1316 962 tempus
1361 916 1552 950 mutatum
1598 911 1792 949 offendere

312 982 442 1030 debet,
475 981 522 1019 cf.
554 994 588 1018 v.
624 982 701 1018 142
734 994 789 1030 sq.
822 1001 878 1005 —
907 979 963 1029 id,
998 995 1032 1018 v.
1066 981 1115 1018 ad
1145 981 1286 1018 Bacch.
1315 982 1431 1018 1026.
1467 980 1555 1017 add.
1584 980 1671 1017 Aul.
1702 980 1791 1018 109.

311 1049 428 1086 Most.
472 1050 564 1086 618.
609 1049 750 1086 Pseud.
788 1050 905 1086 1153.
945 1069 999 1074 ——
1038 1045 1242 1099 officium,
1284 1049 1391 1098 quod
1429 1048 1580 1086 lenonis
1620 1052 1697 1091 est,
1744 1047 1791 1086 cf.

313 1117 365 1154 ad
394 1117 502 1154 Asin.
539 1118 630 1155 172.
665 1137 712 1143 —-
749 1119 841 1155 377.
871 1115 1096 1166 perdidero
1127 1117 1173 1155 A.
1233 1112 1357 1165 fidem
1387 1126 1478 1154 cum
1507 1112 1593 1163 illo,
1626 1115 1671 1153 cf.
1704 1115 1791 1160 Ter.

311 1188 468 1226 Phorm.
508 1189 607 1226 512:
668 1199 778 1233 „cum
820 1186 889 1222 illo
934 1189 980 1222 ut
1024 1189 1151 1223 mut-et
1194 1183 1364 1231 fidem“;
1415 1185 1557 1234 saepius
1613 1196 1794 1231 „servare

310 1257 426 1294 fidem
458 1253 583 1303 cum“‚
625 1268 659 1292 v.
695 1254 743 1291 ad
775 1254 894 1291 Mero.
929 1255 1019 1293 522.
1059 1273 1112 1278 —
1151 1254 1244 1290 378.
1284 1252 1361 1290 Pro
1396 1250 1515 1301 „ego“
1551 1266 1598 1289 ex
1626 1252 1662 1289 A
1690 1248 1794 1290 mihi
1874 1259 1909 1307 .'

313 1324 487 1362 Studem.
531 1337 590 1373 ap.
623 1323 778 1360 Mfiller.
813 1322 974 1359 Nechtr.
1014 1335 1052 1371 p.
1093 1322 1164 1368 61;
1211 1321 1257 1358 R.
1302 1317 1487 1368 „magis“.
1535 1339 1590 1344 -—
1634 1329 1793 1369 operae,

311 1406 347 1430 v.
379 1393 429 1430 ad
458 1392 541 1429 Mil.
577 1393 669 1429 254.
703 1411 751 1416 —
788 1391 879 1428 379.
911 1388 1075 1440 frustra
1106 1399 1149 1427 es
1181 1386 1253 1439 qui
1282 1389 1327 1436 A,
1368 1389 1415 1426 cf.
1449 1388 1498 1426 ad
1528 1388 1667 1437 Amph.
1700 1388 1793 1426 967.

311 1481 367 1486 —
395 1456 601 1507 misereri,
634 1474 668 1497 v.
703 1460 752 1496 ad
782 1458 892 1507 Capt.
927 1460 1020 1496 759.
1051 1478 1107 1484 -
1149 1459 1240 1495 381.
1283 1452 1415 1496 Paulo
1437 1456 1538 1505 post
1565 1454 1712 1506 ma9i3‚
1741 1468 1794 1494 sc.

312 1529 460 1579 negotii
489 1528 630 1579 plenus
662 1528 755 1574 eris;
788 1539 857 1576 ego
887 1527 975 1577 plus
1005 1527 1079 1564 tibi
1107 1527 1295 1564 facessam
1326 1526 1486 1576 negotii.
1546 1525 1639 1563 Haec
1667 1537 1792 1562 secum

312 1598 507 1647 loquitur,
548 1596 639 1633 dum
675 1596 764 1633 leno
803 1596 904 1641 abit3
953 1594 1092 1632 deinde
1127 1595 1300 1641 uberius,
1340 1598 1486 1644 quanta
1522 1606 1591 1643 spe
1627 1592 1794 1630 refertus

313 1667 374 1711 sit,
406 1667 579 1715 exponit.
611 1684 667 1689 -—
698 1665 791 1701 382.
823 1673 938 1700 meus
969 1663 1042 1710 est,
1075 1663 1121 1700 cf.
1140 1663 1223 1700 Mil.
1244 1663 1335 1701 336.
1367 1663 1469 1700 infra
1497 1663 1589 1700 604.
1614 1680 1670 1685 -—
1702 1658 1819 1699 383.'

317 1729 564 1780 „Simulter“
606 1735 662 1770 ait
691 1732 789 1769 Non.
821 1745 857 1780 p.
896 1733 973 1769 170
1009 1744 1104 1781 „pro
1133 1731 1326 1768 similiter.
1389 1731 1552 1768 Plautus
1582 1729 1792 1767 Pseudolo:

313 1802 500 1839 exossabo
533 1812 605 1848 ego
636 1801 745 1837 illum
777 1800 956 1837 simulter
986 1800 1122 1837 itidem
1152 1802 1197 1836 ut
1226 1812 1426 1837 murenam
1458 1795 1612 1837 cocus“.
1666 1798 1700 1835 A
1731 1810 1793 1834 eo-

316 1870 402 1907 dem
435 1869 591 1915 ordine,
630 1868 699 1906 sed
734 1865 979 1914 „similiter“.
1028 1887 1077 1893 —
1125 1862 1343 1914 exossabo‚
1383 1880 1418 1905 V.
1452 1867 1502 1905 ad
1531 1865 1671 1916 Amph.
1706 1865 1796 1903 314.

315 1938 373 1975 De
404 1938 531 1975 forma
564 1935 791 1987 „quoquos“
828 1950 862 1973 v.
897 1936 945 1972 ad
976 1936 1065 1973 Aul.
1094 1937 1187 1974 338.

432 2007 509 2044 384
542 2020 590 2043 ex
618 2006 653 2042 A
683 2007 901 2042 restitutus.
944 2024 999 2028 —-—
1039 2005 1131 2042 385.
1165 2001 1415 2050 aclmoen‘ire‚
1450 2004 1704 2041 munimentis
1734 2013 1799 2049 ag·
1886 2031 1891 2037 .

317 2075 446 2124 gredi,
486 2074 590 2111 vallo
622 2078 660 2111 et
690 2074 793 2111 fossa
824 2074 999 2120 cingere,
1047 2073 1093 2109 cf.
1126 2071 1219 2109 Cist.
1255 2073 1346 2109 370.
1390 2092 1443 2097 —
1483 2072 1575 2109 386.
1618 2069 1734 2109 cauto
1764 2068 1801 2107 et
1873 2083 1876 2087 ’

319 2139 466 2181 callido
496 2143 530 2179 A
567 2146 667 2179 teste
697 2141 890 2187 Studem.,
930 2141 976 2178 cf.
1010 2139 1133 2190 Gepp.
1166 2139 1276 2177 Stud.
1308 2140 1345 2177 II
1375 2153 1414 2190 p.
1448 2141 1519 2186 61,
1558 2139 1662 2177 unde
1693 2141 1799 2176 ante-

318 2212 497 2248 cedentia
527 2210 771 2259 corrigenda.
801 2229 848 2234 —
886 2209 977 2246 388.
1011 2218 1054 2246 es
1084 2209 1133 2245 A.
1180 2205 1350 2257 temperi
1379 2208 1445 2255 id„
1478 2212 1523 2246 ut
1553 2207 1722 2254 videtur,
1751 2206 1798 2243 of.
1877 2230 1882 2262 3

319 2280 367 2316 ad
398 2280 487 2317 Aul.
521 2280 613 2316 446.
647 2298 700 2305 —
740 2279 832 2315 389.
881 2274 944 2315 bis
973 2273 1129 2324 efferari,
1171 2279 1182 2314 i
1215 2291 1245 2315 e.
1278 2277 1338 2314 bis
1369 2276 1534 2314 dicendo
1565 2275 1715 2313 iterari.
1747 2292 1800 2299 —
1851 2267 1875 2298 Ὗ

319 2344 402 2395 Sic,
440 2348 500 2385 vel
533 2349 564 2384 si
596 2346 693 2384 nihil
724 2348 912 2385 iteratur.
945 2346 991 2384 cf.
1025 2346 1162 2382 Bacch.
1199 2346 1316 2383 1002.
1396 2344 1458 2382 Ad
1489 2357 1571 2382 rem
1601 2343 1649 2380 cf.
1680 2342 1798 2380 Mero.
1875 2335 1893 2356 ”

321 2417 414 2454 996.
468 2415 588 2452 Poen.
622 2415 700 2452 919
733 2428 790 2463 sq.
827 2414 924 2461 „huc
955 2415 988 2452 si
1020 2418 1110 2451 ante
1149 2413 1265 2450 aedes
1305 2426 1462 2451 euocem
1493 2412 1670 2461 Eroque,
1715 2421 1799 2460 quae
1873 2405 1881 2417 ⁴

321 2483 528 2521 audiuistis
565 2482 692 2529 modo,
739 2495 841 2519 nunc
882 2484 912 2519 si
945 2482 1076 2519 eadem
1115 2481 1177 2518 hic
1216 2482 1373 2528 iterem,
1419 2481 1574 2519 inscitia
1604 2475 1701 2517 est“.
1746 2495 1800 2502 -

323 2553 415 2590 390.
449 2561 557 2598 oras,
590 2551 775 2600 loqueris,
807 2563 842 2587 v.
869 2550 918 2587 ad
944 2549 1055 2600 Capt.
1087 2551 1179 2587 332.
1214 2569 1266 2574 —
1299 2550 1489 2587 391—93
1523 2550 1581 2585 ita
1611 2545 1801 2584 divellunt
1880 2525 1908 2582 .-

322 2634 377 2666 ea,
410 2633 496 2670 quae
528 2620 746 2658 necessario
778 2619 959 2666 coniungi
991 2617 1144 2663 debent,
1177 2622 1221 2654 ut
1252 2631 1316 2655 eos
1347 2631 1425 2655 non
1455 2617 1598 2654 iniuria
1620 2614 1800 2663 Lol-,pro

321 2689 465 2737 spuriis
510 2684 702 2725 habuerit.
791 2685 996 2734 Niemeyer
1048 2687 1095 2723 de
1147 2685 1276 2723 Plauti
1319 2685 1538 2722 fabularum
1583 2683 1800 2720 recensione

323 2755 469 2805 duplici
497 2768 534 2804 p.
566 2756 613 2793 14
646 2767 702 2803 sq.
734 2756 827 2804 post
856 2768 890 2791 v.
919 2754 997 2790 386
1030 2753 1233 2803 ponendos
1264 2753 1425 2798 censuit,
1458 2751 1525 2788 sed
1557 2752 1612 2788 ita
1640 2753 1684 2788 ut
1713 2751 1800 2787 anto

324 2835 389 2860 eos
421 2823 537 2860 talem
568 2835 722 2860 versum
753 2821 942 2858 excidisse
973 2826 1148 2870 putaret:
1187 2820 1313 2867 „Cedo
1344 2819 1436 2857 mihi
1466 2819 1540 2856 tibi
1567 2816 1799 2856 beneuolen-
