1963 3243
337 148 416 189 208
1020 146 1141 183 Plauti
1534 149 1574 195 V,
1599 153 1632 195 2,
1657 152 1790 187 77—86

924 275 1201 328 Eutychus
1713 334 1721 338 ·

1051 347 1161 397 Quia
1192 362 1277 388 non
1311 352 1376 388 est
1406 347 1469 388 illi
1502 349 1787 391 commodum.

933 482 1200 525 Charinus

335 554 489 596 Itane?
536 553 820 597 Commodum
853 555 915 596 illi
947 569 1031 596 non
1057 561 1134 606 est,
1166 570 1275 609 quae
1301 571 1366 597 me
1392 562 1524 606 amat,
1557 571 1686 611 quam
1710 572 1789 611 ego

1419 633 1573 670 contra
1605 629 1729 670 amo?

334 698 543 740 Omnibus
575 714 642 740 me
674 699 927 741 ludificatur
956 699 1026 740 hic
1057 700 1210 741 modis.
1271 699 1363 753 Ego
1396 701 1584 750 stultior7

334 771 414 821 Qui
446 772 519 812 isti
551 771 735 812 credam.
783 771 879 812 Non
905 771 1124 823 morabor3
1156 771 1424 824 chlamydem
1443 787 1610 814 sumam
1628 773 1786 817 denuo.

923 907 1201 958 Eutychus

338 980 463 1021 Mane
496 993 728 1034 parumper
761 985 890 1034 atque
922 979 1030 1021 haec
1061 981 1174 1021 audi.

932 1105 1199 1146 Charinus

982 1176 1097 1231 Cape
1129 1179 1202 1228 sis,
1234 1192 1350 1230 puer,
1385 1177 1466 1218 hoc
1500 1178 1691 1231 pallium.
1722 1190 1789 1222 910

926 1302 1199 1355 Eutychus

333 1376 474 1418 Mater
504 1377 662 1417 iratast
692 1376 807 1429 patri
840 1375 1130 1426 uehementer,
1164 1376 1269 1428 quia
1299 1380 1490 1417 scortum
1523 1375 1604 1415 sibi

334 1449 397 1489 Ob
430 1449 577 1490 oculos
609 1448 838 1489 adduxerit
867 1448 909 1487 in
945 1447 1081 1497 aedis,
1113 1447 1213 1488 dum
1246 1449 1335 1488 ruri
1366 1449 1463 1501 ipsa
1495 1447 1630 1488 abest.

335 1520 591 1574 Suspicatur
622 1520 740 1561 illam
773 1521 954 1560 amicam
988 1534 1080 1561 esse
1112 1519 1187 1560 illi.

931 1645 1197 1686 Charinus

926 1809 1197 1862 Eutychus

1919 1631 1923 1664 Ι

1919 1666 1922 1695 ι

1249 1717 1410 1758 Zonam
1444 1717 1610 1758 sustuli.
1917 1698 1923 1796 1

339 1882 441 1923 Eam
476 1896 564 1922 rem
598 1895 710 1922 nunc
743 1881 931 1934 exquirit
963 1882 1092 1921 intus.
1916 1842 1921 1900 J

934 2005 1198 2047 Charinus
1914 1979 1919 2049 l

1081 2079 1168 2119 lam
1203 2079 1476 2120 machaerast
1506 2080 1546 2119 in
1578 2093 1721 2120 manu.
1915 2069 1918 2084 ⁴

927 2205 1198 2258 Eutychus

334 2277 458 2319 Nunc
490 2279 524 2319 si
557 2292 606 2319 eo
639 2278 713 2318 ted
742 2278 856 2318 intro
889 2277 1046 2318 ducam
1079 2301 1132 2306 —

932 2402 1197 2444 Charinus

904 2475 1026 2516 Tollo
1058 2475 1292 2529 ampullam
1325 2480 1457 2529 atquo
1490 2476 1590 2517 hinc
1624 2490 1686 2518 eo.
1719 2488 1784 2522 915

425 2601 491 2633 906
517 2599 702 2634 commodi
818 2600 884 2634 907
909 2603 1041 2633 eontra
1073 2600 1145 2634 iam
1172 2599 1217 2638 Β,
1252 2599 1468 2634 contraham
1498 2600 1527 2635 Ο
1636 2602 1703 2636 908
1726 2601 1784 2636 hic

334 2656 544 2691 ludificatur
569 2669 626 2691 me
725 2657 905 2691 stultitior
931 2656 963 2690 Β
1061 2658 1126 2691 909
1152 2656 1247 2700 Quid
1272 2657 1354 2691 istic
1382 2657 1535 2692 reddam
1563 2658 1592 2693 Ο
1685 2669 1783 2693 com-

335 2718 503 2749 moratur
595 2716 657 2748 911
688 2714 796 2749 Mane
821 2713 865 2753 B.
892 2724 957 2748 om.
986 2713 1013 2748 C
1102 2716 1168 2748 912
1194 2714 1308 2748 oculis
1401 2715 1466 2748 913
1493 2715 1626 2748 Sonam
1720 2716 1785 2749 914

336 2771 543 2804 macharest
557 2771 601 2814 B,
629 2771 838 2805 macharast
852 2770 879 2804 C
969 2773 1034 2804 915
1060 2771 1150 2805 Nam
1234 2773 1308 2805 scio
1324 2770 1357 2804 B
1448 2775 1483 2804 te
1579 2770 1786 2816 ampullffB
