1963 3243
292 237 348 276 '74
974 227 1097 263 Plauti
1494 225 1559 270 IV,
1586 227 1615 269 1,
1644 213 1774 261 14-223
1838 223 1844 232 ’

883 353 916 396 Ρ
928 367 947 396 s
958 367 980 396 e
990 368 1019 395 u
1030 353 1056 395 d
1068 352 1117 394 ol
1128 365 1154 394 u
1165 366 1184 394 s

290 427 478 471 Ambula
509 441 611 481 ergo
644 427 743 469 cito.

952 510 1003 552 Si
1014 510 1077 552 mi
1090 523 1116 551 a

823 581 958 624 Immo
991 581 1128 623 otiose
1159 580 1272 622 uolo.

880 681 1186 724 Pseudolus

294 759 414 801 Haec
443 771 496 800 ea
527 757 697 800 occasio
730 759 815 798 est:
849 754 949 796 dum
979 753 1051 795 ille
1084 753 1252 804 dormit,
1284 753 1384 795 uolo
1712 764 1777 799 925
1844 747 1879 787 .”

291 830 359 872 Tu
390 830 508 885 prior
537 834 586 871 ut
617 841 801 882 occupes
833 826 964 869 adire.

958 925 1128 968 Simia

292 1002 409 1053 Quid
440 1003 680 1057 properas?
739 998 932 1050 Placide3
971 1013 1024 1040 ne
1054 997 1169 1039 time.
1230 996 1298 1038 Ita
1327 996 1400 1038 ille
1431 995 1540 1038 faxit
1569 996 1778 1051 Iuppiter,
1844 996 1846 998 ’
1920 972 1923 999 3

294 1074 353 1116 Ut
368 1074 441 1116 ille
457 1074 600 1128 palam
617 1072 777 1114 ibidem
794 1070 944 1121 adsiet,
967 1069 1164 1124 quisquis
1181 1067 1254 1110 ille
1272 1068 1428 1122 estqui
1445 1067 1569 1110 adest
1587 1081 1613 1110 a
1629 1067 1776 1111 milite.

293 1146 539 1201 Numquam
571 1144 724 1198 edepol
756 1142 839 1185 erit
868 1141 940 1184 ille
970 1140 1114 1195 potior
1139 1139 1315 1194 Harpax
1345 1153 1471 1194 quam
1506 1153 1596 1194 ego.
1656 1138 1778 1182 Habe
1845 1162 1851 1169 ·

1307 1212 1497 1253 animum
1526 1211 1706 1263 bonum3

293 1288 449 1330 Pulcre
480 1302 557 1342 ego
587 1287 700 1329 hanc
731 1285 992 1339 explicatam
1022 1283 1103 1325 tibi
1133 1297 1222 1325 rem
1256 1282 1380 1324 dabo.
1713 1294 1782 1329 930
1844 1327 1847 1330 ,
1922 1266 1925 1269 .

296 1360 366 1403 Sic
396 1373 473 1414 ego
504 1359 626 1400 illum
657 1357 766 1400 dolis
797 1360 929 1409 atque
959 1355 1196 1397 mendaciis

219 1451 223 1454 ·
293 1433 343 1474 In
375 1432 574 1474 timorem
605 1429 719 1471 dabo
749 1428 983 1470 militarem
1013 1426 1241 1477 aduenam,

295 1504 421 1559 Ipsus
451 1516 543 1545 sese
574 1506 623 1544 ut
652 1504 780 1553 neget
811 1513 904 1541 esse
936 1512 1033 1540 eum
1063 1499 1137 1551 qui
1169 1498 1251 1539 siet

293 1576 451 1630 Meque
481 1579 530 1616 ut
561 1587 655 1617 esse
687 1575 883 1614 autumet
913 1570 986 1625 qui
1016 1570 1134 1624 ipsus
1166 1574 1242 1612 est.

887 1686 1190 1728 Pseudolus

1294 1756 1377 1808 Qui
1407 1759 1579 1812 potest?

955 1847 1121 1890 Simia

296 1925 468 1968 Occidis
500 1938 580 1975 me,
613 1936 742 1977 quom
771 1922 885 1964 istuc
915 1921 1092 1974 rogitas.

897 2032 1194 2075 Pseudolus

1149 2103 1183 2146 Ο
1215 2105 1431 2147 hominem
1460 2104 1662 2160 lepidum.
1715 2115 1781 2152 936

956 2205 1124 2248 Simia

297 2286 360 2328 Te
392 2296 564 2339 quoque
597 2281 728 2323 etiam
759 2277 870 2320 dolis
903 2282 1034 2331 atque
1067 2278 1313 2330 mendaciis,

300 2358 386 2408 Qui
418 2355 625 2409 magister
654 2351 759 2393 mihi
790 2364 847 2401 08,
881 2348 1092 2400 antidibo‚
1123 2354 1171 2391 ut
1201 2351 1322 2392 scias.

894 2460 926 2502 P
937 2475 956 2503 s
969 2475 990 2503 e
1002 2476 1030 2503 u
1043 2462 1068 2504 d
1080 2476 1103 2504 o
1113 2462 1127 2504 l
1137 2477 1164 2505 u
1177 2477 1196 2505 s

303 2541 500 2596 Iuppiter
528 2543 572 2581 te
603 2535 709 2579 mihi
739 2537 897 2576 seruet.

394 2694 461 2728 925
484 2691 551 2726 ps,
578 2688 695 2730 om.13
770 2689 837 2724 927
861 2681 917 2716 SI.
943 2691 1008 2716 om.
1025 2681 1063 2726 G,
1090 2683 1129 2718 P.
1145 2684 1181 2720 B
1256 2687 1322 2722 928
1347 2687 1439 2722 πίει
1508 2685 1594 2731 quia
1621 2684 1650 2721 ο
1722 2684 1785 2719 931

306 2748 345 2784 Si
371 2748 440 2785 BC
459 2749 524 2784 933
548 2748 629 2792 ipse
654 2745 722 2782 BC
825 2759 907 2783 eum
933 2749 1011 2774 esse
1035 2739 1104 2774 BC
1209 2744 1276 2778 934
1300 2746 1364 2779 aut
1386 2746 1507 2778 tumet
1612 2739 1701 2787 quid
1723 2735 1791 2776 Bo

304 2807 370 2841 936
396 2805 448 2841 SI.
475 2812 543 2840 om.
639 2804 734 2840 dolis
763 2806 873 2850 atque
898 2814 963 2840 om·
992 2795 1021 2831 C'
1109 2800 1175 2834 937
1200 2810 1264 2836 om.
1289 2798 1358 2835 BC
1445 2800 1513 2834 938
1537 2797 1603 2834 PS.
1629 2807 1695 2834 om.
1720 2794 1750 2831 G
