1963 3243
351 231 428 270 106
1028 227 1150 262 Plauti
1523 225 1584 269 IV,
1608 226 1640 268 6,
1666 226 1796 261 19-33

345 353 408 395 Ne
440 353 554 395 oculi
587 354 679 395 eius
711 353 971 395 sententiam
1002 356 1184 404 mutent,
1215 353 1290 394 ubi
1320 351 1483 392 uiderit
1514 364 1594 401 me,

346 425 487 480 Atque
520 426 612 467 eius
643 425 861 478 elegantia
892 438 1030 466 meam
1062 424 1276 478 extemplo
1308 423 1494 477 speciem
1525 412 1737 475 spernat-,J

889 547 1256 602 Milphidippa

346 622 440 664 Non
472 623 622 674 faciet3
655 621 766 664 habe
797 623 988 663 animum
1020 621 1189 663 bonum.

859 744 1296 799 Pyryopolinices

1095 817 1153 859 Ut
1182 819 1278 872 ipsa
1310 831 1354 859 se
1386 815 1677 870 contempnit!
1710 827 1798 861 1230

859 931 1288 975 Acroteleutium

346 1005 492 1048 Metuo
524 1020 577 1047 ne
609 1005 876 1059 praedicatio
916 1008 991 1046 tua
1028 1017 1142 1045 nunc
1174 1016 1313 1044 meam
1343 1002 1523 1044 formam
1555 1005 1798 1057 exsuperet.

891 1117 1258 1171 Milphidippa

346 1190 464 1233 Istuc
495 1192 658 1244 curaui,
690 1197 738 1233 ut
770 1192 971 1245 opinione
1003 1189 1120 1231 illius
1154 1188 1341 1243 pulcrior
1371 1189 1443 1230 sis.

859 1303 1291 1346 Acroteleutium

349 1379 391 1420 Si
424 1378 495 1432 pol
529 1393 594 1419 me
626 1377 744 1419 nolet
776 1377 931 1418 ducere
963 1390 1151 1426 uxorem,
1184 1388 1327 1427 genua
1357 1374 1598 1428 amplectar

347 1451 488 1504 Atque
521 1449 773 1491 obsecrabo.
835 1450 929 1490 Alio
963 1447 1103 1498 modo,
1137 1448 1173 1488 si
1204 1461 1290 1487 non
1322 1446 1452 1500 quibo
1483 1447 1715 1500 inpetrare,

349 1522 627 1564 Consciscam
654 1522 810 1572 letu1n3
843 1522 992 1562 uiuere
1018 1520 1109 1562 sine
1132 1519 1207 1560 illo
1232 1520 1321 1560 scio
1346 1533 1412 1560 me
1437 1532 1521 1560 nou
1546 1532 1687 1572 posse.
1717 1529 1802 1563 1235

849 1633 1294 1688 Pyrgopolinices

345 1707 664 1751 Prohibendam
694 1712 877 1749 mortem
910 1706 1080 1748 mulieri
1111 1705 1252 1747 uideo.
1312 1704 1512 1747 Adibon?

919 1820 1227 1862 Palaestrio

1589 1876 1800 1929 Minume3
1822 1897 1829 1899 -

345 1953 454 1994 Nam
486 1958 534 1994 tu
567 1958 610 1993 te
641 1952 771 1993 uilem
802 1951 971 2000 feceris,
1004 1950 1039 1991 si
1070 1958 1112 1991 te
1144 1949 1262 1990 ultro
1293 1949 1490 2002 largiere.

347 2026 446 2067 Sine
476 2025 590 2067 ultro
622 2025 785 2076 ueniat,
817 2024 1047 2077 quaeritet,
1080 2021 1311 2072 desideret,
1345 2026 1579 2076 exspectet.

346 2098 412 2138 An
436 2097 622 2152 perdere
646 2098 774 2139 istam
799 2096 983 2149 gloriam
1006 2096 1073 2136 uis
1099 2108 1228 2148 quam
1248 2082 1417 2135 habes?
1450 2091 1568 2135 Caue
1593 2094 1653 2136 sis
1677 2093 1800 2136 faxis.

345 2170 456 2212 Nam
489 2170 596 2211 nulli
627 2169 801 2211 mortali
833 2173 921 2210 scio
955 2167 1159 2221 optigisse
1190 2165 1271 2207 hoc
1302 2166 1385 2207 nisi
1417 2165 1600 2217 duobus,
1718 2177 1804 2211 1240

347 2242 442 2284 Tibi
476 2248 519 2284 et
549 2241 715 2284 Phaoni
749 2241 920 2292 Lesbio,
951 2244 1042 2282 tam
1075 2240 1241 2281 sincere
1272 2243 1321 2280 ut
1352 2244 1584 2281 amaretur.

859 2353 1294 2396 Acroteleutium

348 2428 409 2470 Eo
441 2428 568 2478 intro,
601 2441 654 2468 an
686 2433 732 2468 tu
764 2428 883 2469 illum
914 2426 996 2467 huc
1022 2439 1179 2468 euocas
1204 2424 1334 2476 foras,
1368 2437 1462 2466 mea
1487 2423 1803 2478 Milphidippa?

440 2567 527 2599 1228
552 2565 773 2599 sententiam
801 2563 927 2597 uident
951 2563 1012 2596 ubi
1037 2561 1072 2596 Β
1168 2563 1252 2596 1229
1277 2560 1475 2605 flagrantia
1499 2559 1534 2593 Β
1628 2559 1714 2593 1230
1738 2559 1802 2593 bo-

349 2635 435 2657 num
463 2623 624 2656 animum
649 2621 744 2655 habe
767 2624 804 2654 ut
899 2620 984 2653 1233
1007 2619 1105 2652 ualet
1126 2619 1159 2652 B
1256 2619 1341 2652 1234
1355 2617 1458 2661 quib;
1487 2615 1517 2650 B
1613 2617 1698 2650 1235
1713 2614 1806 2650 Con-

347 2681 482 2713 ciscam
510 2678 543 2712 Β
639 2679 776 2712 loetum
805 2677 834 2711 Ο
928 2675 1065 2709 uiuer&
1087 2674 1122 2708 Β
1219 2676 1304 2709 1236
1338 2674 1480 2707 mulieri
1515 2673 1624 2707 uideo
1660 2672 1806 2706 mulieri

348 2737 391 2778 B,
419 2737 562 2770 mulieri
588 2736 698 2770 uideo
724 2735 915 2768 mulierem
946 2733 972 2765 (⁷)
1069 2734 1153 2766 1237
1179 2733 1287 2766 uelim
1382 2730 1511 2772 largiri
1534 2729 1580 2769 Β,
1597 2730 1765 2772 larguere
1782 2727 1811 2763 C

444 2794 530 2826 1239
556 2792 797 2835 Summopore
823 2791 866 2829 B,
902 2790 930 2823 si
965 2801 1036 2822 non
1066 2789 1222 2832 perdere
1250 2787 1279 2822 Ο
1369 2788 1452 2821 1241
1482 2787 1533 2820 les
1560 2787 1658 2820 uicta
1683 2784 1718 2819 B

351 2861 475 2884 uiuere
490 2849 535 2892 B,
563 2854 711 2883 manete
730 2848 758 2883 C
848 2852 990 2880 amaret
1087 2848 1170 2879 1242
1196 2845 1282 2878 illuc
1376 2842 1520 2878 euocat'
1535 2842 1582 2886 Β,
1610 2840 1806 2877 euocatuc
