1963 3243
653 194 695 229 V.
725 196 958 230 1025—1068.
1456 199 1479 235 2
1486 199 1509 236 8
1518 201 1540 238 7

83 338 178 372 sum,
217 338 331 375 quem
370 323 458 362 edd.
500 323 776 373 Milphidippae
815 325 1109 370 continuarunt,
1152 337 1236 361 cum
1277 324 1388 362 codd.
1423 323 1543 361 Palae-
1591 333 1597 338 ·

84 395 222 433 strioni
244 392 458 430 vindicavit
477 392 591 429 Ribb.
626 393 730 429 Idem
753 391 999 442 „muricape‘'
1023 392 1158 434 voluit,
1178 393 1246 430 sed
1259 398 1348 429 ante
1364 393 1545 430 diaeresin

85 462 234 512 syllaba
272 473 414 511 anceps
450 462 545 498 ferri
584 465 725 510 pote—st.
770 479 813 484 —
863 461 980 497 1052.
1025 460 1088 498 Eu
1117 459 1255 505 hercles
1283 474 1316 498 v.
1359 461 1409 497 ad
1450 462 1541 498 396.

84 529 194 578 Quod
225 530 448 567 interiectio
479 543 556 566 non
587 541 659 579 pro
690 528 839 577 syllaba
871 533 1114 568 numeratur.
1148 542 1182 566 v.
1217 530 1311 566 959.
1349 530 1468 566 1061.
1495 529 1544 565 ad

83 598 187 637 Pers.
205 598 298 635 802.
323 617 378 622 —-
408 598 526 635 1053.
542 596 802 644 pollicitarere
818 596 998 634 Mueller.
1019 596 1128 634 Pros.
1149 610 1185 646 p.
1206 598 1299 635 630.
1334 615 1378 621 -
1423 597 1542 634 1054.

83 666 174 706 huic
213 671 449 715 correptum,
490 680 524 702 v.
558 664 711 713 Proleg.
746 678 783 714 p.
821 665 912 702 204.
974 664 1020 701 R.
1055 678 1139 702 cum
1176 664 1310 702 Reizio
1346 662 1452 710 „ni“.
1485 683 1541 688 —

84 734 259 781 adfertur
312 733 498 771 Priscian.
555 733 585 769 V
631 747 668 783 p.
719 733 819 771 645:
878 746 1048 781 „semen,
1103 735 1212 770 cuius
1258 734 1543 770 nominativum

85 804 204 841 etiam
242 802 315 840 hoc
356 803 561 840 seminium
603 802 757 851 antiqui
796 802 1009 851 protulisse
1049 802 1314 839 inveniuntur.
1378 801 1543 838 Plautus

83 870 266 910 inMilite
297 871 489 920 glorioso:
524 870 638 907 Verri
669 869 847 908 adfertur
879 882 1028 907 merces
1054 871 1169 907 cet.“.
1200 889 1247 894 —
1279 871 1543 917 1055.quem-

83 950 208 988 quam.
241 952 276 976 v.
311 940 357 976 ad
395 939 509 976 Most.
547 941 639 977 596.
673 958 726 963 —
751 937 976 986 porculeam
1013 951 1100 975 cum
1134 938 1288 987 Buggio
1321 937 1462 988 Opusc.
1494 938 1543 974 ad

85 1007 216 1046 Madv.
249 1021 285 1058 p.
326 1008 400 1045 169
436 1008 554 1045 malui
587 1021 716 1057 quarn,
750 1007 854 1057 quod
880 1011 970 1056 post
986 1006 1222 1044 Lambinum
1247 1007 1389 1051 editur,
1428 1020 1543 1056 „por-

84 1074 261 1130 cellam“,
310 1089 396 1113 nam
445 1078 562 1113 etiam
605 1075 793 1113 Prisciani
841 1075 975 1114 codd.:
1027 1076 1236 1125 „porculae
1268 1072 1397 1113 nam“.
1460 1075 1544 1112 Vox

84 1145 274 1183 formatur
316 1149 359 1182 ut
397 1145 567 1186 eculeus,
608 1144 830 1194 hinnuleus,
862 1144 1063 1189 nuculeus,
1097 1145 1297 1181 manuleae.
1331 1163 1386 1168 —
1421 1145 1540 1181 1056.

86 1213 284 1252 Talentum
323 1212 526 1260 Philifflee',
566 1212 643 1250 duo
683 1215 886 1262 anapaesti,
928 1225 963 1249 V.
998 1211 1153 1260 Proleg.
1190 1225 1226 1261 p.
1261 1213 1340 1249 203
1375 1217 1413 1249 et
1449 1213 1541 1250 199.

83 1281 211 1330 Vulgo
266 1280 544 1331 „Philippum“
596 1282 737 1321 editur.
795 1281 901 1330 quod
948 1282 980 1317 si
1026 1293 1097 1331 pro
1144 1281 1328 1330 genetivo
1374 1281 1542 1330 pluralis

84 1352 225 1402 capias,
257 1356 325 1388 aut
356 1350 453 1387 nihil
485 1349 706 1388 addendum
740 1355 825 1387 erat
856 1355 923 1387 aut
943 1347 1224 1396 „aureorum“;
1258 1351 1288 1387 si
1318 1363 1390 1399 pro
1419 1350 1543 1387 adiec-

83 1420 175 1460 tivo.
221 1432 341 1469 prave
382 1418 431 1455 ad
469 1419 673 1463 talentum,
721 1432 799 1456 non
831 1417 879 1455 ad
913 1431 1051 1455 aurum
1083 1418 1292 1464 referatur,
1341 1423 1382 1455 ut
1420 1419 1540 1456 1059.

85 1487 199 1526 Poen.
233 1488 325 1525 598.
359 1487 471 1525 Curc.
505 1488 601 1525 440.
633 1487 740 1524 Trin.
777 1488 869 1524 965.
930 1485 1123 1535 Philippei
1152 1488 1303 1535 scripsi.
1335 1500 1421 1524 nam
1462 1487 1543 1524 haec

84 1569 180 1594 vera
222 1556 407 1593 adiectis-i
447 1556 575 1593 forma
615 1555 784 1594 videtur.
833 1569 866 1592 v.
901 1556 948 1592 ad
982 1556 1089 1592 Asin.
1130 1556 1219 1600 152,
1263 1555 1331 1592 sed
1372 1562 1414 1592 ut
1453 1557 1540 1593 duae

82 1625 228 1664 ultimae
271 1625 433 1673 syllabae
478 1637 550 1674 per
595 1625 790 1673 synizesin
836 1624 1071 1661 coalescant.
1118 1643 1172 1648 —
1223 1625 1340 1662 1057.
1381 1625 1546 1671 accipiet

82 1696 208 1744 prima
255 1698 449 1744 correpta,
494 1706 529 1729 v.
578 1692 733 1742 Proleg.
780 1707 817 1743 p.
870 1694 960 1730 199.
1009 1713 1063 1718 —
1108 1692 1177 1731 Da
1220 1696 1369 1730 ecastor
1406 1692 1446 1730 C.
1488 1712 1544 1717 -

87 1760 241 1810 „uilist“
292 1762 403 1798 Acid.
452 1780 499 1786 —
549 1761 712 1807 tandem,
759 1761 804 1799 cf.
846 1761 949 1800 Men.
991 1762 1084 1799 684.
1119 1761 1168 1798 ad
1200 1761 1321 1798 Mero.
1358 1762 1448 1798 171.
1488 1780 1545 1786 —

89 1831 204 1868 1058.
236 1841 433 1878 umquam,
466 1843 502 1867 v.
536 1830 583 1866 ad
617 1829 718 1867 Men.
756 1831 847 1868 199.
881 1850 932 1856 —
970 1831 1090 1868 1059.
1123 1829 1313 1877 Philippei
1342 1831 1482 1879 scripsi
1501 1834 1544 1866 ut

88 1900 205 1937 1056.
248 1898 475 1936 thensauros
504 1898 548 1936 R.
583 1917 635 1923 —-
671 1899 790 1936 1060.
824 1898 1003 1936 Mueller.
1038 1898 1148 1936 Pros.
1181 1912 1220 1948 p.
1255 1899 1335 1935 418
1373 1895 1537 1944 „mons“

85 1979 156 2018 pro
186 1968 295 2005 brevi
326 1967 478 2015 syllaba
509 1966 639 2013 habet,
671 1967 736 2004 vix
767 1967 965 2004 credibile.
1014 1966 1260 2004 Camerarius
1286 1966 1443 2003 delebat
1464 1979 1538 2016 pro

85 2034 328 2084 glossemate,
355 2042 397 2072 ut
429 2033 644 2082 „ancillae“
670 2049 705 2073 v.
728 2036 828 2082 7973
859 2041 1055 2085 praeterea
1083 2035 1253 2082 „altast“
1281 2036 1452 2085 scripsit,
1475 2033 1543 2072 sed

85 2104 118 2142 si
145 2102 273 2142 Aetam
304 2106 560 2154 posteriorem
594 2105 750 2153 longam
776 2104 908 2149 habet,
933 2106 1067 2154 potius
1093 2105 1340 2149 crediderim,
1362 2103 1543 2140 Plautum

86 2176 254 2210 montem
286 2172 489 2210 masculini
519 2174 677 2221 generis
708 2172 857 2218 fecisse,
891 2186 926 2211 v.
962 2172 1117 2220 Proleg.
1150 2185 1188 2222 p.
1226 2174 1314 2210 195.
1346 2169 1538 2219 „Aetina“

86 2238 210 2288 Ribb„
244 2240 347 2290 quod
381 2254 428 2278 ex
460 2241 664 2289 glossariis
696 2242 799 2278 eruit
830 2240 970 2279 Loewe
993 2241 1108 2278 Anal.
1142 2240 1270 2278 Plaut.
1304 2254 1341 2290 p.
1379 2241 1545 2278 216.—

90 2308 206 2347 1061.
237 2308 425 2347 hominem
446 2310 665 2357 perium,
707 2309 1004 2347 Palaestrionem
1035 2309 1144 2347 dicit.
1207 2309 1307 2356 Quia
1338 2322 1472 2346 versus
1504 2312 1543 2346 in

86 2377 196 2415 codd.
228 2379 333 2416 iusto
363 2379 519 2426 longior
550 2382 619 2425 est,
651 2384 741 2427 post
770 2377 956 2416 Bothium
989 2379 1176 2416 omittunt
1208 2377 1407 2423 hominem,
1440 2376 1544 2427 quod

86 2444 219 2484 abesse
259 2459 372 2496 posse
415 2460 492 2484 non
530 2452 647 2496 puto;
687 2442 783 2484 mihi
822 2450 867 2484 ut
896 2447 1078 2484 Acidalio
1110 2460 1192 2484 voc.
1221 2444 1376 2493 '„scite“
1413 2445 1542 2482 delen-

88 2512 178 2552 dum
208 2515 375 2553 videtur.
438 2514 514 2552 Sed
560 2515 663 2565 quod
711 2515 815 2552 idem
864 2530 898 2553 v.
948 2515 985 2554 d.
1029 2522 1098 2561 „ut
1136 2515 1340 2552 sublecto‘⁴
1385 2515 1545 2563 scripsit

88 2584 197 2632 quasi
227 2583 371 2629 allicio,
410 2583 645 2622 subliciendi
685 2597 760 2621 vox
793 2585 954 2622 omnino
985 2585 1122 2632 ignota
1156 2588 1234 2629 θεὶς
1281 2596 1352 2631 ego
1383 2583 1544 2631 scripsi:

86 2651 135 2690 ¹⁸8
157 2651 307 2691 subleui
334 2652 396 2690 os!
427 2652 475 2690 cf.
508 2653 601 2690 469.
632 2671 683 2676 -
722 2651 842 2690 1062.
874 2653 1009 2690 mittite
1039 2651 1079 2698 C,
1114 2656 1230 2692 recte.
1261 2656 1304 2687 ut
1335 2651 1545 2700 sequentia

89 2719 316 2767 ostendunt3
363 2720 476 2758 Both.
518 2725 608 2758 cett.
646 2734 730 2768 „me
762 2718 914 2758 mitte“.
947 2739 1001 2746 —
1036 2720 1155 2758 1063.
1193 2713 1301 2766 Quid
1330 2719 1437 2756 illam
1467 2723 1541 2756 cet.

88 2784 363 2839 Hilphidippae
404 2788 524 2827 verba
562 2801 644 2826 esse
685 2788 785 2826 vidit
824 2788 949 2838 Bugg.
983 2787 1140 2825 Tidskr.
1182 2787 1206 2825 s.
1245 2786 1385 2825 Philol.
1420 2786 1472 2824 VI
1502 2800 1542 2836 p.
