1963 3243
707 203 748 239 v.
774 204 965 238 soz-326.
1494 209 1573 247 273

229 335 421 373 814—72
454 334 612 371 senarii.
674 333 814 371 Totam
854 346 1009 371 scenam
1043 332 1084 370 F.
1119 332 1307 371 Schmidt.
1341 334 1440 371 Anu.
1476 334 1572 384 phil.

116 403 193 443 vol.
224 402 352 453 suppl.
387 402 441 439 IX
472 415 510 452 p.
547 403 624 439 379
658 415 742 451 sqq.
783 403 830 438 ab
870 401 940 439 hac
972 401 1104 439 fabula
1136 401 1303 439 alienam
1337 407 1375 439 et
1407 415 1453 439 ex
1487 403 1575 445 alia,

118 485 232 523 quam
257 470 388 508 Plauti
415 471 534 508 fuisse
566 483 643 508 non
676 474 807 517 negat.
841 470 915 507 huc
946 469 1179 507 translatam
1215 483 1298 508 esse
1331 475 1474 507 censet.
1522 470 1578 508 Ac

117 553 209 578 sane
240 543 279 576 et
309 538 459 576 inutilis
491 542 546 575 est
579 551 648 575 nec
681 537 857 578 Plautus,
891 541 920 575 si
955 534 1196 583 Sceledrum‚
1231 539 1295 588 qui
1331 539 1409 575 583
1443 551 1483 574 se
1508 538 1577 574 ali-

118 621 193 660 quo
223 607 491 656 aufugiturum
531 619 613 644 esse
655 606 769 646 dixit.
811 612 878 643 aut
921 611 1072 644 mutato
1115 607 1281 644 consilio
1323 610 1392 643 aut
1423 606 1577 644 libidini

119 676 315 716 cedentem
355 676 393 712 in
435 675 570 712 cellam
610 676 800 712 vinariam
842 674 949 712 abire
982 674 1183 721 voluisset,
1215 674 1287 712 hoc
1320 688 1396 712 non
1429 674 1578 712 diserte

117 744 402 796 spectatoribus
447 742 719 793 significasset.
796 742 925 789 Quare
971 756 1033 780 vv.
1082 744 1276 781 817—68
1323 743 1478 780 seclusi.
1525 762 1578 768 —-

120 814 211 852 816.
243 813 449 851 centuriati
478 812 576 858 bene,
610 814 634 850 i.
669 826 700 849 e.
735 813 832 848 bene
857 813 896 849 in
921 812 1077 850 ordines
1095 812 1311 859 distributi,
1344 824 1378 849 v.
1399 812 1447 849 ad
1465 811 1578 849 Cure.

120 882 211 920 585.
270 880 357 918 Ter.
399 880 554 918 Phorm.
598 882 696 919 230:
764 880 897 926 „Nunc
939 882 1051 929 prior
1090 881 1198 918 adito
1238 886 1303 926 tu3
1343 893 1412 929 ego
1445 881 1505 917 hic
1539 883 1578 917 in

117 950 268 988 insidiis
307 963 372 987 ero
413 949 748 990 Succenturiatus,
790 951 823 986 si
864 950 958 998 quid
1000 946 1199 987 deficias“.
1237 969 1284 974 —
1326 948 1581 997 manuplares

118 1017 275 1056 Pareus.
316 1037 369 1042 -
410 1019 504 1055 817.
544 1019 621 1056 nisi
656 1019 860 1065 neyottum,
902 1030 953 1055 se.
996 1023 1065 1057 est.
1109 1018 1213 1067 quod
1254 1018 1296 1054 R.
1331 1018 1454 1062 addit,
1490 1019 1512 1056 i.
1547 1032 1577 1054 c.

119 1088 192 1124 nisi
223 1092 437 1136 occupatus
470 1100 522 1124 es.
555 1107 608 1112 —
645 1087 737 1124 818.
775 1084 939 1133 ‚‚uocat“
978 1086 1039 1122 Rs.
1076 1086 1165 1123 coll.
1200 1087 1279 1124 898
1313 1086 1491 1136 aliisque.
1526 1106 1579 1112 -—

123 1156 214 1194 819.
254 1154 427 1192 Sce10dri
470 1155 552 1192 loco
590 1157 670 1192 exit
710 1154 855 1192 Lucrio
893 1168 993 1204 puer
1039 1156 1121 1192 eius
1167 1157 1332 1205 imperio
1379 1155 1579 1192 subiectus

118 1224 179 1261 vel
217 1225 398 1261 vicarius.
445 1235 580 1272 operae
618 1226 682 1268 est,
724 1237 759 1259 v.
803 1223 850 1260 ad
893 1224 984 1261 254.
1028 1243 1080 1248 —
1122 1221 1215 1260 820.
1248 1222 1356 1261 Illud
1387 1223 1583 1262 ...uolui

118 1292 250 1338 dicere,
291 1306 327 1330 v.
369 1292 416 1329 ad
458 1293 522 1330 27.
555 1313 609 1318 —
639 1293 766 1330 stertit
795 1293 854 1330 ed.
888 1305 947 1341 pr.
981 1311 1035 1317 —
1069 1293 1160 1329 821.
1195 1303 1307 1339 quom
1338 1291 1491 1329 Acidal.
1526 1311 1580 1316 —

120 1361 310 1399 consimile
339 1362 459 1409 quasi,
495 1361 541 1398 cf.
574 1360 689 1398 Truc.
725 1362 824 1398 558:
862 1361 1104 1406 „adsimilest
1137 1359 1290 1410 quasi“.
1326 1360 1445 1397 Poen.
1480 1361 1579 1398 823:

122 1442 234 1476 „erus
266 1430 491 1474 consimilis,
524 1430 634 1466 uelut
665 1441 738 1477 ego
770 1429 895 1466 habeo
926 1427 1069 1466 hunc“.
1103 1449 1156 1454 —
1189 1429 1332 1466 Lucrio
1364 1431 1581 1466 orationem

118 1510 192 1534 non
239 1497 419 1544 absolvit,
466 1498 570 1547 quod
620 1512 687 1535 nec
734 1512 753 1534 a
801 1498 957 1545 vulgari
1004 1498 1195 1535 sermonis
1242 1509 1386 1545 genere
1421 1511 1492 1534 nec
1532 1497 1579 1534 ab

117 1565 272 1604 homine
332 1565 517 1604 subebrio
579 1567 779 1603 abhorret.
857 1565 1102 1603 Sententiam
1158 1566 1231 1603 sibi
1290 1566 1420 1615 quivis
1466 1565 1581 1602 facile

117 1635 316 1684 supplebit
354 1633 419 1683 (cf.
463 1636 513 1673 ad
558 1633 694 1683 1282),
735 1649 804 1672 nec
846 1635 1059 1673 Ritschelio
1100 1635 1350 1672 concedimus
1391 1634 1581 1671 excidisse

118 1715 270 1741 versum
310 1703 450 1741 talem:
515 1703 634 1750 „Ideo
681 1705 838 1742 sorbere
884 1717 970 1741 eum
1011 1704 1173 1740 narraui
1211 1702 1441 1752 inprudens
1501 1703 1581 1740 PA.

119 1769 241 1809 Eho“.
299 1771 385 1810 Ello
422 1784 473 1810 an
519 1774 696 1822 separari
744 1786 821 1810 non
868 1773 1034 1813 debent.
1079 1787 1114 1809 v,
1156 1772 1203 1808 ad
1246 1772 1339 1810 303.
1387 1791 1441 1796 —
1489 1772 1581 1809 823.

119 1851 310 1888 magnum,
330 1841 376 1878 cf.
395 1841 512 1879 Most.
531 1842 625 1879 478.
660 1841 737 1879 Cic.
756 1841 870 1893 Tusc.
892 1840 940 1887 Π,
961 1842 1024 1889 24,
1046 1842 1119 1879 56:
1156 1841 1397 1887 „exclamare
1415 1838 1581 1877 maius“.

120 1927 173 1934 —
222 1909 395 1956 „Tetigit
449 1908 566 1947 cett.“
627 1923 711 1947 curn
769 1909 946 1947 Acidalio
993 1909 1037 1946 R.
1087 1910 1285 1959 ceterique
1332 1908 1581 1946 Palaestrioni

120 1975 326 2023 dederunt,
367 1982 404 2014 et
446 1978 559 2016 Ribb.
601 1980 929 2028 interrogationis
969 1980 1123 2026 signum
1162 1977 1358 2026 adposuit.
1403 1996 1451 2001 —
1487 1977 1580 2014 824.

119 2044 191 2082 Ed.
226 2059 305 2097 pr.:
356 2046 542 2090 ..Dimisit
589 2047 749 2085 nardini
796 2060 910 2084 unam
959 2043 1242 2095 amph01·am“;
1285 2046 1388 2082 unde
1430 2045 1580 2082 Acidal.

124 2113 367 2165 „Dempsit“.
403 2114 445 2152 R.
484 2114 805 2166 7,Deprompsit“.
854 2115 903 2152 Et
936 2115 1108 2153 nardum
1140 2113 1298 2164 quidem
1331 2115 1369 2151 in
1395 2118 1583 2164 corrupta

121 2182 296 2219 codicum
329 2186 526 2233 scriptura
559 2184 694 2232 latere,
738 2189 843 2222 recte
874 2184 1117 2221 intellectum
1149 2182 1319 2227 videtur,
1358 2183 1390 2219 si
1424 2182 1583 2232 quidem

121 2251 196 2287 iam
238 2250 333 2289 cato
371 2251 416 2290 R.
459 2251 503 2290 R.
554 2254 630 2291 113
680 2254 889 2291 odoratum
930 2254 1063 2290 vinum
1105 2255 1396 2297 commemorat,
1436 2249 1583 2288 Graecis

119 2321 323 2368 μυρρινίτης
353 2317 446 2362 οἶνος
484 2322 523 2357 in
562 2334 634 2358 usu
676 2328 773 2368 erat=
806 2320 1009 2358 Palladius
1042 2325 1170 2358 autem
1204 2319 1271 2366 XI,
1311 2320 1358 2356 14
1392 2320 1495 2355 inter
1526 2332 1582 2363 ea,

122 2400 206 2438 quae
236 2389 326 2425 vino
359 2388 572 2437 adduntur,
604 2393 649 2426 ut
680 2390 840 2438 longam
870 2389 1029 2427 simulet
1061 2392 1230 2432 aetatem,
1265 2388 1431 2424 nardum
1464 2386 1583 2424 Celti·

123 2468 206 2493 cum
247 2458 439 2503 nominat3
487 2462 618 2495 cetera
656 2471 793 2508 parum
834 2458 1067 2496 verisimilia
1107 2451 1231 2494 sunt.¹
1280 2456 1403 2505 Bugg.
1444 2455 1584 2505 Opusc.

122 2524 171 2562 ad
201 2524 332 2562 Madv.
365 2539 403 2575 p.
440 2527 537 2563 167:
605 2525 785 2570 „Dormit
825 2540 844 2563 e
882 2525 1036 2563 nardini
1069 2522 1310 2575 amphora“;
1351 2536 1441 2572 ego:
1476 2523 1585 2562 Dum

121 2593 226 2631 mssit
251 2595 423 2633 nardum
452 2595 494 2632 in
523 2595 750 2642 amphoram
778 2614 835 2619 —
866 2595 960 2633 825.
992 2605 1236 2642 suppremus,
1262 2593 1432 2629 vicarius
1457 2594 1584 2642 promi

124 2657 175 2707 (v.
208 2657 314 2712 837),
356 2664 415 2700 cui
446 2663 528 2701 viui
561 2663 771 2712 promendi
804 2676 897 2701 cura
928 2663 1134 2700 commissa
1166 2665 1245 2708 est3
1286 2673 1374 2697 eum
1408 2660 1585 2710 appellat

122 2727 229 2766 ultra
266 2731 599 2779 interrogaturus.
642 2751 693 2756 —
737 2732 830 2770 826.
874 2730 951 2780 Qui
980 2743 1053 2767 em.
1090 2729 1316 2766 Beroaldus.
1379 2728 1584 2767 Palaestrio

124 2799 275 2845 querit,
315 2800 512 2848 quomodo
551 2800 696 2837 factum
739 2800 803 2847 sit,
844 2804 889 2837 ut
930 2798 1283 2842 condormisceret3
1324 2797 1466 2835 Lucrio
1498 2810 1584 2834 ver·

192 2882 291 2908 manti
311 2883 497 2910 comoediae
517 2884 571 2915 1v,
592 2887 615 2909 1.
1340 2872 1381 2907 18
