1963 3243
668 201 707 235 v.
738 202 971 236 1176—1210.
1481 210 1560 247 295

220 331 338 369 1194.
377 333 423 368 ut
460 331 572 369 uolui
601 330 778 368 Guietus.
812 350 866 355 —
902 332 1021 370 1195.
1062 331 1165 380 Quid
1196 335 1274 370 tam
1305 335 1410 370 intus
1440 335 1562 378 fuisse

105 402 137 438 te
174 399 301 437 dicam
339 399 435 436 diu?
473 400 610 448 scripsi
652 399 828 448 proximo
871 413 890 434 n
934 399 1069 445 codd.;
1113 399 1175 437 Br.
1223 401 1349 447 ..Quid
1383 406 1422 437 te
1456 403 1561 439 imus

101 468 221 505 fuisse
260 471 339 504 tum
383 467 506 504 dicam
541 467 662 504 diu?‘⁸
730 466 786 503 Dc
818 468 948 516 positu
983 469 1088 505 vocis
1120 470 1199 506 tam
1231 483 1266 505 v.
1300 470 1347 505 ud
1382 470 1474 507 850.
1513 490 1557 494 ——

106 536 224 573 1196.
256 546 320 582 eqo
350 546 407 572 me
439 538 517 572 tam
548 534 650 573 Cam.
687 553 735 560 —
775 536 893 572 1197.
925 536 1003 581 feci
1017 536 1196 573 Mueller.
1224 537 1383 575 Nachtr.
1410 550 1446 586 p.
1472 539 1560 581 134,

102 603 187 642 coll.
221 602 339 641 Stich.
368 604 439 640 90:
478 603 632 649 „Multa
663 605 744 640 scio
778 603 961 640 faciunda
993 603 1155 642 uerba“.
1190 604 1254 642 R.:
1293 606 1422 651 ‚,fecit,
1458 607 1563 642 lenta

101 670 184 709 ut“.
219 690 266 696 —
303 671 417 718 lenta,
454 673 500 709 cf.
542 671 619 709 Cic.
664 674 746 709 Att.
790 671 818 712 I.
857 673 924 708 12:
991 673 1163 718 „lentum
1197 673 1440 720 negotium“.
1506 675 1560 712 Pl.

101 740 257 778 Trucul.
302 741 394 777 203.
428 760 482 766 —
518 741 635 778 1198.
662 740 818 782 dommi,
846 740 934 777 dari
956 740 1080 790 Bugg.
1105 740 1247 791 Opusc.
1280 742 1329 778 ad
1362 742 1493 780 Madv.
1523 756 1558 792 p.

106 809 194 846 170.
229 809 412 851 ..donaui‚
439 808 554 845 dedi*
591 809 703 845 ΚΗΛ).
729 827 773 833 -
801 810 917 846 1199.
951 811 985 846 te
1016 816 1055 845 et
1079 811 1113 846 εἰ
1136 809 1218 858 Pyl.
1254 811 1344 848 aad.
1363 830 1416 835 ——
1439 812 1557 848 1200.

102 876 194 914 Post
228 879 260 914 te
291 877 435 913 hiatur.
468 888 505 915 es
539 877 627 914 add.
661 877 720 913 ed.
755 890 813 926 pr.
852 896 897 901 —-
937 878 1055 914 1201.
1091 878 1134 915 R.
1167 878 1246 915 ed.:
1299 879 1421 924 „Item
1455 880 1562 916 illinc

101 958 172 994 ego
202 949 241 982 te
274 944 487 992 lil›e1·ab0“,
521 959 572 983 sc.
604 958 650 982 ex
683 945 955 983 Philocomasii
987 947 1164 993 servitio,
1198 947 1333 985 Goetz.
1357 960 1442 984 cum
1478 948 1559 985 ΒΜ

105 1013 180 1057 „Et
219 1015 372 1063 quidem
414 1027 485 1062 ego
525 1019 563 1050 te
595 1014 670 1059 1.‘·‚
705 1027 777 1063 ego
808 1013 998 1062 Equidem
1027 1026 1105 1062 eqo.
1139 1016 1186 1052 cf.
1222 1015 1320 1052 Rud.
1361 1017 1478 1053 1064.
1513 1017 1561 1053 ad

100 1082 241 1132 Amph.
277 1084 369 1119 757.
419 1082 631 1128 promittit,
663 1096 702 1118 se
734 1096 820 1119 eum
854 1084 890 1119 in
924 1084 1147 1120 libertatem
1181 1084 1490 1134 redempturum,
1525 1098 1559 1120 v.

106 1151 210 1189 1207
251 1157 287 1187 et
340 1152 456 1189 1355.
497 1171 539 1175 —
576 1153 610 1188 se?
643 1162 790 1198 possem
832 1152 1045 1199 Aciduhus,
1093 1153 1138 1189 cf.
1187 1152 1319 1190 Madv.
1362 1154 1428 1190 Gr.
1474 1153 1558 1190 Lat.

102 1222 179 1258 451
229 1219 266 1256 d.
313 1219 409 1257 Cist.
463 1221 552 1257 181.
586 1239 639 1244 —
676 1220 794 1257 1202.
835 1222 882 1257 ut
916 1219 1038 1258 abiret
1073 1220 1179 1258 Cam.
1240 1232 1310 1259 nec
1356 1221 1466 1259 Acid.
1511 1242 1561 1247 —

106 1289 224 1326 1203.
271 1289 466 1336 oppressit,
515 1289 695 1337 pervicit,
742 1287 788 1325 cf.
831 1288 950 1326 Mero.
996 1291 1087 1327 585.
1128 1290 1205 1327 Cic.
1247 1289 1461 1337 Verr.111‚
1497 1293 1559 1336 58,

105 1358 203 1395 135:
254 1356 439 1402 „Iustitit‚
473 1357 681 1406 oppressit,
714 1370 792 1393 non
826 1358 1017 1395 remisit“’.
1050 1377 1105 1383 —-
1137 1358 1238 1396 Deos
1261 1359 1420 1406 sperabo
1446 1362 1563 1407 teque,

102 1425 150 1463 cf.
183 1425 267 1463 Cas.
304 1425 404 1462 325:
470 1425 597 1465 ..Deos
637 1424 925 1474 sperabimus“.
988 1425 1082 1464 Cist.
1116 1428 1217 1464 430:
1284 1427 1412 1466 ..Deos
1443 1432 1562 1476 teque

103 1492 257 1544 spero“.
319 1493 406 1531 Ter.
453 1493 551 1530 Eun.
603 1494 693 1531 195.
757 1493 900 1531 Locum
950 1494 1063 1531 affert
1108 1494 1267 1533 Servius
1309 1496 1357 1531 ad
1398 1497 1489 1534 AEn.
1534 1498 1561 1540 Ι,

106 1564 197 1602 543.
237 1583 289 1588 —
334 1564 438 1600 1203
479 1576 537 1612 sq.
578 1565 702 1600 lamen
740 1563 819 1608 etsi,
861 1563 906 1600 cf.
948 1563 994 1599 ad
1036 1562 1152 1600 Most.
1200 1565 1318 1602 1147.
1356 1584 1403 1589 —
1443 1566 1561 1603 1204.

104 1634 205 1681 quia,
238 1634 263 1670 i.
297 1648 329 1670 e.
362 1631 480 1680 quod,
515 1646 549 1668 v.
583 1632 630 1668 ad
648 1632 758 1668 Asin.
787 1630 851 1668 55.
886 1651 940 1656 -
977 1633 1094 1670 1205.
1128 1644 1251 1680 quom,
1284 1646 1317 1670 v.
1352 1634 1400 1670 ad
1419 1634 1562 1683 Amph.

105 1701 199 1739 636.
233 1721 283 1726 ——
319 1701 444 1750 Vulgo
476 1713 562 1738 cum
593 1699 697 1737 Cam.
729 1705 768 1737 et
800 1700 944 1738 Guieto
984 1701 1124 1738 edunt:
1166 1713 1210 1739 ex
1239 1703 1387 1740 uirtute
1415 1702 1564 1747 formae

106 1771 146 1809 id
176 1771 313 1813 euenit.
347 1770 392 1807 cf.
426 1769 545 1806 Most.
583 1770 680 1807 169:
745 1768 929 1815 „Uirtute
968 1770 1116 1807 formae
1157 1770 1195 1807 id
1241 1772 1386 1816 euenit,
1433 1777 1472 1808 te
1521 1777 1563 1809 ut

105 1839 242 1877 deceat
279 1838 473 1888 quidquid
504 1836 688 1875 habeas“.
751 1837 825 1875 Sed
859 1838 990 1875 hiatus
1022 1838 1190 1876 fortasse
1222 1839 1316 1875 ferri
1349 1844 1494 1888 potest,
1529 1854 1563 1877 v.

104 1907 236 1946 Below
267 1907 315 1944 de
345 1906 457 1944 hiatu
488 1919 525 1956 p.
559 1907 623 1943 61.
658 1905 793 1943 Goetz.
826 1919 911 1943 cum
945 1906 1160 1954 Seyfferto:
1204 1921 1276 1953 „ex
1308 1909 1457 1945 uirtute
1490 1909 1564 1946 for-

105 1989 244 2026 maque
291 1976 462 2013 euenit&
498 1994 546 2000 —-
587 1975 706 2012 1206.
753 1974 827 2012 hac
863 1975 1000 2013 uicina
1045 1978 1085 2012 et
1130 1975 1197 2013 cibe·
1241 1976 1345 2013 Fest.
1389 1989 1427 2025 p.
1463 1978 1564 2014 305:

109 2042 294 2095 „(Super)
325 2045 485 2093 ponitur
516 2044 635 2080 etiam
669 2056 742 2092 pro
774 2044 822 2080 de
855 2042 972 2080 cett.“
1021 2054 1149 2091 super.
1183 2056 1218 2082 v.
1244 2050 1325 2082 not.
1352 2046 1400 2082 ad
1427 2045 1564 2083 Bacch.

108 2114 199 2160 363,
229 2113 319 2150 add.
353 2112 492 2162 Amph.
529 2113 594 2150 58.
642 2112 731 2150 Aul.
764 2113 856 2150 675.
908 2111 1046 2149 Bacch.
1083 2113 1173 2149 193.
1210 2113 1301 2150 560.
1335 2114 1428 2151 605.
1475 2112 1563 2150 Cas.

108 2182 199 2220 234.
262 2181 356 2219 Cist.
406 2181 500 2218 493.
533 2200 586 2205 —
623 2181 742 2218 1207.
787 2179 889 2228 Quid
926 2191 1025 2228 opus
1068 2181 1224 2218 uerbis?
1269 2194 1346 2218 non
1397 2180 1561 2231 „opust‘²

108 2249 232 2293 codd.,
265 2257 308 2287 ut
340 2250 481 2287 solent.
516 2269 567 2274 —
604 2250 724 2286 1208.
758 2249 931 2286 Reddam
961 2250 1210 2296 inpetratum,
1244 2251 1289 2286 cf.
1324 2249 1434 2299 Capt.
1472 2251 1565 2288 344.

106 2337 158 2344 —
189 2318 245 2356 At
287 2319 432 2356 modice
476 2318 577 2356 decet
622 2317 727 2355 Cam.
762 2336 815 2342 —
852 2317 971 2354 1209.
1011 2318 1097 2365 ipsa
1134 2317 1213 2361 Bu,
1261 2317 1307 2354 cf.
1352 2317 1435 2355 Cas.
1475 2320 1565 2356 159.

108 2387 224 2425 Most.
257 2386 350 2425 673.
386 2387 491 2424 Pers.
526 2388 619 2425 540.
652 2385 752 2423 Rud.
788 2386 880 2423 652.
913 2385 1000 2422 Ter.
1037 2385 1135 2423 Eun.
1170 2387 1234 2422 79.

222 2456 341 2493 1210.
390 2454 618 2492 Meretrices
665 2459 853 2491 exeuntes
899 2454 1110 2491 hortantur
1150 2451 1252 2491 inter
1292 2467 1332 2491 se
1369 2460 1412 2490 ut
1451 2454 1566 2491 militi

107 2523 268 2560 insidias
300 2528 454 2572 parent.
502 2523 625 2560 Scena
658 2536 676 2558 a
713 2535 745 2559 v.
785 2523 890 2559 1212
923 2522 970 2559 ad
1002 2523 1108 2559 1277
1135 2523 1372 2571 septenariis
1391 2522 1566 2560 iambicis

107 2592 256 2642 scripta
286 2597 357 2637 est,
391 2592 460 2629 sed
499 2591 639 2640 incipit
679 2591 726 2627 ab
758 2590 926 2628 iambico
957 2591 1148 2636 dimetr03
1196 2603 1282 2627 nam
1317 2603 1388 2639 pro
1421 2592 1566 2641 spuriis

109 2659 299 2698 eiicienda
330 2666 389 2698 est
419 2661 585 2709 primum
619 2658 745 2696 altera
776 2672 870 2708 pars
901 2671 1037 2696 versus
1073 2660 1191 2698 1210.
1231 2671 1317 2708 quae
1349 2671 1565 2696 sermonem

109 2727 238 2774 habet,
270 2729 423 2778 qualem
455 2731 521 2765 vix
553 2729 761 2776 quisquam
794 2726 935 2764 Plauto
966 2728 1178 2776 imputabit
1209 2726 1273 2770 (R.
1310 2725 1383 2770 ..ad
1415 2727 1566 2763 laeuam

109 2795 319 2834 uidedum“
363 2798 532 2845 scripsit,
577 2796 690 2832 Ribh.
735 2794 874 2839 „Haud
914 2793 1088 2841 uideo“),
1122 2800 1203 2832 tum
1234 2799 1342 2832 totus
1373 2807 1407 2831 v.
1447 2796 1565 2841 1211,
