1963 3243
314 219 394 258 220
950 213 1162 249 Pseudolus.

312 345 436 382 minas
475 343 640 381 reddere
681 344 846 392 cogitur.
921 343 1016 380 Tum
1058 341 1274 379 Pseudolus
1320 355 1367 378 ex
1412 342 1592 379 convivio
1631 341 1803 380 Calidori

314 412 443 449 ebrius
473 412 588 457 redit,
621 415 666 448 ut
697 425 719 448 a
746 410 900 448 Simone
930 409 1024 446 hero
1055 409 1198 456 viginti
1223 410 1345 447 minas
1372 408 1444 446 sibi
1467 411 1679 458 promissas
1705 411 1803 447 acci-

311 481 409 530 piat.
483 479 564 517 Nec
594 480 627 516 is
665 477 827 516 infitiari
865 477 1002 523 audet,
1050 476 1117 514 sed
1157 478 1359 515 summisse
1398 481 1607 527 precatur,
1653 481 1698 515 ut
1728 477 1804 515 sibi

313 548 447 597 aliqua
484 548 620 585 saltem
661 560 753 596 pars
793 546 967 595 pecuniae
1006 544 1205 582 reddatur.
1286 544 1338 582 Et
1368 557 1502 581 servus
1535 544 1711 594 quidem,
1757 558 1805 583 ne

313 617 353 652 in
384 620 586 665 posterum
624 614 698 651 sibi
736 626 861 663 poena
898 613 1142 662 impendeat,
1188 626 1264 649 non
1296 616 1544 662 aspernatur,
1593 625 1638 648 ea
1673 616 1806 650 tamen

258 674 267 683 ”
313 683 554 728 condicione,
587 686 633 719 ut
662 695 778 718 senex
809 694 849 717 se
880 682 920 718 in
952 681 1173 717 convivium
1205 684 1394 730 sequatur
1418 684 1457 717 et
1480 693 1565 717 cum
1591 678 1673 717 filio
1704 684 1805 717 cete-

314 753 442 800 risque
473 754 596 800 potet.

426 817 576 854 Fabula
615 821 673 854 est
712 820 750 853 et
788 817 931 853 festiva
962 815 1170 852 admodum
1203 819 1242 852 et
1274 818 1423 866 optime
1453 818 1616 855 morata.
1678 814 1805 852 Confi·

315 886 486 923 dentiam
527 886 629 922 servi
670 884 804 921 callidi
844 897 930 921 cum
967 883 1169 920 hilaritate
1210 885 1476 929 coniunctam,
1519 883 1806 932 turpitudinem

313 954 465 991 lenonis
504 952 728 990 certissimis
767 955 805 988 et
843 951 1079 988 foedissimis
1112 951 1308 988 coloribus
1340 951 1596 999 descriptam,
1638 963 1808 988 amorem

313 1021 454 1071 puellae
501 1026 540 1058 et
579 1021 857 1065 adolescentis,
905 1020 1113 1056 avaritiam
1160 1021 1282 1065 senis,
1330 1019 1622 1068 simplicitatem
1667 1019 1808 1057 caculae

314 1090 468 1138 aliaque
500 1090 623 1125 multa
663 1090 729 1125 vix
767 1090 861 1124 satis
901 1087 1145 1133 laudaveris,
1193 1090 1238 1124 ut
1274 1087 1416 1123 merito
1446 1086 1664 1124 Pseudolus
1705 1087 1809 1123 inter

314 1158 656 1206 praestantissimas
693 1156 826 1193 Plauti
863 1155 1084 1192 comoedias
1129 1168 1282 1204 semper
1330 1154 1465 1192 habita
1513 1156 1564 1192 sit
1615 1154 1808 1203 vulgoque

314 1226 491 1262 omnibus
523 1228 616 1262 nota
647 1224 777 1261 fuerit.
827 1223 954 1261 Notus
981 1227 1041 1260 est
1066 1223 1263 1260 Ciceronis
1288 1223 1398 1260 locus
1422 1222 1506 1260 Cat.
1533 1222 1625 1260 Mai.
1648 1223 1709 1268 14,
1738 1222 1807 1260 50:

319 1292 466 1339 „Quam
506 1292 702 1341 gaudebat
739 1292 842 1328 bello
881 1304 951 1328 suo
991 1291 1138 1328 Punico
1186 1290 1363 1336 Naevius,
1410 1304 1526 1340 quam
1574 1290 1809 1328 Truculento

874 1356 907 1397 !“
970 1358 1097 1395 Notus
1129 1359 1247 1395 etiam
1282 1359 1380 1395 alter
1409 1359 1529 1405 locus,
1561 1358 1630 1395 ubi
1659 1358 1809 1395 lenonis

313 1361 491 1406 Plautus,
524 1373 639 1409 quam
667 1360 862 1397 Pseudolo

313 1441 502 1478 persona,
559 1429 598 1464 in
648 1440 724 1477 qua
771 1427 921 1476 agenda
969 1427 1135 1464 Roscius
1183 1426 1250 1462 ille
1291 1426 1524 1473 excellebat,
1572 1426 1810 1464 describitur

314 1498 425 1546 eique
468 1496 688 1533 simillimus
729 1508 811 1532 esse
852 1495 995 1531 dicitur
1035 1498 1240 1531 accusator
1279 1494 1457 1541 Chaerea,
1505 1494 1584 1532 Cic.
1623 1507 1663 1544 p.
1695 1494 1808 1531 Rosc.

314 1578 409 1601 com.
445 1567 479 1610 7,
515 1565 584 1601 20:
648 1563 810 1610 „Nonne
858 1564 987 1613 ipsum
1034 1566 1152 1612 caput
1199 1566 1238 1599 et
1283 1563 1494 1612 supercilia
1540 1562 1608 1600 illa
1650 1563 1805 1611 penitus

311 1633 453 1670 abrasa
485 1633 591 1670 olere
621 1632 812 1669 malitiam
845 1635 885 1669 et
917 1632 1117 1668 clamitare
1142 1630 1400 1668 calliditatem
1424 1629 1637 1668 videntur?
1669 1629 1818 1667 Nonne-

315 1701 362 1738 ab
394 1702 482 1738 imis
512 1699 710 1749 unguibus
741 1712 865 1748 usque
897 1698 946 1735 ad
975 1700 1162 1736 verticem
1194 1712 1398 1744 summum,
1441 1701 1474 1735 si
1505 1712 1622 1748 quam
1655 1699 1802 1735 coniec-

312 1774 440 1806 turam
472 1768 584 1805 affert
615 1762 982 1829 hominibusgtacita
1008 1768 1182 1816 corporis
1206 1765 1344 1814 figura,
1378 1780 1424 1803 ex
1447 1767 1598 1811 fraude,
1630 1765 1805 1812 fallaciis,

312 1836 524 1874 mendaciis
556 1840 734 1873 constare
765 1839 873 1871 totus
905 1833 1087 1871 videtur?
1135 1836 1202 1883 qui
1242 1834 1389 1872 idcirco
1430 1835 1557 1884 capite
1596 1838 1636 1870 et
1666 1845 1803 1883 super-

314 1905 414 1942 ciliis
446 1917 600 1953 semper
631 1909 691 1940 est
721 1904 832 1949 rasis,
864 1916 912 1940 ne
943 1903 1065 1939 ullum
1097 1903 1220 1952 pilum
1251 1903 1327 1940 viri
1354 1902 1444 1939 boni
1468 1902 1612 1940 habere
1638 1901 1802 1939 dicatur.

313 1972 434 2010 Cuius
474 1985 681 2022 personam
720 1971 908 2021 praeclare
947 1970 1109 2008 Roscius
1148 1971 1187 2007 in
1227 1983 1342 2007 scena
1381 1974 1554 2008 tractare
1587 1970 1804 2016 consuevit,

314 2054 438 2090 neque
468 2045 602 2077 tamen
642 2052 714 2089 pro
752 2038 941 2076 beneficio
981 2039 1015 2075 ei
1053 2051 1125 2087 par
1164 2039 1292 2087 gratia
1332 2039 1522 2086 refertur3
1565 2051 1655 2075 nam
1686 2036 1806 2074 Balli-

314 2121 426 2146 onem
460 2108 567 2145 illum
600 2109 934 2157 improbissimum
963 2110 1001 2143 et
1026 2106 1337 2156 periurissimum
1363 2106 1542 2142 lenonem
1570 2118 1689 2155 quum
1713 2105 1805 2154 agit,

315 2178 397 2225 agit
428 2176 646 2221 Chaeream3
693 2188 861 2224 persona
890 2174 959 2212 illa
989 2174 1206 2222 lutulenta,
1246 2175 1420 2223 impura,
1460 2175 1586 2212 invisa
1623 2175 1663 2212 in
1693 2173 1807 2210 huius

316 2245 503 2292 moribus,
535 2248 677 2281 natura
700 2245 858 2292 vitaque
878 2247 935 2280 est
952 2241 1174 2291 exp1·essa.“
1225 2241 1281 2279 Cf.
1300 2242 1394 2279 ibid.
1417 2243 1478 2288 17,
1500 2244 1563 2280 50.
1598 2241 1739 2290 Philip.
1756 2238 1806 2286 Π,

317 2314 351 2359 6,
389 2315 463 2351 15:
530 2311 681 2358 „Hodie
713 2325 791 2349 non
823 2311 1026 2348 descendit
1055 2311 1262 2347 Antonine.
1339 2308 1443 2346 Cur?
1518 2309 1596 2346 Dat
1627 2308 1808 2346 natalicia
1855 2312 1861 2318 '

315 2383 355 2418 in
395 2380 534 2418 hortis.
603 2377 700 2417 Cui?
760 2378 962 2416 Neminem
994 2378 1223 2424 nominab03
1269 2382 1409 2427 putate
1454 2382 1536 2414 tum
1584 2376 1808 2414 Phormioni

318 2449 452 2493 alicui,
487 2453 571 2484 tum
604 2446 816 2493 Gnathoni,
848 2450 931 2484 tum
965 2447 1081 2483 etiam
1113 2444 1319 2484 Ballioni.“

431 2515 589 2553 Graecus
637 2519 765 2551 autem
813 2515 879 2563 qui
923 2515 1071 2565 primus
1113 2515 1196 2551 eius
1235 2517 1371 2550 auctor
1409 2513 1545 2558 fuerit,
1592 2513 1806 2561 ignoratur.

317 2583 434 2620 Plura
466 2588 505 2620 et
536 2584 703 2620 certiora
728 2587 964 2629 constarent,
998 2583 1030 2618 si
1057 2583 1210 2629 integra
1234 2585 1408 2618 exstaret
1434 2576 1667 2625 didascalia,
1700 2581 1808 2616 cuius

317 2653 479 2688 extremi
513 2652 589 2688 duo
622 2664 758 2688 versus
791 2652 828 2687 in
859 2650 893 2687 A
925 2651 1015 2687 lecti
1048 2655 1150 2696 sunt,
1185 2656 1302 2699 atque
1334 2649 1431 2686 adeo
1461 2661 1579 2697 quum
1611 2647 1710 2684 alter
1740 2645 1808 2683 ali·

318 2724 511 2767 quatenus
537 2719 746 2768 legeretur,
767 2718 931 2755 alterum
952 2719 1081 2766 sagaci
1107 2719 1330 2754 coniectura
1353 2716 1552 2765 supplevit
1577 2713 1809 2752 Ritschelius

319 2786 477 2833 Parerg.
511 2800 548 2835 p.
584 2787 662 2823 280
695 2799 780 2834 sqq.
857 2785 969 2822 Hunc
1008 2786 1040 2821 si
1080 2787 1298 2834 sequimur,
1347 2783 1427 2820 haec
1467 2782 1600 2820 fabula
1638 2785 1724 2819 acta
1753 2781 1811 2817 est
