1963 3243
373 161 427 202 70
1033 157 1156 192 Plauti
1539 157 1607 196 ΙΙΙ
1633 159 1665 200 2,
1689 159 1823 193 47-59

374 284 551 336 Fugiam
571 267 715 324 hercle
734 283 880 337 aliquo
899 288 1032 336 atque
1049 282 1157 323 hoc
1147 296 1189 322 1n
1209 281 1318 323 diem
1336 282 1542 324 extollam
1561 282 1729 324 malum.
1755 295 1823 328 860

371 354 436 396 Ne
469 354 667 396 dixeritis
700 354 878 396 obsecro
908 354 1009 395 huic
1039 357 1233 395 nostram
1261 353 1402 394 fidem.

950 489 1253 531 Palaestrio

374 547 466 598 Quo
496 551 540 588 te
572 545 695 600 agis?

998 648 1190 689 Lucrio
1714 694 1716 696 v

757 719 920 762 Missus
953 734 1047 761 sum
1077 719 1238 771 aliqum
1271 719 1356 759 iam
1388 719 1472 760 huc
1503 734 1723 762 reuenero

942 854 1253 896 Palaestrio

376 912 480 963 Quis
511 913 658 954 misit?

997 1014 1031 1055 L
1041 1028 1069 1055 u
1079 1028 1100 1055 c
1112 1014 1190 1055 rio

701 1086 1080 1128 Philocomasium.

943 1222 1252 1264 Palaestrio

1119 1293 1223 1346 Abi;
1255 1298 1454 1337 actutum
1484 1296 1590 1337 redi.

998 1431 1190 1473 Lucrio

375 1502 546 1553 Quaeso
577 1508 733 1554 tamen,
766 1508 814 1544 tu
846 1517 985 1545 meam
1016 1508 1198 1558 partem,
1230 1503 1510 1546 infortunium

375 1574 418 1616 Si
451 1575 682 1625 diuidetur,
715 1589 781 1616 me
813 1575 992 1618 absente
1025 1576 1210 1629 accipito
1241 1580 1399 1617 tamen.

943 1713 1254 1760 Palaestrio

373 1783 503 1825 Modo
536 1784 742 1835 intellexi,
775 1799 904 1839 quam
937 1799 1025 1826 rem
1058 1785 1212 1826 mulier
1243 1787 1446 1839 gesserit:

374 1855 485 1905 Quia
515 1856 742 1898 Sceledrus
776 1857 946 1908 dormit,
977 1857 1090 1900 hunc
1123 1858 1429 1900 subcustodem
1461 1873 1585 1900 suum

374 1927 509 1969 Foras
540 1928 770 1982 ablegauit,
803 1929 902 1970 dum
936 1930 989 1971 ab
1023 1944 1067 1971 se
1099 1930 1182 1972 huc
1211 1931 1437 1982 transiret3
1469 1930 1638 1984 placet]

374 1999 457 2040 Sed
491 1999 866 2054 Periplecomenus
899 2015 1028 2056 quam
1060 2003 1098 2043 ei
1131 2002 1333 2043 mandaui
1364 2003 1583 2044 mulierem

374 2071 510 2113 Nimis
527 2072 674 2126 lepida
689 2072 830 2114 forma
848 2073 978 2115 ducit.
1027 2073 1079 2115 Di
1105 2074 1248 2115 hercle
1273 2074 1386 2116 hanc
1403 2088 1491 2116 rem
1510 2075 1732 2116 adiuuant.
1757 2087 1824 2120 870

373 2143 511 2193 Quam
544 2144 672 2198 digne
703 2151 858 2187 ornata
887 2145 1063 2195 incedit,
1094 2145 1210 2187 haud
1244 2147 1497 2188 meretricie.

373 2216 534 2270 Lepide
564 2216 646 2258 hoc
677 2217 874 2258 succedit
903 2217 981 2258 sub
1012 2232 1164 2259 manus
1189 2219 1419 2271 negotium.

465 2399 532 2433 860
557 2399 616 2433 die
642 2398 797 2433 extollat
871 2399 934 2432 861
962 2403 1089 2433 nostra
1164 2400 1231 2434 862
1256 2399 1360 2443 Quod
1384 2404 1424 2434 tu
1447 2399 1493 2443 B,
1521 2399 1616 2443 Quot
1643 2404 1682 2434 tu
1709 2399 1738 2434 Ο

375 2455 445 2489 alio
526 2455 585 2489 ian
613 2455 643 2490 O
717 2456 785 2489 864
808 2456 1024 2490 infortinum
1107 2457 1173 2491 865
1199 2456 1236 2490 Si
1262 2456 1299 2490 id
1324 2456 1470 2491 uidetur
1494 2455 1529 2490 B
1611 2457 1676 2490 866
1702 2468 1773 2500 qua
1800 2455 1828 2491 G

465 2513 531 2546 867
556 2512 628 2546 huc
729 2513 796 2547 868
821 2512 926 2547 Foris
1028 2525 1048 2547 a
1073 2513 1159 2547 dum
1185 2514 1230 2548 ab
1256 2512 1291 2547 B
1392 2513 1547 2547 transire
1639 2514 1705 2547 869
1731 2514 1824 2557 peri-

376 2569 630 2612 plectomenus
735 2569 803 2602 870
828 2568 982 2603 adiuuat
1006 2569 1050 2610 B,
1085 2576 1122 2604 at
1153 2571 1255 2604 uiuat
1281 2569 1311 2604 C'
1407 2571 1470 2603 871
1506 2564 1587 2604 aut'
1670 2571 1736 2604 872
1761 2582 1824 2604 ne-

376 2625 526 2669 gotium.
576 2625 912 2670 Periplectomenus
938 2626 1182 2671 milphidippa
1207 2626 1475 2661 acrotelantum
1502 2627 1632 2670 palent.

1529 0 1963 1110 i
