1963 3243
334 237 411 276 132
1007 238 1126 274 Plauti
1520 237 1547 282 I,
1573 238 1603 280 2,
1633 239 1804 272 134—-141

956 364 1014 405 M
1017 365 1032 404 z·
1042 364 1056 405 l
1056 364 1150 416 phi
1162 377 1183 404 o

330 430 493 472 Bellule
525 430 680 474 hercle.

876 513 1254 565 Aqorastocles

721 583 742 624 I
772 583 958 626 dierecte
989 586 1032 626 in
1065 599 1309 627 maxumam
1339 584 1496 626 malam
1527 584 1714 626 crucem!
1742 596 1808 629 344

952 679 1008 720 M
1011 679 1027 719 i
1036 679 1050 720 l
1049 693 1084 731 p
1093 680 1145 721 hi
1155 693 1176 720 o

331 745 467 796 Quam
484 748 616 800 magis
633 748 853 802 adspeoto,
879 754 970 792 tam
988 752 1124 803 magis
1142 756 1208 792 est
1223 750 1420 792 nimbata
1436 754 1480 791 et
1494 764 1633 804 nugae
1650 763 1805 792 merae.

874 851 1255 903 Adelphasium

330 919 536 973 Segrega&
566 935 823 973 sermonem3
855 923 1025 974 taedet;
1057 938 1146 976 age,
1179 924 1357 966 sustolle
1388 923 1470 964 hoc
1501 923 1742 965 amiculum.

327 991 442 1033 Pura
473 1006 586 1044 sum3
619 1006 856 1047 comperce5
888 994 1055 1045 amabo,
1086 1008 1152 1035 me
1184 995 1440 1045 adtrectare,
1472 994 1789 1047 Agorastocles.

878 1085 1253 1137 Ayorastocles

331 1151 444 1201 Quid
479 1167 603 1207 agam
633 1155 774 1197 nunc?

875 1235 1259 1286 Adelphasium

668 1305 711 1347 Si
743 1307 898 1359 sapias,
933 1320 1080 1348 curam
1110 1306 1221 1348 hano
1251 1306 1393 1349 facere
1426 1306 1638 1360 conpendi
1669 1311 1803 1361 potes.

877 1401 1253 1454 Ayorastocles

326 1468 466 1519 Quid?
498 1484 574 1523 ego
606 1484 692 1513 non
723 1475 766 1513 te
798 1473 973 1514 curem?
1000 1534 1004 1540 .
1035 1472 1148 1522 Quid
1179 1474 1256 1523 ais,
1289 1472 1499 1526 Milphio?

947 1567 1179 1619 Milphio

1774 1556 1782 1575 Ι

1333 1638 1444 1680 Ecce
1475 1638 1620 1680 odium
1649 1651 1818 1679 meum..

325 1706 436 1756 Quid
468 1721 534 1748 me
566 1708 659 1749 uis?

871 1781 1250 1835 Ayorastocles

582 1848 668 1892 Cur
697 1852 801 1897 mihi
832 1852 940 1894 haec
970 1855 1085 1895 irata
1116 1854 1212 1896 est?

949 1948 1178 2001 Milphio

1121 2018 1206 2061 Cur
1237 2019 1316 2061 tibi
1347 2018 1454 2060 haec
1485 2020 1599 2060 irata
1629 2017 1713 2059 sit‘?
1738 2029 1804 2062 350

324 2086 409 2128 Cur
433 2101 510 2140 ego
536 2088 578 2129 id
606 2090 777 2131 curem?
811 2093 853 2131 tu
881 2094 930 2132 ut
957 2091 1032 2141 sis,
1065 2092 1201 2133 istaec
1232 2092 1366 2144 magis
1399 2104 1495 2132 mea
1525 2094 1591 2131 est
1623 2090 1801 2131 curatio.

412 2235 479 2268 344
503 2235 647 2269 Bellula
720 2236 971 2270 immaximam
994 2235 1030 2272 Β
1099 2238 1165 2272 345
1190 2237 1345 2272 ninbata
1368 2236 1402 2270 B
1474 2236 1540 2270 346
1566 2234 1728 2280 Segrega

323 2290 472 2325 taedaet
495 2290 531 2326 Β
676 2292 889 2326 amicultum
917 2292 946 2327 Ο
1075 2295 1141 2328 347
1166 2297 1356 2338 comperta
1382 2293 1410 2328 C
1544 2295 1743 2326 attractare
1768 2291 1803 2326 A

321 2348 387 2382 348
411 2349 535 2391 potest
611 2349 676 2383 349
700 2347 794 2391 Quid
819 2359 887 2391 ego
912 2361 1009 2384 nune
1035 2353 1070 2384 te
1095 2361 1218 2384 curem
1244 2350 1332 2395 quid
1359 2360 1459 2394 agas,
1487 2347 1645 2391 Milphio
1671 2351 1730 2382 cet.
1757 2346 1801 2390 B,

321 2405 374 2438 sic
399 2408 515 2439 autem
541 2403 582 2439 C:
619 2404 713 2448 Quid
738 2415 805 2449 ego
831 2417 928 2440 nunc
955 2411 991 2441 te
1016 2417 1140 2441 curem
1165 2419 1277 2451 namq
1301 2407 1404 2441 istaec
1429 2405 1544 2449 magis
1564 2415 1645 2439 mea
1664 2407 1721 2439 est
1741 2415 1801 2438 cu·

321 2460 435 2504 ratio3
459 2461 520 2496 sed
545 2462 713 2505 apposito
735 2462 840 2505 siano
865 2463 905 2496 in
933 2463 1008 2496 ima
1027 2465 1171 2507 payc'na
1195 2463 1392 2498 addantur:

412 2515 507 2559 Quid
530 2529 608 2551 me.
626 2517 680 2551 uis
773 2528 838 2551 cur
862 2518 953 2552 mihi
977 2519 1045 2554 hec
1069 2521 1164 2554 irata
1189 2526 1245 2555 est
1270 2531 1335 2554 cur
1360 2519 1427 2554 hec
1454 2518 1543 2552 mihi
1568 2518 1664 2552 irata
1688 2521 1746 2552 est

412 2573 482 2607 Cur
509 2585 575 2618 ego
602 2573 640 2608 id
664 2584 787 2608 eurem
813 2574 935 2618 namq’
960 2575 1064 2609 istaec
1091 2577 1206 2619 magis
1232 2588 1313 2610 mea
1338 2578 1392 2609 est
1417 2573 1587 2609 curatio?

320 2630 407 2664 Post
430 2631 495 2664 349
519 2630 570 2665 B:
609 2629 805 2674 Postquam
833 2642 965 2664 aurora
990 2632 1130 2676 mluxit,
1157 2644 1354 2677 numquam
1381 2631 1685 2665 eoncessauimus.
1742 2629 1801 2665 Se·

321 2691 481 2729 quantur
503 2681 700 2729 2184281,
726 2691 799 2721 tum

409 2743 619 2778 Exomatae
645 2743 755 2777 simus
850 2743 964 2778 Immo
988 2756 1073 2779 uero
1099 2757 1185 2779 sane
1211 2743 1404 2778 commode
1498 2742 1588 2786 Quid
1615 2754 1673 2777 me
1699 2743 1755 2777 uis

411 2799 485 2842 Qur
509 2800 598 2834 mihi
624 2799 712 2834 haee
739 2800 833 2833 irata
854 2803 910 2834 est
980 2814 1047 2847 qux·
1068 2801 1157 2836 haee
1179 2803 1275 2835 irata
1296 2803 1352 2834 est
1374 2800 1469 2834 tibi?
1542 2804 1615 2834 tum
1637 2801 1699 2834 351
1721 2797 1804 2834 utG'
