1963 3243
324 176 379 214 44
992 172 1117 209 Plauti
1534 171 1581 214 Π,
1606 174 1639 215 6,
1664 174 1774 208 7—21

324 296 463 339 Uicini
492 302 643 339 rentur
673 312 767 340 esse
799 300 914 340 serui
945 298 1111 349 militis3

324 368 392 410 Ita
423 383 490 410 me
520 368 758 411 ludificant.
819 370 1015 411 Meamne
1046 369 1116 410 hic
1146 370 1189 411 in
1220 371 1292 411 uia
1323 369 1556 422 hospitam,
1709 381 1794 414 490,

326 439 446 489 Quae
477 441 571 482 heri
600 440 684 482 huc
716 441 894 483 Athenis
926 454 1020 482 cum
1052 439 1225 494 hospite
1255 440 1435 482 aduenit
1466 454 1573 491 meo,

325 511 574 552 Tractatam
606 516 649 553 et
679 511 957 562 ludificatam,
989 513 1219 565 ingenuam
1252 517 1295 554 et
1325 512 1538 554 liberam?

909 613 1196 656 Sceledrus

326 684 437 725 Perii
470 683 636 736 hercle3
668 685 737 726 hic
766 674 823 727 ad
855 699 921 726 me
951 690 1075 727 recta
1104 685 1238 727 habet
1267 689 1434 727 rectam
1464 686 1591 727 uiam.

326 755 470 798 Metuo
501 756 629 798 illaec
659 757 763 798 mihi
794 771 864 798 res
895 771 948 799 ne
978 758 1093 798 malo
1125 770 1280 810 magno
1311 757 1414 807 fuat,

327 826 543 875 Quantum
574 828 688 869 hunc
719 829 868 870 audiui
899 828 1043 870 facere
1075 829 1306 870 uerborum
1338 842 1496 870 senem.
1712 842 1779 876 495

814 930 1283 984 Periplecomenus

327 1001 540 1043 Accedam
572 1002 627 1044 ad
659 1002 885 1044 hominem.
948 1003 1040 1045 Tun
1065 1003 1263 1045 Sceledre
1288 1003 1368 1053 hic,
1401 1003 1610 1045 scelerum
1637 1008 1779 1058 caput,

326 1073 467 1115 Meam
499 1073 779 1116 ludifioauisti
811 1075 1025 1129 hospitam
1059 1080 1158 1116 ante
1191 1075 1310 1116 aedis
1345 1075 1499 1117 modo?
1548 1094 1554 1097 ·

913 1176 1196 1219 Sceledrus

327 1247 490 1300 Uicine,
522 1248 720 1290 ausculta
751 1263 926 1303 quaeso.

813 1351 1292 1405 Periplecomenus

990 1423 1083 1478 Ego
1115 1424 1354 1466 auscultem
1385 1423 1493 1465 tibi?

912 1526 1201 1569 Sceledrus

327 1597 579 1651 Expurgate
610 1598 709 1640 uolo
741 1613 821 1640 me.

815 1701 1291 1756 Periplecomenus

869 1773 962 1815 Tun
993 1779 1036 1816 te
1068 1788 1278 1828 expurges
1313 1774 1427 1825 mihi,

329 1844 411 1894 Qui
442 1845 609 1887 facinus
642 1852 809 1888 tantum
842 1852 1019 1901 tamque
1050 1847 1271 1901 indignum
1304 1846 1486 1888 feceris?
1715 1857 1783 1890 500

328 1918 391 1957 An
425 1918 527 1970 quia
558 1917 891 1970 latrocinafflni,
923 1919 1197 1960 arbitramini
1238 1975 1240 1978 y

330 1988 510 2037 Quiduis
542 1990 671 2033 licere
702 1990 846 2033 facere
877 1991 1017 2043 uobis,
1048 1991 1264 2033 uerbero‘?

913 2093 1201 2136 Sceledrus

331 2164 532 2206 Licetne?

817 2246 1292 2300 Periplecomenus

598 2319 654 2359 At
685 2319 749 2360 ita
782 2333 846 2360 me
878 2319 921 2360 di
954 2319 1148 2373 deaeque
1181 2333 1328 2361 omues
1360 2323 1518 2369 ament,

418 2442 484 2475 489
509 2446 609 2476 esset
633 2443 668 2477 Β
757 2444 826 2477 490
848 2455 1039 2478 meamane
1064 2443 1110 2484 B,
1137 2456 1194 2478 me
1217 2455 1326 2478 mane
1354 2443 1382 2478 C
1477 2444 1632 2478 inuitam
1657 2444 1703 2484 A,
1727 2444 1781 2478 in-

329 2498 406 2532 uita
430 2498 495 2532 BC
585 2500 692 2543 hospi
718 2499 764 2540 B,
787 2499 934 2543 hospita
960 2499 989 2535 Ο
1078 2503 1140 2535 491
1169 2502 1279 2546 ospiti
1304 2499 1340 2535 Β
1440 2501 1506 2535 492
1530 2499 1709 2534 Tractata
1732 2501 1778 2544 B,

329 2559 446 2590 tracta
472 2555 501 2590 Ο
590 2555 776 2591 ludificata
800 2558 961 2601 ingenua
987 2562 1022 2592 et
1046 2558 1164 2592 libera
1188 2557 1258 2593 BG
1345 2558 1411 2592 493
1435 2556 1517 2591 Peri
1543 2558 1573 2590 A
1668 2557 1780 2592 habet

330 2618 431 2647 recta
463 2614 523 2647 uia
548 2613 593 2654 B,
620 2614 698 2648 abit
730 2614 843 2649 Recta
878 2615 934 2648 uia
964 2614 993 2649 C
1080 2617 1146 2649 494
1171 2616 1232 2649 illa
1256 2615 1325 2650 hec
1349 2614 1384 2648 B
1488 2613 1552 2648 fiat.
1575 2613 1611 2648 B
1714 2616 1781 2649 495

329 2670 474 2713 Quantu
512 2669 582 2704 huc
607 2670 642 2704 Β
758 2674 824 2705 4ἱ.6
861 2672 1045 2706 Accedam
1083 2673 1128 2706 ad
1164 2673 1360 2707 hominem.
1399 2671 1472 2705 PE.
1593 2671 1712 2715 capud
1744 2670 1781 2706 B

329 2729 394 2761 497
420 2726 615 2761 ludificasti
633 2727 660 2762 C
750 2730 817 2762 499
829 2728 931 2762 Tune
947 2735 983 2763 tc
998 2728 1067 2764 ΒΟ
1156 2731 1222 2763 500
1247 2734 1438 2772 tamtamq,
1467 2728 1501 2762 B
1593 2729 1657 2762 501
1684 2729 1778 2762 arbi·

330 2783 465 2817 trauini
559 2785 625 2818 503
649 2785 799 2819 madida
823 2796 865 2819 ea
890 2785 946 2829 eq’
972 2783 1006 2819 Β
1099 2787 1218 2819 omnis
1313 2789 1410 2819 amet
1434 2784 1469 2818 B
