<?xml version="1.0" encoding="UTF-8"?>
<!DOCTYPE html PUBLIC "-//W3C//DTD XHTML 1.0 Transitional//EN"
    "http://www.w3.org/TR/xhtml1/DTD/xhtml1-transitional.dtd">
<html xmlns="http://www.w3.org/1999/xhtml" xml:lang="en" lang="en">
 <head>
  <title>
</title>
<meta http-equiv="Content-Type" content="text/html;charset=utf-8" />
  <meta name='ocr-system' content='tesseract 3.04.00' />
  <meta name='ocr-capabilities' content='ocr_page ocr_carea ocr_par ocr_line ocrx_word'/>
</head>
<body>
  <div class='ocr_page' id='page_1' title='image "./comoediaerecensu04plauuoft_0074.png"; bbox 0 0 1963 3243; ppageno 0'>
   <div class='ocr_carea' id='block_1_1' title="bbox 395 181 1850 433">
    <p class='ocr_par' dir='ltr' id='par_1_1' title="bbox 395 181 1850 433">
     <span class='ocr_line' id='line_1_1' title="bbox 396 181 1848 226; baseline 0.004 -12"><span class='ocrx_word' id='word_1_1' title='bbox 396 185 448 223; x_wconf 84' lang='grc'>68</span> <span class='ocrx_word' id='word_1_2' title='bbox 1059 181 1178 216; x_wconf 82' lang='lat' dir='ltr'>Plauti</span> <span class='ocrx_word' id='word_1_3' title='bbox 1568 182 1636 226; x_wconf 84' lang='grc' dir='ltr'>ΠΙ,</span> <span class='ocrx_word' id='word_1_4' title='bbox 1660 184 1690 226; x_wconf 86' lang='grc'>2,</span> <span class='ocrx_word' id='word_1_5' title='bbox 1717 185 1848 220; x_wconf 81' lang='grc'><strong>17-29</strong></span> 
     </span>
     <span class='ocr_line' id='line_1_2' title="bbox 1026 306 1222 348; baseline 0.005 -1"><span class='ocrx_word' id='word_1_6' title='bbox 1026 306 1097 347; x_wconf 94' lang='lat' dir='ltr'>Lu</span> <span class='ocrx_word' id='word_1_7' title='bbox 1110 307 1222 348; x_wconf 90' lang='lat' dir='ltr'>crio</span> 
     </span>
     <span class='ocr_line' id='line_1_3' title="bbox 395 376 1850 433; baseline 0.001 -15"><span class='ocrx_word' id='word_1_8' title='bbox 395 376 513 430; x_wconf 84' lang='lat' dir='ltr'>Nego</span> <span class='ocrx_word' id='word_1_9' title='bbox 545 377 688 419; x_wconf 89' lang='lat' dir='ltr'>hercle</span> <span class='ocrx_word' id='word_1_10' title='bbox 720 392 844 429; x_wconf 90' lang='lat' dir='ltr'>uero;</span> <span class='ocrx_word' id='word_1_11' title='bbox 875 392 974 419; x_wconf 85' lang='lat' dir='ltr'>nam</span> <span class='ocrx_word' id='word_1_12' title='bbox 1005 377 1078 419; x_wconf 90' lang='lat' dir='ltr'>ille</span> <span class='ocrx_word' id='word_1_13' title='bbox 1110 393 1175 420; x_wconf 92' lang='lat' dir='ltr'>me</span> <span class='ocrx_word' id='word_1_14' title='bbox 1207 379 1348 420; x_wconf 81' lang='lat' dir='ltr'>uetuit</span> <span class='ocrx_word' id='word_1_15' title='bbox 1379 378 1533 420; x_wconf 84' lang='lat' dir='ltr'>dicere.</span> <span class='ocrx_word' id='word_1_16' title='bbox 1776 393 1850 433; x_wconf 61' lang='lat'><strong>‚830</strong></span> 
     </span>
    </p>
   </div>
   <div class='ocr_carea' id='block_1_2' title="bbox 391 448 1706 575">
    <p class='ocr_par' dir='ltr' id='par_1_2' title="bbox 391 448 1706 575">
     <span class='ocr_line' id='line_1_4' title="bbox 395 448 1706 504; baseline 0.002 -14"><span class='ocrx_word' id='word_1_17' title='bbox 395 448 545 504; x_wconf 82' lang='lat' dir='ltr'>Neque</span> <span class='ocrx_word' id='word_1_18' title='bbox 577 449 776 502; x_wconf 85' lang='lat' dir='ltr'>equidem</span> <span class='ocrx_word' id='word_1_19' title='bbox 808 449 1003 491; x_wconf 83' lang='lat' dir='ltr'>heminas</span> <span class='ocrx_word' id='word_1_20' title='bbox 1035 454 1132 492; x_wconf 80' lang='lat' dir='ltr'>octo</span> <span class='ocrx_word' id='word_1_21' title='bbox 1165 450 1411 504; x_wconf 84' lang='lat' dir='ltr'>exprompsi</span> <span class='ocrx_word' id='word_1_22' title='bbox 1442 451 1486 492; x_wconf 91' lang='lat' dir='ltr'>in</span> <span class='ocrx_word' id='word_1_23' title='bbox 1516 464 1706 502; x_wconf 87' lang='lat' dir='ltr'>urceum,</span> 
     </span>
     <span class='ocr_line' id='line_1_5' title="bbox 391 520 1434 575; baseline 0.001 -13"><span class='ocrx_word' id='word_1_24' title='bbox 391 520 544 574; x_wconf 89' lang='lat' dir='ltr'>Neque</span> <span class='ocrx_word' id='word_1_25' title='bbox 576 521 667 562; x_wconf 89' lang='lat' dir='ltr'>illic</span> <span class='ocrx_word' id='word_1_26' title='bbox 698 520 887 562; x_wconf 83' lang='lat' dir='ltr'>calidum</span> <span class='ocrx_word' id='word_1_27' title='bbox 919 521 1086 563; x_wconf 80' lang='lat' dir='ltr'>exbibit</span> <span class='ocrx_word' id='word_1_28' title='bbox 1116 523 1160 563; x_wconf 90' lang='lat' dir='ltr'>in</span> <span class='ocrx_word' id='word_1_29' title='bbox 1191 522 1434 575; x_wconf 85' lang='lat' dir='ltr'>prandium.</span> 
     </span>
    </p>
   </div>
   <div class='ocr_carea' id='block_1_3' title="bbox 395 646 1277 756">
    <p class='ocr_par' dir='ltr' id='par_1_3' title="bbox 395 646 1277 756">
     <span class='ocr_line' id='line_1_6' title="bbox 962 646 1277 688; baseline 0.003 -1"><span class='ocrx_word' id='word_1_30' title='bbox 962 646 1277 688; x_wconf 76' lang='lat' dir='ltr'>Palaestrio</span> 
     </span>
     <span class='ocr_line' id='line_1_7' title="bbox 395 701 834 756; baseline -0.007 -11"><span class='ocrx_word' id='word_1_31' title='bbox 395 703 545 756; x_wconf 91' lang='lat' dir='ltr'>Neque</span> <span class='ocrx_word' id='word_1_32' title='bbox 575 705 623 743; x_wconf 78' lang='lat' dir='ltr'>tu</span> <span class='ocrx_word' id='word_1_33' title='bbox 654 701 834 743; x_wconf 78' lang='lat' dir='ltr'>bibisti?</span> 
     </span>
    </p>
   </div>
   <div class='ocr_carea' id='block_1_4' title="bbox 394 805 1466 1002">
    <p class='ocr_par' dir='ltr' id='par_1_4' title="bbox 394 805 1466 1002">
     <span class='ocr_line' id='line_1_8' title="bbox 1021 805 1215 847; baseline 0.005 -1"><span class='ocrx_word' id='word_1_34' title='bbox 1021 805 1215 847; x_wconf 90' lang='lat' dir='ltr'>Lucrio</span> 
     </span>
     <span class='ocr_line' id='line_1_9' title="bbox 881 876 1466 929; baseline 0.005 -13"><span class='ocrx_word' id='word_1_35' title='bbox 881 876 936 916; x_wconf 90' lang='lat' dir='ltr'>Di</span> <span class='ocrx_word' id='word_1_36' title='bbox 968 890 1034 918; x_wconf 92' lang='lat' dir='ltr'>me</span> <span class='ocrx_word' id='word_1_37' title='bbox 1065 877 1262 929; x_wconf 79' lang='lat' dir='ltr'>perdant,</span> <span class='ocrx_word' id='word_1_38' title='bbox 1297 877 1332 918; x_wconf 91' lang='lat' dir='ltr'>si</span> <span class='ocrx_word' id='word_1_39' title='bbox 1363 877 1466 929; x_wconf 91' lang='lat' dir='ltr'>bibi,</span> 
     </span>
     <span class='ocr_line' id='line_1_10' title="bbox 394 947 786 1002; baseline 0 -13"><span class='ocrx_word' id='word_1_40' title='bbox 394 947 438 989; x_wconf 86' lang='lat' dir='ltr'>Si</span> <span class='ocrx_word' id='word_1_41' title='bbox 469 947 618 989; x_wconf 87' lang='lat' dir='ltr'>bibere</span> <span class='ocrx_word' id='word_1_42' title='bbox 650 949 786 1002; x_wconf 79' lang='lat' dir='ltr'>potui.</span> 
     </span>
    </p>
   </div>
   <div class='ocr_carea' id='block_1_5' title="bbox 830 1051 1279 1172">
    <p class='ocr_par' dir='ltr' id='par_1_5' title="bbox 830 1051 1279 1172">
     <span class='ocr_line' id='line_1_11' title="bbox 971 1051 1279 1093; baseline 0.003 -1"><span class='ocrx_word' id='word_1_43' title='bbox 971 1051 1279 1093; x_wconf 80' lang='lat' dir='ltr'>Palaestrio</span> 
     </span>
     <span class='ocr_line' id='line_1_12' title="bbox 830 1121 1090 1172; baseline 0 -8"><span class='ocrx_word' id='word_1_44' title='bbox 830 1121 943 1172; x_wconf 87' lang='lat' dir='ltr'>Quid</span> <span class='ocrx_word' id='word_1_45' title='bbox 975 1123 1090 1164; x_wconf 79' lang='lat' dir='ltr'>iam?</span> 
     </span>
    </p>
   </div>
   <div class='ocr_carea' id='block_1_6' title="bbox 1023 1249 1215 1290">
    <p class='ocr_par' dir='ltr' id='par_1_6' title="bbox 1023 1249 1215 1290">
     <span class='ocr_line' id='line_1_13' title="bbox 1023 1249 1215 1290; baseline 0 -1"><span class='ocrx_word' id='word_1_46' title='bbox 1023 1249 1215 1290; x_wconf 90' lang='lat' dir='ltr'>Lucrio</span> 
     </span>
    </p>
   </div>
   <div class='ocr_carea' id='block_1_7' title="bbox 392 1319 1850 1447">
    <p class='ocr_par' dir='ltr' id='par_1_7' title="bbox 392 1319 1850 1447">
     <span class='ocr_line' id='line_1_14' title="bbox 1150 1319 1665 1376; baseline 0.008 -15"><span class='ocrx_word' id='word_1_47' title='bbox 1150 1319 1260 1369; x_wconf 85' lang='lat' dir='ltr'>Quia</span> <span class='ocrx_word' id='word_1_48' title='bbox 1292 1322 1404 1362; x_wconf 89' lang='lat' dir='ltr'>enim</span> <span class='ocrx_word' id='word_1_49' title='bbox 1436 1322 1665 1376; x_wconf 84' lang='lat' dir='ltr'>obsorbui3</span> 
     </span>
     <span class='ocr_line' id='line_1_15' title="bbox 392 1391 1850 1447; baseline 0.006 -15"><span class='ocrx_word' id='word_1_50' title='bbox 392 1391 503 1432; x_wconf 87' lang='lat' dir='ltr'>Nam</span> <span class='ocrx_word' id='word_1_51' title='bbox 534 1392 661 1433; x_wconf 88' lang='lat' dir='ltr'>nimis</span> <span class='ocrx_word' id='word_1_52' title='bbox 693 1391 878 1441; x_wconf 80' lang='lat' dir='ltr'>calebat,</span> <span class='ocrx_word' id='word_1_53' title='bbox 911 1393 1168 1434; x_wconf 76' lang='lat' dir='ltr'>amburebat</span> <span class='ocrx_word' id='word_1_54' title='bbox 1198 1397 1429 1447; x_wconf 78' lang='lat' dir='ltr'>gutturem.</span> <span class='ocrx_word' id='word_1_55' title='bbox 1783 1407 1850 1441; x_wconf 88' lang='lat'>835</span> 
     </span>
    </p>
   </div>
   <div class='ocr_carea' id='block_1_8' title="bbox 394 1518 1481 1716">
    <p class='ocr_par' dir='ltr' id='par_1_8' title="bbox 394 1518 1481 1716">
     <span class='ocr_line' id='line_1_16' title="bbox 974 1518 1271 1560; baseline -0.003 0"><span class='ocrx_word' id='word_1_56' title='bbox 974 1518 1271 1560; x_wconf 76' lang='lat' dir='ltr'>Palaestrio</span> 
     </span>
     <span class='ocr_line' id='line_1_17' title="bbox 395 1589 1317 1644; baseline 0.003 -15"><span class='ocrx_word' id='word_1_57' title='bbox 395 1589 479 1630; x_wconf 93' lang='lat' dir='ltr'>Alii</span> <span class='ocrx_word' id='word_1_58' title='bbox 511 1589 619 1630; x_wconf 89' lang='lat' dir='ltr'>ebrii</span> <span class='ocrx_word' id='word_1_59' title='bbox 651 1594 763 1640; x_wconf 79' lang='lat' dir='ltr'>sunt,</span> <span class='ocrx_word' id='word_1_60' title='bbox 795 1589 871 1631; x_wconf 86' lang='lat' dir='ltr'>alii</span> <span class='ocrx_word' id='word_1_61' title='bbox 902 1604 1076 1644; x_wconf 84' lang='lat' dir='ltr'>poscam</span> <span class='ocrx_word' id='word_1_62' title='bbox 1108 1591 1317 1644; x_wconf 75' lang='lat' dir='ltr'>potitant3</span> 
     </span>
     <span class='ocr_line' id='line_1_18' title="bbox 394 1661 1481 1716; baseline 0.001 -13"><span class='ocrx_word' id='word_1_63' title='bbox 394 1661 516 1703; x_wconf 90' lang='lat' dir='ltr'>Bono</span> <span class='ocrx_word' id='word_1_64' title='bbox 549 1675 782 1716; x_wconf 91' lang='lat' dir='ltr'>suppromo</span> <span class='ocrx_word' id='word_1_65' title='bbox 815 1666 858 1703; x_wconf 77' lang='lat' dir='ltr'>et</span> <span class='ocrx_word' id='word_1_66' title='bbox 888 1677 1039 1716; x_wconf 89' lang='lat' dir='ltr'>promo</span> <span class='ocrx_word' id='word_1_67' title='bbox 1073 1663 1227 1705; x_wconf 79' lang='lat' dir='ltr'>cellam</span> <span class='ocrx_word' id='word_1_68' title='bbox 1261 1663 1481 1705; x_wconf 78' lang='lat' dir='ltr'>creditam.</span> 
     </span>
    </p>
   </div>
   <div class='ocr_carea' id='block_1_9' title="bbox 396 1787 1546 1980">
    <p class='ocr_par' dir='ltr' id='par_1_9' title="bbox 396 1787 1546 1980">
     <span class='ocr_line' id='line_1_19' title="bbox 1020 1787 1214 1829; baseline 0 0"><span class='ocrx_word' id='word_1_69' title='bbox 1020 1787 1214 1829; x_wconf 71' lang='lat' dir='ltr'>Lucrio</span> 
     </span>
     <span class='ocr_line' id='line_1_20' title="bbox 396 1858 1546 1913; baseline 0.003 -14"><span class='ocrx_word' id='word_1_70' title='bbox 396 1858 460 1899; x_wconf 91' lang='lat' dir='ltr'>Tu</span> <span class='ocrx_word' id='word_1_71' title='bbox 490 1858 637 1900; x_wconf 87' lang='lat' dir='ltr'>hercle</span> <span class='ocrx_word' id='word_1_72' title='bbox 668 1859 783 1901; x_wconf 88' lang='lat' dir='ltr'>idem</span> <span class='ocrx_word' id='word_1_73' title='bbox 816 1860 1002 1912; x_wconf 84' lang='lat' dir='ltr'>faceres,</span> <span class='ocrx_word' id='word_1_74' title='bbox 1036 1862 1072 1902; x_wconf 88' lang='lat' dir='ltr'>si</span> <span class='ocrx_word' id='word_1_75' title='bbox 1104 1861 1185 1902; x_wconf 81' lang='lat' dir='ltr'>tibi</span> <span class='ocrx_word' id='word_1_76' title='bbox 1216 1866 1330 1904; x_wconf 77' lang='lat' dir='ltr'>esset</span> <span class='ocrx_word' id='word_1_77' title='bbox 1361 1861 1546 1913; x_wconf 76' lang='lat' dir='ltr'>credita3</span> 
     </span>
     <span class='ocr_line' id='line_1_21' title="bbox 398 1930 1463 1980; baseline 0.002 -8"><span class='ocrx_word' id='word_1_78' title='bbox 398 1930 609 1979; x_wconf 87' lang='lat' dir='ltr'>Quoniam</span> <span class='ocrx_word' id='word_1_79' title='bbox 640 1932 846 1973; x_wconf 85' lang='lat' dir='ltr'>aemulari</span> <span class='ocrx_word' id='word_1_80' title='bbox 878 1947 962 1974; x_wconf 89' lang='lat' dir='ltr'>non</span> <span class='ocrx_word' id='word_1_81' title='bbox 993 1933 1107 1980; x_wconf 79' lang='lat' dir='ltr'>licet,</span> <span class='ocrx_word' id='word_1_82' title='bbox 1139 1947 1252 1975; x_wconf 90' lang='lat' dir='ltr'>nunc</span> <span class='ocrx_word' id='word_1_83' title='bbox 1282 1933 1463 1975; x_wconf 90' lang='lat' dir='ltr'>inuides.</span> 
     </span>
    </p>
   </div>
   <div class='ocr_carea' id='block_1_10' title="bbox 397 2057 1850 2327">
    <p class='ocr_par' dir='ltr' id='par_1_10' title="bbox 397 2057 1850 2327">
     <span class='ocr_line' id='line_1_22' title="bbox 978 2057 1271 2100; baseline -0.003 0"><span class='ocrx_word' id='word_1_84' title='bbox 978 2057 1271 2100; x_wconf 74' lang='lat' dir='ltr'>Palaestrio</span> 
     </span>
     <span class='ocr_line' id='line_1_23' title="bbox 397 2128 1850 2185; baseline 0.003 -15"><span class='ocrx_word' id='word_1_85' title='bbox 397 2128 488 2170; x_wconf 86' lang='lat' dir='ltr'>Eho</span> <span class='ocrx_word' id='word_1_86' title='bbox 520 2143 575 2170; x_wconf 88' lang='lat' dir='ltr'>an</span> <span class='ocrx_word' id='word_1_87' title='bbox 606 2144 811 2183; x_wconf 90' lang='lat' dir='ltr'>umquam</span> <span class='ocrx_word' id='word_1_88' title='bbox 842 2132 1055 2184; x_wconf 77' lang='lat' dir='ltr'>prompsit</span> <span class='ocrx_word' id='word_1_89' title='bbox 1086 2131 1300 2172; x_wconf 76' lang='lat' dir='ltr'>antehac?</span> <span class='ocrx_word' id='word_1_90' title='bbox 1339 2131 1564 2185; x_wconf 84' lang='lat' dir='ltr'>responde,</span> <span class='ocrx_word' id='word_1_91' title='bbox 1599 2131 1751 2173; x_wconf 88' lang='lat' dir='ltr'>scelus.</span> <span class='ocrx_word' id='word_1_92' title='bbox 1781 2143 1850 2176; x_wconf 84' lang='lat'>840</span> 
     </span>
     <span class='ocr_line' id='line_1_24' title="bbox 397 2202 1306 2256; baseline 0.002 -14"><span class='ocrx_word' id='word_1_93' title='bbox 397 2202 536 2254; x_wconf 79' lang='lat' dir='ltr'>Atque</span> <span class='ocrx_word' id='word_1_94' title='bbox 571 2205 616 2242; x_wconf 77' lang='lat' dir='ltr'>ut</span> <span class='ocrx_word' id='word_1_95' title='bbox 647 2207 694 2243; x_wconf 85' lang='lat' dir='ltr'>tu</span> <span class='ocrx_word' id='word_1_96' title='bbox 728 2203 838 2244; x_wconf 88' lang='lat' dir='ltr'>scire</span> <span class='ocrx_word' id='word_1_97' title='bbox 871 2204 1024 2256; x_wconf 89' lang='lat' dir='ltr'>possis,</span> <span class='ocrx_word' id='word_1_98' title='bbox 1057 2203 1177 2244; x_wconf 82' lang='lat' dir='ltr'>edico</span> <span class='ocrx_word' id='word_1_99' title='bbox 1209 2202 1306 2244; x_wconf 85' lang='lat' dir='ltr'>tibi:</span> 
     </span>
     <span class='ocr_line' id='line_1_25' title="bbox 397 2273 1306 2327; baseline 0.002 -13"><span class='ocrx_word' id='word_1_100' title='bbox 397 2273 441 2315; x_wconf 86' lang='lat' dir='ltr'>Si</span> <span class='ocrx_word' id='word_1_101' title='bbox 473 2273 581 2315; x_wconf 85' lang='lat' dir='ltr'>falsa</span> <span class='ocrx_word' id='word_1_102' title='bbox 613 2274 735 2322; x_wconf 88' lang='lat' dir='ltr'>dicis,</span> <span class='ocrx_word' id='word_1_103' title='bbox 766 2273 792 2327; x_wconf 93' lang='lat'>†</span> <span class='ocrx_word' id='word_1_104' title='bbox 823 2276 956 2322; x_wconf 80' lang='lat' dir='ltr'>uotio,</span> <span class='ocrx_word' id='word_1_105' title='bbox 989 2275 1306 2317; x_wconf 84' lang='lat' dir='ltr'>excruciabere.</span> 
     </span>
    </p>
   </div>
   <div class='ocr_carea' id='block_1_11' title="bbox 399 2388 693 2393">
    <p class='ocr_par' dir='ltr' id='par_1_11' title="bbox 399 2388 693 2393">
     <span class='ocr_line' id='line_1_26' title="bbox 399 2388 693 2393; baseline 0 0"><span class='ocrx_word' id='word_1_106' title='bbox 399 2388 693 2393; x_wconf 95' lang='lat' dir='ltr'> </span> 
     </span>
    </p>
   </div>
   <div class='ocr_carea' id='block_1_12' title="bbox 399 2455 1853 2843">
    <p class='ocr_par' dir='ltr' id='par_1_12' title="bbox 399 2455 1853 2843">
     <span class='ocr_line' id='line_1_27' title="bbox 488 2455 1853 2501; baseline 0.001 -12"><span class='ocrx_word' id='word_1_107' title='bbox 488 2457 555 2490; x_wconf 91' lang='lat'>830</span> <span class='ocrx_word' id='word_1_108' title='bbox 576 2456 638 2490; x_wconf 92' lang='lat' dir='ltr'>ille</span> <span class='ocrx_word' id='word_1_109' title='bbox 664 2455 798 2490; x_wconf 76' lang='lat' dir='ltr'>metuit</span> <span class='ocrx_word' id='word_1_110' title='bbox 821 2455 855 2489; x_wconf 91' lang='lat' dir='ltr'><strong><em>B</em></strong></span> <span class='ocrx_word' id='word_1_111' title='bbox 958 2457 1021 2491; x_wconf 88' lang='lat'>831</span> <span class='ocrx_word' id='word_1_112' title='bbox 1058 2456 1210 2491; x_wconf 83' lang='lat' dir='ltr'>feminas</span> <span class='ocrx_word' id='word_1_113' title='bbox 1315 2456 1515 2501; x_wconf 60' lang='lat' dir='ltr'>expromi-si</span> <span class='ocrx_word' id='word_1_114' title='bbox 1549 2457 1587 2490; x_wconf 90' lang='lat' dir='ltr'>in</span> <span class='ocrx_word' id='word_1_115' title='bbox 1619 2456 1792 2491; x_wconf 77' lang='lat' dir='ltr'>hux-ctum</span> <span class='ocrx_word' id='word_1_116' title='bbox 1823 2455 1853 2491; x_wconf 84' lang='lat' dir='ltr'><strong><em>C</em></strong></span> 
     </span>
     <span class='ocr_line' id='line_1_28' title="bbox 488 2512 1852 2556; baseline 0.001 -10"><span class='ocrx_word' id='word_1_117' title='bbox 488 2514 555 2546; x_wconf 81' lang='lat'>832</span> <span class='ocrx_word' id='word_1_118' title='bbox 580 2513 640 2546; x_wconf 89' lang='lat' dir='ltr'>ille</span> <span class='ocrx_word' id='word_1_119' title='bbox 666 2512 725 2547; x_wconf 87' lang='lat' dir='ltr'>hic</span> <span class='ocrx_word' id='word_1_120' title='bbox 808 2513 946 2547; x_wconf 84' lang='lat' dir='ltr'>exuiuit</span> <span class='ocrx_word' id='word_1_121' title='bbox 970 2513 1016 2556; x_wconf 89' lang='lat' dir='ltr'>B,</span> <span class='ocrx_word' id='word_1_122' title='bbox 1044 2515 1159 2548; x_wconf 79' lang='lat' dir='ltr'>exiuit</span> <span class='ocrx_word' id='word_1_123' title='bbox 1186 2513 1214 2549; x_wconf 87' lang='lat' dir='ltr'>C&#39;</span> <span class='ocrx_word' id='word_1_124' title='bbox 1292 2515 1358 2548; x_wconf 77' lang='lat'>833</span> <span class='ocrx_word' id='word_1_125' title='bbox 1383 2513 1462 2547; x_wconf 83' lang='lat' dir='ltr'>tubi</span> <span class='ocrx_word' id='word_1_126' title='bbox 1486 2513 1574 2547; x_wconf 84' lang='lat' dir='ltr'>iusti</span> <span class='ocrx_word' id='word_1_127' title='bbox 1602 2513 1630 2548; x_wconf 83' lang='grc' dir='ltr'><em>Ο</em></span> <span class='ocrx_word' id='word_1_128' title='bbox 1721 2514 1797 2548; x_wconf 84' lang='lat' dir='ltr'>bini</span> <span class='ocrx_word' id='word_1_129' title='bbox 1823 2513 1852 2549; x_wconf 82' lang='grc' dir='ltr'><em>Ο</em></span> 
     </span>
     <span class='ocr_line' id='line_1_29' title="bbox 488 2569 1849 2615; baseline 0.002 -13"><span class='ocrx_word' id='word_1_130' title='bbox 488 2570 555 2603; x_wconf 86' lang='grc'>834</span> <span class='ocrx_word' id='word_1_131' title='bbox 581 2570 707 2604; x_wconf 87' lang='lat' dir='ltr'>Sibere</span> <span class='ocrx_word' id='word_1_132' title='bbox 735 2569 764 2605; x_wconf 84' lang='lat' dir='ltr'><em>C</em></span> <span class='ocrx_word' id='word_1_133' title='bbox 847 2572 1003 2614; x_wconf 77' lang='lat' dir='ltr'>potuisti</span> <span class='ocrx_word' id='word_1_134' title='bbox 1090 2573 1156 2606; x_wconf 88' lang='grc'>835</span> <span class='ocrx_word' id='word_1_135' title='bbox 1181 2572 1294 2605; x_wconf 81' lang='lat' dir='ltr'>caluit</span> <span class='ocrx_word' id='word_1_136' title='bbox 1319 2571 1537 2605; x_wconf 76' lang='lat' dir='ltr'>ambureuat</span> <span class='ocrx_word' id='word_1_137' title='bbox 1560 2569 1606 2615; x_wconf 90' lang='lat' dir='ltr'>B,</span> <span class='ocrx_word' id='word_1_138' title='bbox 1631 2571 1710 2606; x_wconf 84' lang='lat' dir='ltr'>cale</span> <span class='ocrx_word' id='word_1_139' title='bbox 1735 2571 1849 2605; x_wconf 78' lang='lat' dir='ltr'>uitam</span> 
     </span>
     <span class='ocr_line' id='line_1_30' title="bbox 399 2627 1848 2673; baseline 0.002 -14"><span class='ocrx_word' id='word_1_140' title='bbox 399 2627 490 2659; x_wconf 85' lang='lat' dir='ltr'>bure</span> <span class='ocrx_word' id='word_1_141' title='bbox 517 2629 578 2660; x_wconf 75' lang='lat' dir='ltr'>uat</span> <span class='ocrx_word' id='word_1_142' title='bbox 605 2627 635 2662; x_wconf 82' lang='lat' dir='ltr'><em>C</em></span> <span class='ocrx_word' id='word_1_143' title='bbox 733 2627 799 2661; x_wconf 81' lang='lat'>836</span> <span class='ocrx_word' id='word_1_144' title='bbox 825 2627 930 2662; x_wconf 89' lang='lat' dir='ltr'>PAL.</span> <span class='ocrx_word' id='word_1_145' title='bbox 955 2638 1021 2663; x_wconf 86' lang='lat' dir='ltr'>om.</span> <span class='ocrx_word' id='word_1_146' title='bbox 1135 2629 1213 2662; x_wconf 88' lang='lat' dir='ltr'>ebri</span> <span class='ocrx_word' id='word_1_147' title='bbox 1240 2628 1269 2663; x_wconf 81' lang='lat' dir='ltr'><strong><em>G</em></strong></span> <span class='ocrx_word' id='word_1_148' title='bbox 1375 2628 1445 2661; x_wconf 81' lang='lat' dir='ltr'>alia</span> <span class='ocrx_word' id='word_1_149' title='bbox 1468 2630 1625 2672; x_wconf 53' lang='lat' dir='ltr'>postque</span> <span class='ocrx_word' id='word_1_150' title='bbox 1652 2633 1778 2673; x_wconf 58' lang='lat' dir='ltr'>potatu</span> <span class='ocrx_word' id='word_1_151' title='bbox 1803 2627 1848 2669; x_wconf 90' lang='lat' dir='ltr'>B,</span> 
     </span>
     <span class='ocr_line' id='line_1_31' title="bbox 400 2683 1848 2729; baseline 0.002 -13"><span class='ocrx_word' id='word_1_152' title='bbox 400 2683 462 2716; x_wconf 80' lang='lat' dir='ltr'>alii</span> <span class='ocrx_word' id='word_1_153' title='bbox 487 2687 614 2726; x_wconf 77' lang='lat' dir='ltr'>potest</span> <span class='ocrx_word' id='word_1_154' title='bbox 638 2687 808 2728; x_wconf 79' lang='lat' dir='ltr'>campota</span> <span class='ocrx_word' id='word_1_155' title='bbox 832 2684 922 2718; x_wconf 85' lang='lat' dir='ltr'>itam</span> <span class='ocrx_word' id='word_1_156' title='bbox 950 2685 978 2719; x_wconf 89' lang='lat' dir='ltr'><strong><em>C</em></strong></span> <span class='ocrx_word' id='word_1_157' title='bbox 1068 2687 1134 2719; x_wconf 81' lang='lat'>837</span> <span class='ocrx_word' id='word_1_158' title='bbox 1159 2690 1196 2719; x_wconf 80' lang='lat' dir='ltr'>et</span> <span class='ocrx_word' id='word_1_159' title='bbox 1221 2696 1351 2729; x_wconf 84' lang='lat' dir='ltr'>promo</span> <span class='ocrx_word' id='word_1_160' title='bbox 1377 2695 1441 2720; x_wconf 85' lang='lat' dir='ltr'>om.</span> <span class='ocrx_word' id='word_1_161' title='bbox 1470 2685 1499 2720; x_wconf 83' lang='lat' dir='ltr'><em>O</em></span> <span class='ocrx_word' id='word_1_162' title='bbox 1594 2687 1660 2721; x_wconf 89' lang='lat'>838</span> <span class='ocrx_word' id='word_1_163' title='bbox 1683 2684 1756 2720; x_wconf 87' lang='lat' dir='ltr'>LU.</span> <span class='ocrx_word' id='word_1_164' title='bbox 1783 2695 1848 2720; x_wconf 88' lang='lat' dir='ltr'>om.</span> 
     </span>
     <span class='ocr_line' id='line_1_32' title="bbox 491 2740 1850 2787; baseline 0.004 -14"><span class='ocrx_word' id='word_1_165' title='bbox 491 2740 587 2774; x_wconf 88' lang='lat' dir='ltr'>diem</span> <span class='ocrx_word' id='word_1_166' title='bbox 688 2743 746 2776; x_wconf 77' lang='lat' dir='ltr'>sit.</span> <span class='ocrx_word' id='word_1_167' title='bbox 848 2743 916 2776; x_wconf 87' lang='grc'>840</span> <span class='ocrx_word' id='word_1_168' title='bbox 954 2742 1057 2776; x_wconf 87' lang='lat' dir='ltr'><strong>PAL.</strong></span> <span class='ocrx_word' id='word_1_169' title='bbox 1096 2754 1161 2777; x_wconf 88' lang='lat' dir='ltr'>om.</span> <span class='ocrx_word' id='word_1_170' title='bbox 1254 2743 1336 2777; x_wconf 90' lang='lat' dir='ltr'>Eho</span> <span class='ocrx_word' id='word_1_171' title='bbox 1373 2754 1572 2787; x_wconf 82' lang='lat' dir='ltr'>numquam</span> <span class='ocrx_word' id='word_1_172' title='bbox 1610 2744 1781 2787; x_wconf 78' lang='lat' dir='ltr'>promisit</span> <span class='ocrx_word' id='word_1_173' title='bbox 1817 2743 1850 2778; x_wconf 93' lang='lat' dir='ltr'><em>B</em></span> 
     </span>
     <span class='ocr_line' id='line_1_33' title="bbox 489 2797 1310 2843; baseline 0.004 -13"><span class='ocrx_word' id='word_1_174' title='bbox 489 2797 552 2830; x_wconf 89' lang='lat'>841</span> <span class='ocrx_word' id='word_1_175' title='bbox 580 2797 662 2831; x_wconf 85' lang='lat' dir='ltr'>dico</span> <span class='ocrx_word' id='word_1_176' title='bbox 756 2799 823 2833; x_wconf 82' lang='lat'>842</span> <span class='ocrx_word' id='word_1_177' title='bbox 847 2799 948 2843; x_wconf 84' lang='lat' dir='ltr'>palsa</span> <span class='ocrx_word' id='word_1_178' title='bbox 1032 2800 1310 2834; x_wconf 82' lang='lat' dir='ltr'>excruciaberet</span> 
     </span>
    </p>
   </div>
   <div class='ocr_carea' id='block_1_13' title="bbox 1942 1136 1963 1696">
    <p class='ocr_par' dir='ltr' id='par_1_13' title="bbox 1942 1136 1963 1696">
     <span class='ocr_line' id='line_1_34' title="bbox 1942 1136 1963 1696; textangle 90"><span class='ocrx_word' id='word_1_179' title='bbox 1942 1573 1963 1696; x_wconf 58' lang='lat'>—-‹³³.—..</span> <span class='ocrx_word' id='word_1_180' title='bbox 1943 1259 1963 1545; x_wconf 37' lang='lat' dir='ltr'>„22—.-&#39;—·n1mu</span> <span class='ocrx_word' id='word_1_181' title='bbox 1951 1189 1963 1215; x_wconf 51' lang='grc' dir='ltr'>κ.</span> <span class='ocrx_word' id='word_1_182' title='bbox 1954 1136 1963 1151; x_wconf 70' lang='lat' dir='ltr'>a</span> 
     </span>
    </p>
   </div>
  </div>
 </body>
</html>
