<?xml version="1.0" encoding="UTF-8"?>
<!DOCTYPE html PUBLIC "-//W3C//DTD XHTML 1.0 Transitional//EN"
    "http://www.w3.org/TR/xhtml1/DTD/xhtml1-transitional.dtd">
<html xmlns="http://www.w3.org/1999/xhtml" xml:lang="en" lang="en">
 <head>
  <title>
</title>
<meta http-equiv="Content-Type" content="text/html;charset=utf-8" />
  <meta name='ocr-system' content='tesseract 3.04.00' />
  <meta name='ocr-capabilities' content='ocr_page ocr_carea ocr_par ocr_line ocrx_word'/>
</head>
<body>
  <div class='ocr_page' id='page_1' title='image "./comoediaerecensu04plauuoft_0327.png"; bbox 0 0 1963 3243; ppageno 0'>
   <div class='ocr_carea' id='block_1_1' title="bbox 716 199 1571 240">
    <p class='ocr_par' dir='ltr' id='par_1_1' title="bbox 716 199 1571 240">
     <span class='ocr_line' id='line_1_1' title="bbox 716 199 1571 240; baseline 0.013 -11"><span class='ocrx_word' id='word_1_1' title='bbox 716 199 754 232; x_wconf 87' lang='lat' dir='ltr'><strong>v.</strong></span> <span class='ocrx_word' id='word_1_2' title='bbox 784 199 969 232; x_wconf 69' lang='lat'>127—16‘⁸.</span> <span class='ocrx_word' id='word_1_3' title='bbox 1499 202 1571 240; x_wconf 71' lang='grc'><strong>321</strong></span> 
     </span>
    </p>
   </div>
   <div class='ocr_carea' id='block_1_2' title="bbox 115 329 1589 2845">
    <p class='ocr_par' dir='ltr' id='par_1_2' title="bbox 121 329 1584 1053">
     <span class='ocr_line' id='line_1_2' title="bbox 122 329 1580 379; baseline -0.001 -11"><span class='ocrx_word' id='word_1_4' title='bbox 122 330 383 368; x_wconf 76' lang='lat' dir='ltr'><strong>commendat.</strong></span> <span class='ocrx_word' id='word_1_5' title='bbox 410 348 463 353; x_wconf 90' lang='lat'><strong>-—</strong></span> <span class='ocrx_word' id='word_1_6' title='bbox 493 330 567 366; x_wconf 88' lang='grc'><strong>141</strong></span> <span class='ocrx_word' id='word_1_7' title='bbox 603 342 688 379; x_wconf 89' lang='lat' dir='ltr'>sqq.</span> <span class='ocrx_word' id='word_1_8' title='bbox 720 329 911 366; x_wconf 76' lang='lat' dir='ltr'><strong>trochaici</strong></span> <span class='ocrx_word' id='word_1_9' title='bbox 942 330 1169 379; x_wconf 80' lang='lat' dir='ltr'>septenarii.</span> <span class='ocrx_word' id='word_1_10' title='bbox 1188 349 1242 353; x_wconf 90' lang='lat'>—</span> <span class='ocrx_word' id='word_1_11' title='bbox 1264 330 1353 366; x_wconf 90' lang='lat'>143.</span> <span class='ocrx_word' id='word_1_12' title='bbox 1382 330 1449 366; x_wconf 73' lang='lat' dir='ltr'><strong>Sin</strong></span> <span class='ocrx_word' id='word_1_13' title='bbox 1467 335 1580 378; x_wconf 79' lang='lat' dir='ltr'><strong>cett.;</strong></span> 
     </span>
     <span class='ocr_line' id='line_1_3' title="bbox 122 393 1578 444; baseline -0.001 -8"><span class='ocrx_word' id='word_1_14' title='bbox 122 399 282 436; x_wconf 77' lang='lat' dir='ltr'><strong>auditur</strong></span> <span class='ocrx_word' id='word_1_15' title='bbox 301 411 416 444; x_wconf 80' lang='lat' dir='ltr'><strong>„num</strong></span> <span class='ocrx_word' id='word_1_16' title='bbox 443 411 488 434; x_wconf 89' lang='lat' dir='ltr'><strong>ea</strong></span> <span class='ocrx_word' id='word_1_17' title='bbox 505 398 781 435; x_wconf 77' lang='lat' dir='ltr'><strong>maledicentia</strong></span> <span class='ocrx_word' id='word_1_18' title='bbox 799 393 909 434; x_wconf 81' lang='lat' dir='ltr'><strong>est‘?“</strong></span> <span class='ocrx_word' id='word_1_19' title='bbox 945 397 991 434; x_wconf 92' lang='lat' dir='ltr'><strong>cf.</strong></span> <span class='ocrx_word' id='word_1_20' title='bbox 1010 397 1150 434; x_wconf 82' lang='lat' dir='ltr'><strong>Pseud.</strong></span> <span class='ocrx_word' id='word_1_21' title='bbox 1182 399 1273 435; x_wconf 87' lang='lat'>254.</span> <span class='ocrx_word' id='word_1_22' title='bbox 1307 397 1402 434; x_wconf 89' lang='lat' dir='ltr'><strong>Pers</strong></span> <span class='ocrx_word' id='word_1_23' title='bbox 1422 398 1514 434; x_wconf 84' lang='grc'><strong>228.</strong></span> <span class='ocrx_word' id='word_1_24' title='bbox 1535 398 1578 434; x_wconf 86' lang='lat' dir='ltr'><strong>R.</strong></span> 
     </span>
     <span class='ocr_line' id='line_1_4' title="bbox 121 465 1580 515; baseline -0.001 -11"><span class='ocrx_word' id='word_1_25' title='bbox 121 471 238 512; x_wconf 83' lang='lat' dir='ltr'><strong>errat,</strong></span> <span class='ocrx_word' id='word_1_26' title='bbox 271 465 375 515; x_wconf 89' lang='lat' dir='ltr'><strong>quod</strong></span> <span class='ocrx_word' id='word_1_27' title='bbox 407 479 492 502; x_wconf 84' lang='lat' dir='ltr'><strong>cum</strong></span> <span class='ocrx_word' id='word_1_28' title='bbox 519 466 698 503; x_wconf 86' lang='lat' dir='ltr'><strong>Bentleio</strong></span> <span class='ocrx_word' id='word_1_29' title='bbox 728 466 859 512; x_wconf 75' lang='lat' dir='ltr'><strong>„sine“</strong></span> <span class='ocrx_word' id='word_1_30' title='bbox 889 470 1061 503; x_wconf 78' lang='lat' dir='ltr'><strong>enarrat.</strong></span> <span class='ocrx_word' id='word_1_31' title='bbox 1094 485 1149 490; x_wconf 96' lang='lat'><strong>—</strong></span> <span class='ocrx_word' id='word_1_32' title='bbox 1184 466 1275 502; x_wconf 87' lang='lat'>144.</span> <span class='ocrx_word' id='word_1_33' title='bbox 1296 477 1382 503; x_wconf 75' lang='lat' dir='ltr'><strong>cnm</strong></span> <span class='ocrx_word' id='word_1_34' title='bbox 1399 465 1488 502; x_wconf 80' lang='lat' dir='ltr'>add.</span> <span class='ocrx_word' id='word_1_35' title='bbox 1509 466 1580 513; x_wconf 73' lang='lat' dir='ltr'><strong>Py-</strong></span> 
     </span>
     <span class='ocr_line' id='line_1_5' title="bbox 122 533 1578 584; baseline -0.001 -10"><span class='ocrx_word' id='word_1_36' title='bbox 122 536 243 574; x_wconf 84' lang='lat' dir='ltr'><strong>lades.</strong></span> <span class='ocrx_word' id='word_1_37' title='bbox 292 533 347 571; x_wconf 89' lang='lat' dir='ltr'><strong>De</strong></span> <span class='ocrx_word' id='word_1_38' title='bbox 373 534 587 571; x_wconf 85' lang='lat' dir='ltr'><strong>indicativo</strong></span> <span class='ocrx_word' id='word_1_39' title='bbox 603 535 761 572; x_wconf 72' lang='lat' dir='ltr'><strong>aduenit</strong></span> <span class='ocrx_word' id='word_1_40' title='bbox 783 549 818 572; x_wconf 94' lang='lat' dir='ltr'><strong>v.</strong></span> <span class='ocrx_word' id='word_1_41' title='bbox 845 534 894 571; x_wconf 83' lang='lat' dir='ltr'><strong>ad</strong></span> <span class='ocrx_word' id='word_1_42' title='bbox 917 534 1059 584; x_wconf 86' lang='lat' dir='ltr'><strong>Amph.</strong></span> <span class='ocrx_word' id='word_1_43' title='bbox 1090 535 1181 581; x_wconf 94' lang='lat'>167,</span> <span class='ocrx_word' id='word_1_44' title='bbox 1207 535 1254 571; x_wconf 86' lang='lat' dir='ltr'><strong>cf.</strong></span> <span class='ocrx_word' id='word_1_45' title='bbox 1281 536 1382 572; x_wconf 80' lang='lat' dir='ltr'><strong>infra</strong></span> <span class='ocrx_word' id='word_1_46' title='bbox 1412 537 1501 573; x_wconf 83' lang='lat'>148.</span> <span class='ocrx_word' id='word_1_47' title='bbox 1531 555 1578 560; x_wconf 91' lang='lat'>—</span> 
     </span>
     <span class='ocr_line' id='line_1_6' title="bbox 126 602 1584 651; baseline 0 -10"><span class='ocrx_word' id='word_1_48' title='bbox 126 605 316 642; x_wconf 84' lang='lat'>145—48</span> <span class='ocrx_word' id='word_1_49' title='bbox 348 602 394 640; x_wconf 85' lang='lat' dir='ltr'><strong>R.</strong></span> <span class='ocrx_word' id='word_1_50' title='bbox 427 602 541 640; x_wconf 84' lang='lat' dir='ltr'><strong>valde</strong></span> <span class='ocrx_word' id='word_1_51' title='bbox 573 602 728 640; x_wconf 85' lang='lat' dir='ltr'><strong>dubitat</strong></span> <span class='ocrx_word' id='word_1_52' title='bbox 765 617 813 640; x_wconf 88' lang='lat' dir='ltr'><strong>an</strong></span> <span class='ocrx_word' id='word_1_53' title='bbox 846 616 923 641; x_wconf 91' lang='lat' dir='ltr'><strong>non</strong></span> <span class='ocrx_word' id='word_1_54' title='bbox 956 603 1129 640; x_wconf 82' lang='lat' dir='ltr'><strong>Plautini</strong></span> <span class='ocrx_word' id='word_1_55' title='bbox 1163 605 1255 640; x_wconf 88' lang='lat' dir='ltr'><strong>sint.</strong></span> <span class='ocrx_word' id='word_1_56' title='bbox 1286 622 1341 628; x_wconf 90' lang='lat'><strong>—</strong></span> <span class='ocrx_word' id='word_1_57' title='bbox 1373 603 1450 642; x_wconf 89' lang='lat' dir='ltr'><strong>Pro</strong></span> <span class='ocrx_word' id='word_1_58' title='bbox 1481 605 1584 651; x_wconf 75' lang='lat' dir='ltr'><strong>quod</strong></span> 
     </span>
     <span class='ocr_line' id='line_1_7' title="bbox 122 670 1583 722; baseline 0 -12"><span class='ocrx_word' id='word_1_59' title='bbox 122 672 255 710; x_wconf 86' lang='lat' dir='ltr'><strong>Muell.</strong></span> <span class='ocrx_word' id='word_1_60' title='bbox 293 672 453 709; x_wconf 86' lang='lat' dir='ltr'><strong>Nachtr.</strong></span> <span class='ocrx_word' id='word_1_61' title='bbox 495 685 532 722; x_wconf 91' lang='lat' dir='ltr'><strong>p.</strong></span> <span class='ocrx_word' id='word_1_62' title='bbox 566 672 616 709; x_wconf 84' lang='lat'><strong>32</strong></span> <span class='ocrx_word' id='word_1_63' title='bbox 660 670 806 721; x_wconf 81' lang='lat' dir='ltr'><strong>„quo“,</strong></span> <span class='ocrx_word' id='word_1_64' title='bbox 844 676 889 709; x_wconf 87' lang='lat' dir='ltr'><strong>ut</strong></span> <span class='ocrx_word' id='word_1_65' title='bbox 920 673 959 708; x_wconf 90' lang='lat' dir='ltr'><strong>in</strong></span> <span class='ocrx_word' id='word_1_66' title='bbox 990 672 1168 722; x_wconf 85' lang='lat' dir='ltr'><strong>proximo</strong></span> <span class='ocrx_word' id='word_1_67' title='bbox 1201 685 1329 710; x_wconf 85' lang='lat' dir='ltr'><strong>versu.</strong></span> <span class='ocrx_word' id='word_1_68' title='bbox 1360 692 1414 698; x_wconf 87' lang='lat'><strong>-—</strong></span> <span class='ocrx_word' id='word_1_69' title='bbox 1440 675 1583 719; x_wconf 73' lang='lat' dir='ltr'><strong>possiet</strong></span> 
     </span>
     <span class='ocr_line' id='line_1_8' title="bbox 122 740 1579 788; baseline -0.001 -9"><span class='ocrx_word' id='word_1_70' title='bbox 122 740 226 779; x_wconf 85' lang='lat' dir='ltr'>Cam.</span> <span class='ocrx_word' id='word_1_71' title='bbox 258 759 313 765; x_wconf 91' lang='lat'>—</span> <span class='ocrx_word' id='word_1_72' title='bbox 348 741 439 777; x_wconf 88' lang='grc'>146.</span> <span class='ocrx_word' id='word_1_73' title='bbox 471 741 552 778; x_wconf 81' lang='lat' dir='ltr'><strong>sine</strong></span> <span class='ocrx_word' id='word_1_74' title='bbox 588 740 688 778; x_wconf 84' lang='lat' dir='ltr'><strong>malo</strong></span> <span class='ocrx_word' id='word_1_75' title='bbox 719 741 834 785; x_wconf 70' lang='lat' dir='ltr'><strong>omni,</strong></span> <span class='ocrx_word' id='word_1_76' title='bbox 875 741 900 778; x_wconf 87' lang='lat' dir='ltr'><strong>i.</strong></span> <span class='ocrx_word' id='word_1_77' title='bbox 933 753 965 777; x_wconf 87' lang='lat' dir='ltr'><strong>e.</strong></span> <span class='ocrx_word' id='word_1_78' title='bbox 998 741 1080 778; x_wconf 84' lang='lat' dir='ltr'><strong>sine</strong></span> <span class='ocrx_word' id='word_1_79' title='bbox 1110 741 1192 777; x_wconf 91' lang='lat' dir='ltr'><strong>ullo</strong></span> <span class='ocrx_word' id='word_1_80' title='bbox 1222 741 1339 788; x_wconf 84' lang='lat' dir='ltr'><strong>malo,</strong></span> <span class='ocrx_word' id='word_1_81' title='bbox 1382 741 1429 779; x_wconf 87' lang='lat' dir='ltr'><strong>cf.</strong></span> <span class='ocrx_word' id='word_1_82' title='bbox 1462 741 1579 779; x_wconf 89' lang='lat' dir='ltr'><strong>Poen.</strong></span> 
     </span>
     <span class='ocr_line' id='line_1_9' title="bbox 123 808 1580 857; baseline -0.001 -9"><span class='ocrx_word' id='word_1_83' title='bbox 123 811 215 848; x_wconf 87' lang='lat'>241.</span> <span class='ocrx_word' id='word_1_84' title='bbox 248 809 357 846; x_wconf 89' lang='lat' dir='ltr'>Trin.</span> <span class='ocrx_word' id='word_1_85' title='bbox 378 809 473 846; x_wconf 82' lang='lat'>263.</span> <span class='ocrx_word' id='word_1_86' title='bbox 503 809 591 846; x_wconf 79' lang='lat' dir='ltr'>Aul.</span> <span class='ocrx_word' id='word_1_87' title='bbox 612 810 691 847; x_wconf 88' lang='lat'><strong>208</strong></span> <span class='ocrx_word' id='word_1_88' title='bbox 724 822 810 846; x_wconf 90' lang='lat' dir='ltr'><strong>cum</strong></span> <span class='ocrx_word' id='word_1_89' title='bbox 841 822 930 846; x_wconf 86' lang='lat' dir='ltr'><strong>ann.</strong></span> <span class='ocrx_word' id='word_1_90' title='bbox 963 828 1017 833; x_wconf 94' lang='lat'><strong>—</strong></span> <span class='ocrx_word' id='word_1_91' title='bbox 1048 811 1095 847; x_wconf 79' lang='lat' dir='ltr'><strong>ut</strong></span> <span class='ocrx_word' id='word_1_92' title='bbox 1125 821 1170 846; x_wconf 83' lang='lat' dir='ltr'><strong>ne</strong></span> <span class='ocrx_word' id='word_1_93' title='bbox 1200 808 1346 857; x_wconf 86' lang='lat' dir='ltr'><strong>Guiet.,</strong></span> <span class='ocrx_word' id='word_1_94' title='bbox 1378 824 1413 847; x_wconf 93' lang='lat' dir='ltr'><strong>v.</strong></span> <span class='ocrx_word' id='word_1_95' title='bbox 1446 810 1580 848; x_wconf 83' lang='lat' dir='ltr'><strong>Madv.</strong></span> 
     </span>
     <span class='ocr_line' id='line_1_10' title="bbox 122 876 1582 924; baseline -0.001 -9"><span class='ocrx_word' id='word_1_96' title='bbox 122 878 170 916; x_wconf 81' lang='lat' dir='ltr'><strong>ad</strong></span> <span class='ocrx_word' id='word_1_97' title='bbox 208 877 286 915; x_wconf 89' lang='lat' dir='ltr'>Cic.</span> <span class='ocrx_word' id='word_1_98' title='bbox 327 876 415 915; x_wconf 89' lang='lat' dir='ltr'>Fin.</span> <span class='ocrx_word' id='word_1_99' title='bbox 455 876 504 915; x_wconf 89' lang='grc' dir='ltr'><strong>ΙΙ.</strong></span> <span class='ocrx_word' id='word_1_100' title='bbox 540 878 604 924; x_wconf 89' lang='grc'><strong>20,</strong></span> <span class='ocrx_word' id='word_1_101' title='bbox 644 878 708 915; x_wconf 90' lang='lat'><strong>64.</strong></span> <span class='ocrx_word' id='word_1_102' title='bbox 770 876 828 914; x_wconf 90' lang='lat' dir='ltr'><strong>De</strong></span> <span class='ocrx_word' id='word_1_103' title='bbox 865 877 1081 914; x_wconf 88' lang='lat' dir='ltr'><strong>indicativo</strong></span> <span class='ocrx_word' id='word_1_104' title='bbox 1118 878 1223 915; x_wconf 64' lang='lat' dir='ltr'><strong>uoles</strong></span> <span class='ocrx_word' id='word_1_105' title='bbox 1262 891 1298 915; x_wconf 85' lang='lat' dir='ltr'><strong>v.</strong></span> <span class='ocrx_word' id='word_1_106' title='bbox 1338 877 1387 914; x_wconf 86' lang='lat' dir='ltr'><strong>ad</strong></span> <span class='ocrx_word' id='word_1_107' title='bbox 1426 878 1582 916; x_wconf 83' lang='lat' dir='ltr'><strong>Trucul.</strong></span> 
     </span>
     <span class='ocr_line' id='line_1_11' title="bbox 123 946 1582 996; baseline -0.001 -12"><span class='ocrx_word' id='word_1_108' title='bbox 123 948 214 985; x_wconf 90' lang='lat'>758.</span> <span class='ocrx_word' id='word_1_109' title='bbox 248 965 300 971; x_wconf 88' lang='lat'>—</span> <span class='ocrx_word' id='word_1_110' title='bbox 336 947 427 983; x_wconf 87' lang='lat'>149.</span> <span class='ocrx_word' id='word_1_111' title='bbox 458 946 650 983; x_wconf 57' lang='lat' dir='ltr'><strong>dexteram</strong></span> <span class='ocrx_word' id='word_1_112' title='bbox 681 946 908 984; x_wconf 83' lang='lat' dir='ltr'><strong>Saracenus.</strong></span> <span class='ocrx_word' id='word_1_113' title='bbox 955 946 1114 993; x_wconf 71' lang='lat' dir='ltr'><strong>ayedum</strong></span> <span class='ocrx_word' id='word_1_114' title='bbox 1147 946 1207 985; x_wconf 89' lang='lat' dir='ltr'><strong>ed.</strong></span> <span class='ocrx_word' id='word_1_115' title='bbox 1238 960 1299 996; x_wconf 90' lang='lat' dir='ltr'><strong>pr.</strong></span> <span class='ocrx_word' id='word_1_116' title='bbox 1331 966 1387 970; x_wconf 96' lang='lat'><strong>—</strong></span> <span class='ocrx_word' id='word_1_117' title='bbox 1417 947 1582 993; x_wconf 75' lang='lat' dir='ltr'><strong>clabitur,</strong></span> 
     </span>
     <span class='ocr_line' id='line_1_12' title="bbox 122 1015 362 1053; baseline 0 -2"><span class='ocrx_word' id='word_1_118' title='bbox 122 1028 156 1052; x_wconf 93' lang='lat' dir='ltr'><strong>v.</strong></span> <span class='ocrx_word' id='word_1_119' title='bbox 188 1015 238 1052; x_wconf 87' lang='lat' dir='ltr'><strong>ad</strong></span> <span class='ocrx_word' id='word_1_120' title='bbox 270 1015 362 1053; x_wconf 86' lang='lat'>765.</span> 
     </span>
    </p>

    <p class='ocr_par' dir='ltr' id='par_1_3' title="bbox 115 1082 1588 2232">
     <span class='ocr_line' id='line_1_13' title="bbox 239 1082 1583 1134; baseline 0 -13"><span class='ocrx_word' id='word_1_121' title='bbox 239 1084 430 1121; x_wconf 88' lang='lat'>150—64</span> <span class='ocrx_word' id='word_1_122' title='bbox 469 1082 629 1120; x_wconf 76' lang='lat' dir='ltr'><strong>seclusit</strong></span> <span class='ocrx_word' id='word_1_123' title='bbox 667 1082 727 1129; x_wconf 90' lang='lat' dir='ltr'><strong>R.,</strong></span> <span class='ocrx_word' id='word_1_124' title='bbox 768 1097 811 1120; x_wconf 89' lang='lat' dir='ltr'><strong>ac</strong></span> <span class='ocrx_word' id='word_1_125' title='bbox 851 1097 944 1120; x_wconf 85' lang='lat' dir='ltr'><strong>sane</strong></span> <span class='ocrx_word' id='word_1_126' title='bbox 983 1084 1108 1132; x_wconf 84' lang='lat' dir='ltr'><strong>magis</strong></span> <span class='ocrx_word' id='word_1_127' title='bbox 1147 1083 1323 1134; x_wconf 80' lang='lat' dir='ltr'><strong>placeret</strong></span> <span class='ocrx_word' id='word_1_128' title='bbox 1362 1098 1490 1122; x_wconf 85' lang='lat' dir='ltr'><strong>sermo</strong></span> <span class='ocrx_word' id='word_1_129' title='bbox 1522 1085 1583 1122; x_wconf 84' lang='lat' dir='ltr'><strong>his</strong></span> 
     </span>
     <span class='ocr_line' id='line_1_14' title="bbox 122 1151 1579 1201; baseline 0.001 -12"><span class='ocrx_word' id='word_1_130' title='bbox 122 1152 281 1201; x_wconf 85' lang='lat' dir='ltr'><strong>ineptiis</strong></span> <span class='ocrx_word' id='word_1_131' title='bbox 312 1164 389 1188; x_wconf 89' lang='lat' dir='ltr'><strong>non</strong></span> <span class='ocrx_word' id='word_1_132' title='bbox 422 1152 681 1200; x_wconf 83' lang='lat' dir='ltr'><strong>interruptus.</strong></span> <span class='ocrx_word' id='word_1_133' title='bbox 719 1153 809 1190; x_wconf 95' lang='lat'>150.</span> <span class='ocrx_word' id='word_1_134' title='bbox 842 1164 920 1190; x_wconf 76' lang='lat' dir='ltr'><strong>esse</strong></span> <span class='ocrx_word' id='word_1_135' title='bbox 950 1152 1206 1200; x_wconf 75' lang='lat' dir='ltr'><strong>obsequentem</strong></span> <span class='ocrx_word' id='word_1_136' title='bbox 1239 1152 1323 1201; x_wconf 81' lang='lat' dir='ltr'>Pyl.</span> <span class='ocrx_word' id='word_1_137' title='bbox 1349 1157 1389 1189; x_wconf 87' lang='lat' dir='ltr'><strong>et</strong></span> <span class='ocrx_word' id='word_1_138' title='bbox 1406 1151 1512 1190; x_wconf 86' lang='lat' dir='ltr'>Cam.</span> <span class='ocrx_word' id='word_1_139' title='bbox 1532 1172 1579 1178; x_wconf 94' lang='lat'>—</span> 
     </span>
     <span class='ocr_line' id='line_1_15' title="bbox 128 1219 1582 1270; baseline 0.001 -12"><span class='ocrx_word' id='word_1_140' title='bbox 128 1219 268 1268; x_wconf 79' lang='lat' dir='ltr'><strong>Opera,</strong></span> <span class='ocrx_word' id='word_1_141' title='bbox 314 1233 360 1257; x_wconf 95' lang='lat' dir='ltr'><strong>eo</strong></span> <span class='ocrx_word' id='word_1_142' title='bbox 407 1219 513 1270; x_wconf 90' lang='lat' dir='ltr'><strong>quod</strong></span> <span class='ocrx_word' id='word_1_143' title='bbox 550 1221 695 1257; x_wconf 85' lang='lat' dir='ltr'><strong>factum</strong></span> <span class='ocrx_word' id='word_1_144' title='bbox 735 1225 814 1268; x_wconf 85' lang='lat' dir='ltr'><strong>est,</strong></span> <span class='ocrx_word' id='word_1_145' title='bbox 856 1221 902 1258; x_wconf 89' lang='lat' dir='ltr'><strong>cf.</strong></span> <span class='ocrx_word' id='word_1_146' title='bbox 946 1221 1086 1258; x_wconf 82' lang='lat' dir='ltr'><strong>Pseud.</strong></span> <span class='ocrx_word' id='word_1_147' title='bbox 1132 1222 1250 1258; x_wconf 88' lang='lat'>1010.</span> <span class='ocrx_word' id='word_1_148' title='bbox 1283 1240 1337 1246; x_wconf 91' lang='lat'><strong>—-</strong></span> <span class='ocrx_word' id='word_1_149' title='bbox 1372 1222 1465 1260; x_wconf 80' lang='lat'>151.</span> <span class='ocrx_word' id='word_1_150' title='bbox 1504 1223 1582 1270; x_wconf 76' lang='lat' dir='ltr'><strong>qui,</strong></span> 
     </span>
     <span class='ocr_line' id='line_1_16' title="bbox 122 1287 1584 1337; baseline 0.001 -11"><span class='ocrx_word' id='word_1_151' title='bbox 122 1303 157 1326; x_wconf 88' lang='lat' dir='ltr'><strong>v.</strong></span> <span class='ocrx_word' id='word_1_152' title='bbox 189 1288 238 1325; x_wconf 88' lang='lat' dir='ltr'><strong>ad</strong></span> <span class='ocrx_word' id='word_1_153' title='bbox 270 1287 355 1325; x_wconf 87' lang='lat' dir='ltr'>Mil.</span> <span class='ocrx_word' id='word_1_154' title='bbox 382 1289 447 1326; x_wconf 90' lang='lat'><strong>66.</strong></span> <span class='ocrx_word' id='word_1_155' title='bbox 479 1307 535 1312; x_wconf 91' lang='lat'><strong>-—</strong></span> <span class='ocrx_word' id='word_1_156' title='bbox 570 1289 660 1326; x_wconf 89' lang='lat'>153.</span> <span class='ocrx_word' id='word_1_157' title='bbox 687 1290 741 1326; x_wconf 77' lang='lat' dir='ltr'><strong>cis</strong></span> <span class='ocrx_word' id='word_1_158' title='bbox 765 1288 854 1326; x_wconf 88' lang='lat' dir='ltr'><strong>add.</strong></span> <span class='ocrx_word' id='word_1_159' title='bbox 872 1289 998 1337; x_wconf 84' lang='lat' dir='ltr'>Acid.,</span> <span class='ocrx_word' id='word_1_160' title='bbox 1024 1303 1060 1326; x_wconf 91' lang='lat' dir='ltr'><strong>v.</strong></span> <span class='ocrx_word' id='word_1_161' title='bbox 1087 1289 1135 1326; x_wconf 85' lang='lat' dir='ltr'><strong>ad</strong></span> <span class='ocrx_word' id='word_1_162' title='bbox 1160 1289 1277 1327; x_wconf 87' lang='lat' dir='ltr'><strong>Most.</strong></span> <span class='ocrx_word' id='word_1_163' title='bbox 1309 1291 1371 1327; x_wconf 89' lang='lat'><strong>17.</strong></span> <span class='ocrx_word' id='word_1_164' title='bbox 1390 1309 1443 1315; x_wconf 84' lang='grc'><strong>-</strong></span> <span class='ocrx_word' id='word_1_165' title='bbox 1461 1290 1584 1337; x_wconf 80' lang='lat' dir='ltr'><strong>Palpo</strong></span> 
     </span>
     <span class='ocr_line' id='line_1_17' title="bbox 115 1355 1584 1408; baseline 0 -13"><span class='ocrx_word' id='word_1_166' title='bbox 115 1359 299 1406; x_wconf 75' lang='lat' dir='ltr'><strong>percutis,</strong></span> <span class='ocrx_word' id='word_1_167' title='bbox 325 1356 528 1403; x_wconf 85' lang='lat' dir='ltr'><strong>blandiris,</strong></span> <span class='ocrx_word' id='word_1_168' title='bbox 555 1357 602 1395; x_wconf 92' lang='lat' dir='ltr'><strong>cf.</strong></span> <span class='ocrx_word' id='word_1_169' title='bbox 621 1357 764 1406; x_wconf 90' lang='lat' dir='ltr'>Amph.</span> <span class='ocrx_word' id='word_1_170' title='bbox 785 1359 878 1395; x_wconf 89' lang='lat'>522.</span> <span class='ocrx_word' id='word_1_171' title='bbox 896 1378 949 1382; x_wconf 96' lang='lat'><strong>—</strong></span> <span class='ocrx_word' id='word_1_172' title='bbox 971 1360 1063 1397; x_wconf 86' lang='lat'>155.</span> <span class='ocrx_word' id='word_1_173' title='bbox 1081 1358 1158 1396; x_wconf 93' lang='lat' dir='ltr'><strong>Pro</strong></span> <span class='ocrx_word' id='word_1_174' title='bbox 1175 1370 1262 1396; x_wconf 80' lang='lat' dir='ltr'><strong>sum</strong></span> <span class='ocrx_word' id='word_1_175' title='bbox 1278 1359 1417 1408; x_wconf 86' lang='lat' dir='ltr'><strong>vulgo:</strong></span> <span class='ocrx_word' id='word_1_176' title='bbox 1447 1355 1584 1406; x_wconf 83' lang='lat' dir='ltr'><strong>„sim“,</strong></span> 
     </span>
     <span class='ocr_line' id='line_1_18' title="bbox 122 1422 1584 1476; baseline 0 -13"><span class='ocrx_word' id='word_1_177' title='bbox 122 1428 223 1464; x_wconf 87' lang='lat' dir='ltr'><strong>ratio</strong></span> <span class='ocrx_word' id='word_1_178' title='bbox 265 1422 426 1476; x_wconf 81' lang='lat' dir='ltr'><strong>⁷,fuero“</strong></span> <span class='ocrx_word' id='word_1_179' title='bbox 466 1427 656 1475; x_wconf 77' lang='lat' dir='ltr'><strong>postulat.</strong></span> <span class='ocrx_word' id='word_1_180' title='bbox 690 1445 746 1452; x_wconf 92' lang='lat'><strong>—</strong></span> <span class='ocrx_word' id='word_1_181' title='bbox 775 1427 848 1464; x_wconf 73' lang='lat' dir='ltr'><strong>seis</strong></span> <span class='ocrx_word' id='word_1_182' title='bbox 884 1428 920 1464; x_wconf 79' lang='lat' dir='ltr'><strong>si</strong></span> <span class='ocrx_word' id='word_1_183' title='bbox 957 1426 1061 1464; x_wconf 85' lang='lat' dir='ltr'>Cam.</span> <span class='ocrx_word' id='word_1_184' title='bbox 1093 1447 1148 1451; x_wconf 96' lang='lat'><strong>—</strong></span> <span class='ocrx_word' id='word_1_185' title='bbox 1184 1428 1259 1464; x_wconf 89' lang='lat'><strong>157</strong></span> <span class='ocrx_word' id='word_1_186' title='bbox 1302 1440 1358 1476; x_wconf 89' lang='lat' dir='ltr'><strong>sq.</strong></span> <span class='ocrx_word' id='word_1_187' title='bbox 1392 1426 1584 1464; x_wconf 84' lang='lat' dir='ltr'><strong>Personas</strong></span> 
     </span>
     <span class='ocr_line' id='line_1_19' title="bbox 121 1494 1588 1545; baseline 0 -13"><span class='ocrx_word' id='word_1_188' title='bbox 121 1496 160 1532; x_wconf 92' lang='lat' dir='ltr'><strong>in</strong></span> <span class='ocrx_word' id='word_1_189' title='bbox 190 1494 304 1532; x_wconf 91' lang='lat' dir='ltr'><strong>codd.</strong></span> <span class='ocrx_word' id='word_1_190' title='bbox 335 1499 579 1545; x_wconf 86' lang='lat' dir='ltr'><strong>permutatas</strong></span> <span class='ocrx_word' id='word_1_191' title='bbox 606 1508 688 1533; x_wconf 87' lang='lat' dir='ltr'><strong>esse</strong></span> <span class='ocrx_word' id='word_1_192' title='bbox 720 1495 845 1532; x_wconf 89' lang='lat' dir='ltr'><strong>Aldus</strong></span> <span class='ocrx_word' id='word_1_193' title='bbox 875 1500 982 1533; x_wconf 88' lang='lat' dir='ltr'><strong>recte</strong></span> <span class='ocrx_word' id='word_1_194' title='bbox 1013 1496 1224 1533; x_wconf 82' lang='lat' dir='ltr'><strong>intellexit.</strong></span> <span class='ocrx_word' id='word_1_195' title='bbox 1287 1494 1363 1532; x_wconf 88' lang='lat' dir='ltr'><strong>Sed</strong></span> <span class='ocrx_word' id='word_1_196' title='bbox 1393 1495 1514 1532; x_wconf 88' lang='lat' dir='ltr'><strong>verba</strong></span> <span class='ocrx_word' id='word_1_197' title='bbox 1545 1497 1588 1532; x_wconf 80' lang='lat' dir='ltr'><strong>at</strong></span> 
     </span>
     <span class='ocr_line' id='line_1_20' title="bbox 119 1562 1583 1611; baseline 0.001 -11"><span class='ocrx_word' id='word_1_198' title='bbox 119 1565 217 1601; x_wconf 70' lang='lat' dir='ltr'><strong>enim</strong></span> <span class='ocrx_word' id='word_1_199' title='bbox 242 1563 396 1611; x_wconf 74' lang='lat' dir='ltr'><strong>placide</strong></span> <span class='ocrx_word' id='word_1_200' title='bbox 425 1562 514 1601; x_wconf 78' lang='lat' dir='ltr'><strong>uolo</strong></span> <span class='ocrx_word' id='word_1_201' title='bbox 546 1576 704 1600; x_wconf 84' lang='lat' dir='ltr'><strong>necesse</strong></span> <span class='ocrx_word' id='word_1_202' title='bbox 736 1567 796 1601; x_wconf 85' lang='lat' dir='ltr'><strong>est</strong></span> <span class='ocrx_word' id='word_1_203' title='bbox 826 1564 1065 1602; x_wconf 89' lang='lat' dir='ltr'><strong>Acanthioni</strong></span> <span class='ocrx_word' id='word_1_204' title='bbox 1097 1566 1401 1611; x_wconf 84' lang='lat' dir='ltr'><strong>continuentur3</strong></span> <span class='ocrx_word' id='word_1_205' title='bbox 1434 1564 1583 1611; x_wconf 70' lang='lat' dir='ltr'><strong>placide</strong></span> 
     </span>
     <span class='ocr_line' id='line_1_21' title="bbox 121 1631 1580 1682; baseline 0.001 -13"><span class='ocrx_word' id='word_1_206' title='bbox 121 1633 221 1670; x_wconf 90' lang='lat' dir='ltr'><strong>enim</strong></span> <span class='ocrx_word' id='word_1_207' title='bbox 269 1631 462 1669; x_wconf 87' lang='lat' dir='ltr'><strong>Charinus</strong></span> <span class='ocrx_word' id='word_1_208' title='bbox 522 1631 679 1681; x_wconf 87' lang='lat' dir='ltr'><strong>quidem</strong></span> <span class='ocrx_word' id='word_1_209' title='bbox 725 1632 823 1669; x_wconf 90' lang='lat' dir='ltr'><strong>nihil</strong></span> <span class='ocrx_word' id='word_1_210' title='bbox 871 1634 932 1682; x_wconf 85' lang='lat' dir='ltr'><strong>agi</strong></span> <span class='ocrx_word' id='word_1_211' title='bbox 976 1633 1081 1679; x_wconf 88' lang='lat' dir='ltr'><strong>vult,</strong></span> <span class='ocrx_word' id='word_1_212' title='bbox 1135 1632 1329 1670; x_wconf 86' lang='lat' dir='ltr'><strong>Acanthio</strong></span> <span class='ocrx_word' id='word_1_213' title='bbox 1373 1633 1476 1680; x_wconf 89' lang='lat' dir='ltr'><strong>vult,</strong></span> <span class='ocrx_word' id='word_1_214' title='bbox 1532 1634 1580 1670; x_wconf 82' lang='lat' dir='ltr'><strong>cf.</strong></span> 
     </span>
     <span class='ocr_line' id='line_1_22' title="bbox 125 1695 1579 1753; baseline 0 -15"><span class='ocrx_word' id='word_1_215' title='bbox 125 1702 216 1739; x_wconf 91' lang='lat'>166.</span> <span class='ocrx_word' id='word_1_216' title='bbox 250 1720 302 1725; x_wconf 92' lang='lat'>—</span> <span class='ocrx_word' id='word_1_217' title='bbox 337 1701 428 1739; x_wconf 91' lang='grc'><strong>158.</strong></span> <span class='ocrx_word' id='word_1_218' title='bbox 468 1699 570 1748; x_wconf 75' lang='lat' dir='ltr'><strong>Quid</strong></span> <span class='ocrx_word' id='word_1_219' title='bbox 597 1703 653 1738; x_wconf 76' lang='lat' dir='ltr'><strong>est</strong></span> <span class='ocrx_word' id='word_1_220' title='bbox 681 1700 795 1738; x_wconf 90' lang='lat' dir='ltr'><strong>codd.</strong></span> <span class='ocrx_word' id='word_1_221' title='bbox 821 1702 966 1738; x_wconf 89' lang='lat' dir='ltr'><strong>vitioso</strong></span> <span class='ocrx_word' id='word_1_222' title='bbox 990 1714 1126 1748; x_wconf 89' lang='lat' dir='ltr'><strong>versu;</strong></span> <span class='ocrx_word' id='word_1_223' title='bbox 1152 1701 1235 1750; x_wconf 84' lang='lat' dir='ltr'>Pyl.</span> <span class='ocrx_word' id='word_1_224' title='bbox 1262 1703 1461 1751; x_wconf 84' lang='lat' dir='ltr'><strong>ceterique</strong></span> <span class='ocrx_word' id='word_1_225' title='bbox 1488 1695 1579 1753; x_wconf 83' lang='lat' dir='ltr'><strong>„id“</strong></span> 
     </span>
     <span class='ocr_line' id='line_1_23' title="bbox 122 1768 1584 1817; baseline 0.001 -10"><span class='ocrx_word' id='word_1_226' title='bbox 122 1769 286 1807; x_wconf 86' lang='lat' dir='ltr'><strong>addunt.</strong></span> <span class='ocrx_word' id='word_1_227' title='bbox 319 1788 371 1793; x_wconf 85' lang='lat'>—</span> <span class='ocrx_word' id='word_1_228' title='bbox 408 1770 498 1806; x_wconf 85' lang='lat'>159.</span> <span class='ocrx_word' id='word_1_229' title='bbox 541 1768 581 1806; x_wconf 85' lang='lat' dir='ltr'><strong>Si</strong></span> <span class='ocrx_word' id='word_1_230' title='bbox 621 1771 759 1808; x_wconf 76' lang='lat' dir='ltr'><strong>metuis</strong></span> <span class='ocrx_word' id='word_1_231' title='bbox 798 1783 934 1807; x_wconf 85' lang='lat' dir='ltr'><strong>verum</strong></span> <span class='ocrx_word' id='word_1_232' title='bbox 972 1774 1044 1817; x_wconf 87' lang='lat' dir='ltr'><strong>est,</strong></span> <span class='ocrx_word' id='word_1_233' title='bbox 1083 1772 1300 1808; x_wconf 86' lang='lat' dir='ltr'><strong>nesessario</strong></span> <span class='ocrx_word' id='word_1_234' title='bbox 1333 1783 1419 1807; x_wconf 91' lang='lat' dir='ltr'><strong>cum</strong></span> <span class='ocrx_word' id='word_1_235' title='bbox 1452 1770 1584 1808; x_wconf 84' lang='lat' dir='ltr'><strong>Kiess-</strong></span> 
     </span>
     <span class='ocr_line' id='line_1_24' title="bbox 122 1837 1584 1889; baseline 0.001 -13"><span class='ocrx_word' id='word_1_236' title='bbox 122 1838 243 1886; x_wconf 87' lang='lat' dir='ltr'><strong>lingio</strong></span> <span class='ocrx_word' id='word_1_237' title='bbox 281 1837 531 1875; x_wconf 87' lang='lat' dir='ltr'><strong>scribendum</strong></span> <span class='ocrx_word' id='word_1_238' title='bbox 570 1839 733 1875; x_wconf 58' lang='lat' dir='ltr'><strong>eseitem.</strong></span> <span class='ocrx_word' id='word_1_239' title='bbox 796 1837 837 1876; x_wconf 91' lang='lat' dir='ltr'><strong>Si</strong></span> <span class='ocrx_word' id='word_1_240' title='bbox 871 1837 1068 1889; x_wconf 83' lang='lat' dir='ltr'><strong>„excites“</strong></span> <span class='ocrx_word' id='word_1_241' title='bbox 1102 1852 1238 1877; x_wconf 89' lang='lat' dir='ltr'><strong>verum</strong></span> <span class='ocrx_word' id='word_1_242' title='bbox 1279 1843 1350 1887; x_wconf 86' lang='lat' dir='ltr'><strong>est,</strong></span> <span class='ocrx_word' id='word_1_243' title='bbox 1387 1839 1451 1876; x_wconf 93' lang='lat' dir='ltr'><strong>hic</strong></span> <span class='ocrx_word' id='word_1_244' title='bbox 1489 1853 1584 1889; x_wconf 91' lang='lat' dir='ltr'><strong>quo-</strong></span> 
     </span>
     <span class='ocr_line' id='line_1_25' title="bbox 123 1906 1580 1958; baseline 0.001 -14"><span class='ocrx_word' id='word_1_245' title='bbox 123 1919 199 1956; x_wconf 86' lang='lat' dir='ltr'><strong>que</strong></span> <span class='ocrx_word' id='word_1_246' title='bbox 243 1919 381 1944; x_wconf 85' lang='lat' dir='ltr'><strong>versus</strong></span> <span class='ocrx_word' id='word_1_247' title='bbox 426 1919 538 1943; x_wconf 85' lang='lat' dir='ltr'><strong>servo</strong></span> <span class='ocrx_word' id='word_1_248' title='bbox 584 1906 862 1944; x_wconf 84' lang='lat' dir='ltr'><strong>attribuendus</strong></span> <span class='ocrx_word' id='word_1_249' title='bbox 909 1911 980 1953; x_wconf 84' lang='lat' dir='ltr'><strong>est,</strong></span> <span class='ocrx_word' id='word_1_250' title='bbox 1028 1911 1068 1944; x_wconf 90' lang='lat' dir='ltr'><strong>et</strong></span> <span class='ocrx_word' id='word_1_251' title='bbox 1107 1919 1180 1956; x_wconf 89' lang='lat' dir='ltr'><strong>pro</strong></span> <span class='ocrx_word' id='word_1_252' title='bbox 1218 1909 1353 1945; x_wconf 70' lang='lat' dir='ltr'><strong>metuis</strong></span> <span class='ocrx_word' id='word_1_253' title='bbox 1396 1906 1580 1958; x_wconf 74' lang='lat' dir='ltr'><strong>„metu0“</strong></span> 
     </span>
     <span class='ocr_line' id='line_1_26' title="bbox 124 1975 1584 2026; baseline 0.001 -13"><span class='ocrx_word' id='word_1_254' title='bbox 124 1975 386 2014; x_wconf 84' lang='lat' dir='ltr'><strong>scribendum.</strong></span> <span class='ocrx_word' id='word_1_255' title='bbox 418 1994 474 1999; x_wconf 94' lang='lat'>—</span> <span class='ocrx_word' id='word_1_256' title='bbox 509 1975 598 2013; x_wconf 90' lang='lat'>160.</span> <span class='ocrx_word' id='word_1_257' title='bbox 643 1975 722 2013; x_wconf 82' lang='lat' dir='ltr'><strong>Uae</strong></span> <span class='ocrx_word' id='word_1_258' title='bbox 761 1975 835 2013; x_wconf 67' lang='lat' dir='ltr'>tibi.</span> <span class='ocrx_word' id='word_1_259' title='bbox 897 1975 983 2014; x_wconf 87' lang='lat' dir='ltr'><strong>Tali</strong></span> <span class='ocrx_word' id='word_1_260' title='bbox 1015 1977 1168 2013; x_wconf 90' lang='lat' dir='ltr'><strong>ratione</strong></span> <span class='ocrx_word' id='word_1_261' title='bbox 1200 1977 1384 2013; x_wconf 84' lang='lat' dir='ltr'><strong>scurriles</strong></span> <span class='ocrx_word' id='word_1_262' title='bbox 1415 1978 1584 2026; x_wconf 83' lang='lat' dir='ltr'><strong>ineptias</strong></span> 
     </span>
     <span class='ocr_line' id='line_1_27' title="bbox 124 2042 1584 2090; baseline 0.001 -9"><span class='ocrx_word' id='word_1_263' title='bbox 124 2045 286 2081; x_wconf 87' lang='lat' dir='ltr'><strong>reiicere</strong></span> <span class='ocrx_word' id='word_1_264' title='bbox 325 2042 516 2090; x_wconf 82' lang='lat' dir='ltr'><strong>solebant,</strong></span> <span class='ocrx_word' id='word_1_265' title='bbox 557 2058 591 2081; x_wconf 89' lang='lat' dir='ltr'><strong>v.</strong></span> <span class='ocrx_word' id='word_1_266' title='bbox 628 2044 676 2080; x_wconf 91' lang='lat' dir='ltr'><strong>ad</strong></span> <span class='ocrx_word' id='word_1_267' title='bbox 709 2043 794 2082; x_wconf 86' lang='lat' dir='ltr'>Mil.</span> <span class='ocrx_word' id='word_1_268' title='bbox 831 2045 923 2082; x_wconf 86' lang='lat'>288.</span> <span class='ocrx_word' id='word_1_269' title='bbox 957 2063 1012 2069; x_wconf 91' lang='lat'><strong>-—</strong></span> <span class='ocrx_word' id='word_1_270' title='bbox 1048 2046 1139 2082; x_wconf 89' lang='grc'><strong>162.</strong></span> <span class='ocrx_word' id='word_1_271' title='bbox 1172 2044 1278 2082; x_wconf 66' lang='lat' dir='ltr'><strong>Pera·</strong></span> <span class='ocrx_word' id='word_1_272' title='bbox 1315 2044 1497 2082; x_wconf 89' lang='lat' dir='ltr'><strong>Saracen.</strong></span> <span class='ocrx_word' id='word_1_273' title='bbox 1533 2065 1584 2070; x_wconf 94' lang='lat'>—</span> 
     </span>
     <span class='ocr_line' id='line_1_28' title="bbox 129 2113 1585 2162; baseline 0.001 -12"><span class='ocrx_word' id='word_1_274' title='bbox 129 2113 220 2160; x_wconf 87' lang='grc'><strong>163,</strong></span> <span class='ocrx_word' id='word_1_275' title='bbox 258 2125 394 2150; x_wconf 89' lang='lat' dir='ltr'><strong>versus</strong></span> <span class='ocrx_word' id='word_1_276' title='bbox 433 2116 512 2149; x_wconf 86' lang='lat' dir='ltr'><strong>tam</strong></span> <span class='ocrx_word' id='word_1_277' title='bbox 545 2114 701 2162; x_wconf 88' lang='lat' dir='ltr'><strong>ineptus</strong></span> <span class='ocrx_word' id='word_1_278' title='bbox 733 2126 851 2162; x_wconf 90' lang='lat' dir='ltr'><strong>quam</strong></span> <span class='ocrx_word' id='word_1_279' title='bbox 883 2115 1055 2151; x_wconf 86' lang='lat' dir='ltr'><strong>numeris</strong></span> <span class='ocrx_word' id='word_1_280' title='bbox 1087 2113 1319 2161; x_wconf 76' lang='lat' dir='ltr'><strong>destitutus3</strong></span> <span class='ocrx_word' id='word_1_281' title='bbox 1350 2113 1396 2152; x_wconf 89' lang='lat' dir='ltr'><strong>R.</strong></span> <span class='ocrx_word' id='word_1_282' title='bbox 1430 2113 1585 2151; x_wconf 89' lang='lat' dir='ltr'><strong>Camer-</strong></span> 
     </span>
     <span class='ocr_line' id='line_1_29' title="bbox 126 2179 1155 2232; baseline 0.002 -14"><span class='ocrx_word' id='word_1_283' title='bbox 126 2182 250 2219; x_wconf 86' lang='lat' dir='ltr'><strong>arium</strong></span> <span class='ocrx_word' id='word_1_284' title='bbox 279 2184 455 2218; x_wconf 82' lang='lat' dir='ltr'><strong>secutus:</strong></span> <span class='ocrx_word' id='word_1_285' title='bbox 491 2179 594 2232; x_wconf 69' lang='lat' dir='ltr'><strong>„AO</strong></span> <span class='ocrx_word' id='word_1_286' title='bbox 627 2181 686 2218; x_wconf 91' lang='lat' dir='ltr'><strong>Tu</strong></span> <span class='ocrx_word' id='word_1_287' title='bbox 717 2181 830 2218; x_wconf 85' lang='lat' dir='ltr'><strong>dixti.</strong></span> <span class='ocrx_word' id='word_1_288' title='bbox 865 2180 944 2219; x_wconf 88' lang='lat' dir='ltr'><strong>CH.</strong></span> <span class='ocrx_word' id='word_1_289' title='bbox 979 2179 1155 2220; x_wconf 79' lang='lat' dir='ltr'><strong>Taces?“</strong></span> 
     </span>
    </p>

    <p class='ocr_par' dir='ltr' id='par_1_4' title="bbox 127 2249 1589 2845">
     <span class='ocr_line' id='line_1_30' title="bbox 242 2249 1585 2300; baseline 0.001 -13"><span class='ocrx_word' id='word_1_290' title='bbox 242 2249 333 2287; x_wconf 92' lang='lat'>165.</span> <span class='ocrx_word' id='word_1_291' title='bbox 380 2249 542 2287; x_wconf 48' lang='lat' dir='ltr'><strong>dds-solue</strong></span> <span class='ocrx_word' id='word_1_292' title='bbox 584 2261 660 2295; x_wconf 81' lang='lat' dir='ltr'><strong>me,</strong></span> <span class='ocrx_word' id='word_1_293' title='bbox 716 2263 830 2299; x_wconf 87' lang='lat' dir='ltr'><strong>quem</strong></span> <span class='ocrx_word' id='word_1_294' title='bbox 884 2251 1056 2288; x_wconf 85' lang='lat' dir='ltr'><strong>vinctum</strong></span> <span class='ocrx_word' id='word_1_295' title='bbox 1109 2252 1402 2300; x_wconf 84' lang='lat' dir='ltr'><strong>exspectatione</strong></span> <span class='ocrx_word' id='word_1_296' title='bbox 1455 2255 1585 2298; x_wconf 81' lang='lat' dir='ltr'><strong>tenes,</strong></span> 
     </span>
     <span class='ocr_line' id='line_1_31' title="bbox 129 2317 1586 2368; baseline 0 -13"><span class='ocrx_word' id='word_1_297' title='bbox 129 2318 176 2356; x_wconf 86' lang='lat' dir='ltr'><strong>cf.</strong></span> <span class='ocrx_word' id='word_1_298' title='bbox 208 2317 296 2355; x_wconf 88' lang='lat' dir='ltr'>Ter.</span> <span class='ocrx_word' id='word_1_299' title='bbox 330 2317 476 2354; x_wconf 89' lang='lat' dir='ltr'><strong>Heaut.</strong></span> <span class='ocrx_word' id='word_1_300' title='bbox 520 2318 620 2355; x_wconf 90' lang='lat'>508:</span> <span class='ocrx_word' id='word_1_301' title='bbox 685 2318 885 2366; x_wconf 83' lang='lat' dir='ltr'><strong>„Dissolui</strong></span> <span class='ocrx_word' id='word_1_302' title='bbox 924 2332 1002 2365; x_wconf 89' lang='lat' dir='ltr'><strong>me,</strong></span> <span class='ocrx_word' id='word_1_303' title='bbox 1044 2320 1195 2357; x_wconf 87' lang='lat' dir='ltr'><strong>otiosus</strong></span> <span class='ocrx_word' id='word_1_304' title='bbox 1234 2332 1393 2368; x_wconf 82' lang='lat' dir='ltr'><strong>operam</strong></span> <span class='ocrx_word' id='word_1_305' title='bbox 1431 2323 1476 2356; x_wconf 88' lang='lat' dir='ltr'><strong>ut</strong></span> <span class='ocrx_word' id='word_1_306' title='bbox 1512 2319 1586 2356; x_wconf 85' lang='lat' dir='ltr'><strong>tibi</strong></span> 
     </span>
     <span class='ocr_line' id='line_1_32' title="bbox 127 2383 1585 2435; baseline 0.001 -12"><span class='ocrx_word' id='word_1_307' title='bbox 127 2383 299 2424; x_wconf 87' lang='lat' dir='ltr'><strong>darem“.</strong></span> <span class='ocrx_word' id='word_1_308' title='bbox 346 2405 400 2410; x_wconf 97' lang='lat'><strong>—</strong></span> <span class='ocrx_word' id='word_1_309' title='bbox 450 2387 540 2423; x_wconf 89' lang='lat'>166.</span> <span class='ocrx_word' id='word_1_310' title='bbox 581 2387 698 2434; x_wconf 67' lang='lat' dir='ltr'><strong>prius</strong></span> <span class='ocrx_word' id='word_1_311' title='bbox 742 2398 858 2434; x_wconf 79' lang='lat' dir='ltr'><strong>quam</strong></span> <span class='ocrx_word' id='word_1_312' title='bbox 902 2386 1105 2435; x_wconf 74' lang='lat' dir='ltr'><strong>uapulem;</strong></span> <span class='ocrx_word' id='word_1_313' title='bbox 1151 2401 1222 2425; x_wconf 92' lang='lat' dir='ltr'><strong>nec</strong></span> <span class='ocrx_word' id='word_1_314' title='bbox 1266 2388 1368 2424; x_wconf 89' lang='lat' dir='ltr'><strong>enim</strong></span> <span class='ocrx_word' id='word_1_315' title='bbox 1414 2386 1585 2434; x_wconf 85' lang='lat' dir='ltr'><strong>dubitat,</strong></span> 
     </span>
     <span class='ocr_line' id='line_1_33' title="bbox 128 2451 1586 2506; baseline 0 -14"><span class='ocrx_word' id='word_1_316' title='bbox 128 2455 222 2505; x_wconf 85' lang='lat' dir='ltr'><strong>quin</strong></span> <span class='ocrx_word' id='word_1_317' title='bbox 260 2455 437 2492; x_wconf 87' lang='lat' dir='ltr'><strong>futurum</strong></span> <span class='ocrx_word' id='word_1_318' title='bbox 477 2455 529 2491; x_wconf 82' lang='lat' dir='ltr'><strong>sit</strong></span> <span class='ocrx_word' id='word_1_319' title='bbox 565 2460 610 2491; x_wconf 92' lang='lat' dir='ltr'><strong>ut</strong></span> <span class='ocrx_word' id='word_1_320' title='bbox 651 2455 698 2491; x_wconf 84' lang='lat' dir='ltr'><strong>ab</strong></span> <span class='ocrx_word' id='word_1_321' title='bbox 731 2456 832 2492; x_wconf 85' lang='lat' dir='ltr'><strong>irato</strong></span> <span class='ocrx_word' id='word_1_322' title='bbox 864 2455 974 2505; x_wconf 78' lang='lat' dir='ltr'><strong>hem,</strong></span> <span class='ocrx_word' id='word_1_323' title='bbox 1007 2456 1074 2494; x_wconf 92' lang='lat' dir='ltr'><strong>ubi</strong></span> <span class='ocrx_word' id='word_1_324' title='bbox 1106 2451 1268 2493; x_wconf 82' lang='lat' dir='ltr'><strong>amicam</strong></span> <span class='ocrx_word' id='word_1_325' title='bbox 1301 2469 1323 2492; x_wconf 87' lang='lat' dir='ltr'><strong>a</strong></span> <span class='ocrx_word' id='word_1_326' title='bbox 1353 2459 1466 2506; x_wconf 85' lang='lat' dir='ltr'><strong>patre</strong></span> <span class='ocrx_word' id='word_1_327' title='bbox 1498 2468 1586 2493; x_wconf 87' lang='lat' dir='ltr'><strong>con-</strong></span> 
     </span>
     <span class='ocr_line' id='line_1_34' title="bbox 127 2523 1589 2574; baseline 0 -14"><span class='ocrx_word' id='word_1_328' title='bbox 127 2527 298 2573; x_wconf 85' lang='lat' dir='ltr'><strong>spectam</strong></span> <span class='ocrx_word' id='word_1_329' title='bbox 330 2523 538 2569; x_wconf 85' lang='lat' dir='ltr'><strong>audiverit,</strong></span> <span class='ocrx_word' id='word_1_330' title='bbox 571 2523 751 2573; x_wconf 82' lang='lat' dir='ltr'><strong>vapulet3</strong></span> <span class='ocrx_word' id='word_1_331' title='bbox 789 2523 838 2560; x_wconf 86' lang='lat' dir='ltr'><strong>ad</strong></span> <span class='ocrx_word' id='word_1_332' title='bbox 869 2537 956 2573; x_wconf 84' lang='lat' dir='ltr'><strong>quae</strong></span> <span class='ocrx_word' id='word_1_333' title='bbox 990 2525 1191 2574; x_wconf 86' lang='lat' dir='ltr'><strong>aptissime</strong></span> <span class='ocrx_word' id='word_1_334' title='bbox 1223 2524 1339 2561; x_wconf 87' lang='lat' dir='ltr'><strong>herus</strong></span> <span class='ocrx_word' id='word_1_335' title='bbox 1371 2523 1589 2573; x_wconf 84' lang='lat' dir='ltr'><strong>respondet</strong></span> 
     </span>
     <span class='ocr_line' id='line_1_35' title="bbox 128 2591 1588 2642; baseline 0 -14"><span class='ocrx_word' id='word_1_336' title='bbox 128 2604 247 2628; x_wconf 88' lang='lat' dir='ltr'><strong>morae</strong></span> <span class='ocrx_word' id='word_1_337' title='bbox 283 2591 507 2640; x_wconf 81' lang='lat' dir='ltr'><strong>impatienS,</strong></span> <span class='ocrx_word' id='word_1_338' title='bbox 547 2604 634 2629; x_wconf 91' lang='lat' dir='ltr'><strong>eum</strong></span> <span class='ocrx_word' id='word_1_339' title='bbox 666 2595 840 2628; x_wconf 88' lang='lat' dir='ltr'><strong>actutum</strong></span> <span class='ocrx_word' id='word_1_340' title='bbox 872 2592 1160 2642; x_wconf 86' lang='lat' dir='ltr'><strong>vapulaturum,</strong></span> <span class='ocrx_word' id='word_1_341' title='bbox 1193 2593 1225 2629; x_wconf 83' lang='lat' dir='ltr'><strong>si</strong></span> <span class='ocrx_word' id='word_1_342' title='bbox 1249 2604 1289 2628; x_wconf 88' lang='lat' dir='ltr'><strong>se</strong></span> <span class='ocrx_word' id='word_1_343' title='bbox 1317 2592 1484 2642; x_wconf 88' lang='lat' dir='ltr'><strong>amplius</strong></span> <span class='ocrx_word' id='word_1_344' title='bbox 1507 2597 1588 2630; x_wconf 88' lang='lat' dir='ltr'><strong>tor-</strong></span> 
     </span>
     <span class='ocr_line' id='line_1_36' title="bbox 130 2658 1587 2708; baseline 0.001 -13"><span class='ocrx_word' id='word_1_345' title='bbox 130 2663 259 2708; x_wconf 89' lang='lat' dir='ltr'><strong>queat,</strong></span> <span class='ocrx_word' id='word_1_346' title='bbox 291 2658 486 2696; x_wconf 87' lang='lat' dir='ltr'><strong>Acanthio</strong></span> <span class='ocrx_word' id='word_1_347' title='bbox 518 2664 647 2696; x_wconf 88' lang='lat' dir='ltr'><strong>autem</strong></span> <span class='ocrx_word' id='word_1_348' title='bbox 680 2661 826 2697; x_wconf 89' lang='lat' dir='ltr'><strong>ironice</strong></span> <span class='ocrx_word' id='word_1_349' title='bbox 857 2663 982 2698; x_wconf 88' lang='lat' dir='ltr'><strong>minas</strong></span> <span class='ocrx_word' id='word_1_350' title='bbox 1014 2662 1098 2698; x_wconf 87' lang='lat' dir='ltr'><strong>eius</strong></span> <span class='ocrx_word' id='word_1_351' title='bbox 1129 2660 1245 2698; x_wconf 88' lang='lat' dir='ltr'><strong>ridet.</strong></span> <span class='ocrx_word' id='word_1_352' title='bbox 1308 2660 1390 2698; x_wconf 90' lang='lat' dir='ltr'><strong>Hoc</strong></span> <span class='ocrx_word' id='word_1_353' title='bbox 1420 2673 1498 2697; x_wconf 89' lang='lat' dir='ltr'><strong>non</strong></span> <span class='ocrx_word' id='word_1_354' title='bbox 1528 2662 1587 2697; x_wconf 91' lang='lat' dir='ltr'><strong>in-</strong></span> 
     </span>
     <span class='ocr_line' id='line_1_37' title="bbox 129 2727 1588 2778; baseline 0.001 -14"><span class='ocrx_word' id='word_1_355' title='bbox 129 2727 286 2765; x_wconf 86' lang='lat' dir='ltr'><strong>tellecto</strong></span> <span class='ocrx_word' id='word_1_356' title='bbox 317 2727 555 2765; x_wconf 85' lang='lat' dir='ltr'><strong>Ritschelius</strong></span> <span class='ocrx_word' id='word_1_357' title='bbox 586 2727 805 2765; x_wconf 82' lang='lat' dir='ltr'><strong>Meursium</strong></span> <span class='ocrx_word' id='word_1_358' title='bbox 843 2734 1000 2766; x_wconf 86' lang='lat' dir='ltr'><strong>secutus</strong></span> <span class='ocrx_word' id='word_1_359' title='bbox 1037 2743 1192 2766; x_wconf 81' lang='lat' dir='ltr'><strong>versum</strong></span> <span class='ocrx_word' id='word_1_360' title='bbox 1236 2730 1312 2766; x_wconf 88' lang='lat'><strong>168</strong></span> <span class='ocrx_word' id='word_1_361' title='bbox 1344 2729 1472 2778; x_wconf 90' lang='lat' dir='ltr'><strong>primo</strong></span> <span class='ocrx_word' id='word_1_362' title='bbox 1503 2729 1588 2766; x_wconf 91' lang='lat' dir='ltr'><strong>loco</strong></span> 
     </span>
     <span class='ocr_line' id='line_1_38' title="bbox 130 2793 1587 2845; baseline 0.002 -14"><span class='ocrx_word' id='word_1_363' title='bbox 130 2796 273 2844; x_wconf 86' lang='lat' dir='ltr'><strong>posuit,</strong></span> <span class='ocrx_word' id='word_1_364' title='bbox 315 2803 396 2832; x_wconf 91' lang='lat' dir='ltr'><strong>tum</strong></span> <span class='ocrx_word' id='word_1_365' title='bbox 443 2797 534 2845; x_wconf 89' lang='lat'>167,</span> <span class='ocrx_word' id='word_1_366' title='bbox 575 2804 751 2834; x_wconf 86' lang='lat' dir='ltr'><strong>extremo</strong></span> <span class='ocrx_word' id='word_1_367' title='bbox 797 2798 886 2834; x_wconf 92' lang='lat'>166.</span> <span class='ocrx_word' id='word_1_368' title='bbox 920 2817 972 2822; x_wconf 97' lang='lat'><strong>—</strong></span> <span class='ocrx_word' id='word_1_369' title='bbox 1007 2799 1099 2835; x_wconf 85' lang='lat'>168.</span> <span class='ocrx_word' id='word_1_370' title='bbox 1138 2799 1191 2835; x_wconf 75' lang='lat' dir='ltr'><strong>sis</strong></span> <span class='ocrx_word' id='word_1_371' title='bbox 1223 2797 1318 2844; x_wconf 73' lang='lat' dir='ltr'><strong>uide,</strong></span> <span class='ocrx_word' id='word_1_372' title='bbox 1352 2809 1387 2833; x_wconf 89' lang='lat' dir='ltr'><strong>v.</strong></span> <span class='ocrx_word' id='word_1_373' title='bbox 1420 2796 1471 2834; x_wconf 85' lang='lat' dir='ltr'><strong>ad</strong></span> <span class='ocrx_word' id='word_1_374' title='bbox 1502 2793 1587 2834; x_wconf 84' lang='lat' dir='ltr'>Mil.</span> 
     </span>
    </p>
   </div>
   <div class='ocr_carea' id='block_1_3' title="bbox 199 2873 1381 2913">
    <p class='ocr_par' dir='ltr' id='par_1_5' title="bbox 199 2873 1381 2913">
     <span class='ocr_line' id='line_1_39' title="bbox 199 2873 1381 2913; baseline 0.005 -8"><span class='ocrx_word' id='word_1_375' title='bbox 199 2881 299 2906; x_wconf 71' lang='lat' dir='ltr'><strong>mmm</strong></span> <span class='ocrx_word' id='word_1_376' title='bbox 319 2881 505 2907; x_wconf 64' lang='lat' dir='ltr'><strong>Comoedia«,</strong></span> <span class='ocrx_word' id='word_1_377' title='bbox 524 2882 577 2913; x_wconf 80' lang='lat' dir='ltr'><strong>lv,</strong></span> <span class='ocrx_word' id='word_1_378' title='bbox 598 2885 620 2907; x_wconf 87' lang='lat'><strong>1.</strong></span> <span class='ocrx_word' id='word_1_379' title='bbox 1340 2873 1381 2905; x_wconf 80' lang='lat'>21</span> 
     </span>
    </p>
   </div>
  </div>
 </body>
</html>
