1963 3243
275 284 355 324 312
919 280 1112 314 Poenulus.

272 410 439 447 Abitura
469 411 647 447 ancillam
680 409 789 446 iubet
820 409 1040 454 amiculum,
1073 407 1176 456 quod
1209 422 1255 445 ex
1286 412 1396 457 parte
1428 407 1635 455 dvciderat,
1667 420 1750 445 sus-

271 478 411 515 tollere
456 481 495 515 et
541 491 582 514 se
627 477 802 523 amicire,
847 475 1141 526 Agorastoclem
1181 479 1329 523 autem,
1372 475 1521 514 ancillae
1560 475 1642 513 loco
1682 475 1754 512 hoc

271 547 397 584 facere
428 548 644 592 conantem,
676 558 716 582 se
742 548 902 593 tangere
926 546 1052 590 vetat3
1082 553 1231 591 param
1253 557 1294 581 se
1318 557 1411 590 esse,
1443 557 1539 594 pure
1572 543 1752 590 lavatam,

271 618 316 651 ut
347 613 556 663 oportebat
585 625 694 649 sacra
723 613 943 649 facientem.
976 631 1019 636 -—
1047 621 1240 660 comperce
1269 622 1332 649 me
1361 609 1604 659 adtrectare,
1637 624 1672 648 v.
1706 610 1754 648 ad

271 680 387 732 Epid.
406 682 501 718 463.
533 701 586 706 —
620 681 711 718 348.
748 676 860 728 Quid
882 689 1002 730 aqam
1024 675 1164 717 nunc?
1208 679 1300 717 Haec
1324 679 1596 729 Agorastocles
1622 679 1755 728 potius

272 748 346 787 sibi
384 762 500 798 quam
539 747 777 797 Adelphasio
816 748 921 784 dicit.
1003 747 1077 784 Illa
1115 760 1326 785 sermonem
1366 748 1587 785 institutam
1626 760 1754 797 perse·
1817 784 1819 787 ,

272 829 394 865 quens
434 824 575 854 caram
612 813 733 864 hane,
779 817 927 865 inquit,
972 828 1023 852 sc.
1056 815 1211 853 amiculi
1242 816 1496 864 sustollendi,
1542 816 1572 852 si
1611 816 1753 864 sapias,

271 883 469 934 suscipere
500 883 610 921 nolis.
672 880 807 931 facere
837 879 1056 931 conpendi,
1090 896 1124 919 v.
1150 883 1199 920 ad
1222 883 1328 921 Asin.
1350 884 1440 921 305.
1493 882 1614 932 potes
1646 881 1754 929 edd.;

276 948 458 1001 „potest“
500 952 616 988 etiam
647 950 693 988 A.
763 950 875 997 Quod
915 949 1110 988 antecedit
1141 952 1407 988 coniunctivus
1437 948 1477 989 Si
1508 948 1668 999 sapias,
1707 950 1753 986 of.

272 1019 320 1057 ad
345 1019 486 1070 Amph.
516 1020 609 1057 696.
634 1019 738 1056 infra
763 1020 855 1057 549.
883 1020 975 1056 863.
1000 1038 1052 1044 -—
1080 1020 1170 1057 349.
1197 1019 1465 1057 Palatinorurn
1489 1018 1602 1056 codd.
1635 1019 1755 1068 scrip-

271 1091 380 1125 tura:
433 1087 559 1135 „Quid
600 1101 671 1137 ego
709 1100 810 1124 nunc
848 1090 887 1124 te
929 1100 1077 1134 curem,
1125 1087 1219 1136 quid
1259 1084 1404 1137 agas?“
1476 1087 1755 1136 Adelphasium

271 1155 364 1193 facit
404 1155 510 1193 ultra
549 1155 706 1193 modum
745 1167 960 1192 sermonem
1001 1156 1303 1193 continuantem.
1365 1155 1491 1202 Quare
1532 1158 1636 1192 recte
1665 1155 1755 1192 Aci-

272 1224 398 1261 dalius
437 1236 510 1274 pro
553 1220 703 1272 „nunc“
743 1233 827 1261 'non
864 1223 1032 1273 scripsit,
1078 1235 1313 1273 quamquam
1352 1222 1451 1261 illud
1491 1223 1607 1260 etiam
1645 1223 1684 1259 in
1722 1222 1756 1260 A

271 1292 416 1329 lectum
447 1294 523 1339 est,
571 1294 611 1329 et
645 1287 757 1340 Quid
785 1286 881 1330 ais?
925 1291 1030 1340 quod
1067 1291 1186 1328 etiam
1225 1291 1266 1328 in
1304 1292 1338 1328 A
1377 1291 1453 1340 legi
1492 1294 1531 1328 et
1561 1290 1685 1341 Gepp.
1717 1293 1756 1328 et

271 1359 443 1397 Studem.
471 1358 679 1398 affirmant.
706 1379 759 1384 -
784 1361 875 1398 350.
910 1355 984 1397 tibi
1007 1372 1141 1396 versus
1167 1372 1280 1396 causa
1305 1360 1550 1409 transposui,
1583 1372 1669 1396 nam
1700 1354 1756 1396 sit

270 1440 342 1478 pro
378 1426 483 1475 „est“
519 1441 654 1465 sensus
685 1428 880 1477 postulat3
913 1428 1072 1465 auditur
1100 1424 1289 1476 „quaeris“
1325 1427 1369 1464 cf.
1405 1427 1453 1464 ad
1479 1427 1552 1478 Ep.
1584 1428 1675 1465 216.
1702 1447 1755 1452 —

273 1497 365 1534 351.
403 1493 617 1546 „namque“
645 1497 677 1533 si
702 1509 835 1534 verum
854 1498 966 1543 esset,
993 1496 1105 1545 longe
1131 1495 1235 1532 aliud
1259 1499 1488 1545 sequeretur
1512 1509 1626 1545 quam
1653 1495 1754 1545 quod

271 1565 358 1602 edd.
379 1567 532 1614 ponunt
560 1565 693 1611 „istaec
715 1565 838 1613 magis
863 1567 931 1600 tua
957 1566 1016 1601 est
1044 1560 1233 1601 curatio“.
1279 1563 1401 1600 Immo
1424 1573 1514 1602 mea
1536 1564 1754 1613 relinquen-

272 1633 382 1679 dum3
425 1632 591 1682 Milphio
619 1633 674 1669 ait
700 1632 775 1669 sibi
798 1633 921 1681 magis
946 1631 1160 1669 curandum
1186 1645 1289 1678 esse,
1321 1645 1368 1669 ne
1392 1631 1466 1669 sibi
1491 1631 1608 1669 herus
1631 1632 1754 1669 iratus
1815 1639 1819 1643 ⁴

271 1701 333 1747 sit,
357 1713 473 1750 quam
497 1714 544 1738 ne
567 1700 699 1750 puella
723 1699 900 1736 amatori.
964 1698 1143 1748 Exempli
1167 1712 1282 1737 causa
1305 1700 1440 1748 posui:
1471 1699 1514 1737 tu
1536 1699 1584 1737 ut
1606 1696 1680 1737 Sis.
1701 1719 1755 1724 —

274 1770 365 1806 353.
398 1764 510 1816 olim,
543 1782 579 1806 v.
613 1768 661 1805 ad
693 1767 777 1806 Mil.
812 1769 846 1804 2.
881 1787 935 1791 —
974 1763 1112 1805 alcedo
1142 1766 1259 1804 Prisc.
1293 1766 1346 1804 VI
1376 1780 1413 1816 p.
1448 1768 1540 1805 683.
1613 1767 1670 1804 De
1700 1768 1753 1804 al-

271 1849 391 1885 cyone
435 1838 516 1874 sive
561 1836 735 1875 alcedine
780 1835 994 1885 tranquillo
1039 1835 1176 1873 hiemis
1216 1839 1394 1886 tempore
1433 1849 1505 1874 ova
1543 1836 1583 1872 in
1628 1835 1754 1872 medio

266 1905 366 1942 mari
405 1906 636 1943 excludente
674 1907 767 1942 nota
805 1917 865 1941 res
897 1907 966 1951 est,
1007 1903 1054 1941 cf.
1087 1903 1214 1942 Oasin.
1249 1905 1313 1942 26.
1355 1924 1409 1928 -
1451 1904 1542 1942 354.
1588 1899 1752 1952 „eoepal-

258 1983 377 2021 pare,
410 1971 590 2020 elicere“,
622 1973 722 2011 Non.
754 1986 792 2023 p.
830 1973 906 2010 104
938 1975 976 2009 et
1006 1972 1044 2010 h.
1076 1973 1101 2009 l.
1135 1971 1298 2010 afferens
1330 1976 1368 2009 et
1398 1972 1507 2010 alios.
1582 1971 1754 2010 Auditur

268 2041 460 2080 obiectum
504 2039 704 2090 „veniam“
754 2044 823 2078 aut
871 2037 1086 2090 „gratiam“
1135 2044 1203 2077 aut
1247 2040 1370 2077 simile
1410 2040 1516 2089 quid.
1558 2060 1612 2065 —
1659 2041 1752 2078 355.

265 2109 418 2159 pectas,
449 2123 483 2147 v.
517 2110 567 2147 ad
597 2108 709 2158 capt.
743 2109 835 2146 890.
868 2128 923 2133 ——
955 2109 1033 2146 356
1066 2109 1242 2147 restituit
1265 2108 1445 2159 Spengel.
1475 2107 1601 2145 Plaut.
1627 2122 1665 2158 p.
1689 2109 1749 2155 14,

267 2190 432 2227 quocum
464 2179 656 2215 consentit
685 2178 740 2224 A,
781 2176 829 2213 de
861 2189 937 2226 quo
967 2175 1092 2226 Gepp.
1126 2180 1244 2214 errat.
1313 2175 1542 2224 Superiores
1573 2176 1660 2214 edd.
1692 2179 1749 2214 te-

267 2258 391 2283 mere:
450 2245 555 2293 „Nos
586 2258 716 2283 eamus
755 2258 876 2290 nunc;
922 2245 1039 2281 etiam
1078 2240 1259 2282 morare?
1304 2244 1406 2281 male
1437 2241 1578 2291 facis“;
1625 2243 1749 2294 Gepp.

271 2314 383 2362 „Non
414 2327 578 2364 aequom
610 2315 648 2351 in
679 2326 739 2350 me
764 2309 907 2351 esset“.
935 2332 988 2337 —
1014 2313 1106 2350 357.
1138 2308 1270 2350 multa
1301 2322 1349 2349 ex
1379 2308 1524 2350 multis
1556 2312 1751 2360 iungenda

268 2386 359 2420 sunt
390 2386 434 2419 ut
463 2382 539 2419 alia
572 2396 618 2419 ex
649 2382 756 2428 aliis,
797 2380 898 2418 diem
930 2394 976 2418 ex
1007 2380 1081 2418 die.
1124 2401 1176 2405 —
1218 2382 1309 2418 358.
1357 2375 1551 2418 Liberare
1580 2393 1652 2431 pro
1686 2383 1749 2429 „te

267 2448 563 2497 libe1·aturum“‚
596 2465 630 2489 v.
672 2450 720 2487 ad
758 2451 866 2487 Asin.
901 2450 993 2486 597.
1033 2468 1087 2474 —
1124 2445 1322 2487 iurauisti
1360 2448 1446 2486 edd.
1485 2446 1664 2487 centiens
1702 2449 1747 2486 A.

268 2538 319 2543 —
363 2519 454 2556 359.
497 2528 568 2567 eyo
600 2517 725 2568 Gepp.
758 2517 847 2555 add.
886 2536 940 2541 —
988 2517 1078 2554 360.
1125 2513 1250 2563 istuc,
1291 2517 1395 2566 quod
1432 2517 1658 2566 promisisti.
1700 2536 1745 2542 —

270 2587 361 2624 361.
394 2580 498 2632 Eho,
531 2582 633 2636 quid
662 2580 785 2634 assis?
822 2598 889 2623 cur
926 2598 1004 2623 non
1036 2598 1118 2622 eam
1149 2585 1304 2634 placare
1335 2585 1498 2631 conaris,
1531 2587 1576 2621 ut
1604 2585 1748 2633 promi-

268 2653 379 2691 sisti?
412 2667 446 2691 v.
475 2655 565 2692 354.
593 2673 647 2686 ——.
679 2654 770 2691 362.
802 2663 892 2692 mea
922 2649 1079 2692 delicia.
1140 2652 1321 2690 Plautum
1353 2653 1389 2690 h.
1414 2653 1438 2690 l.
1463 2652 1517 2689 sic
1547 2652 1747 2701 scripsisse

267 2725 464 2759 testantur
495 2722 593 2759 Gall.
625 2721 731 2769 XIX,
765 2722 807 2768 8,
841 2723 862 2758 6
897 2724 936 2758 et
967 2721 1064 2759 Non.
1098 2735 1136 2771 p.
1169 2721 1258 2759 100.
1321 2721 1535 2768 Singularis
1564 2733 1746 2758 numerus

269 2793 396 2827 exstat
427 2790 542 2827 etiam
575 2789 731 2827 Trucul.
759 2791 858 2836 9083
890 2791 927 2827 in
960 2790 1098 2827 ceteris
1128 2789 1223 2827 locis
1254 2788 1364 2826 codd.
1397 2788 1525 2826 Plauti
1556 2783 1745 2838 pluralem

268 2857 456 2908 praebeut,
488 2872 522 2896 v.
542 2857 659 2895 Most.
683 2859 744 2895 14.
777 2857 915 2894 Pseud.
946 2859 1035 2895 179.
1056 2858 1147 2895 228.
1181 2857 1287 2894 Pers.
1308 2858 1399 2894 205.
1433 2855 1551 2895 Stich.
1572 2858 1664 2894 737.
1696 2857 1742 2894 cf.
