1963 3243
272 225 328 264 80
956 222 1079 258 Plauti
1479 224 1541 268 iv,
1567 225 1598 269 2,
1624 225 1758 260 25-35

937 347 1100 390 Simia

273 417 386 459 Erus
417 430 535 459 meus
566 416 646 459 tibi
676 431 742 459 me
775 418 957 460 salutem
989 419 1168 462 multam
1201 420 1341 462 uoluit
1372 420 1524 462 dicere.
1691 432 1757 466 985

271 488 396 530 Hanc
428 488 660 542 epistulam
690 489 835 543 accipe
866 503 891 531 a
924 504 1011 541 me3
1043 490 1154 533 hanc
1184 505 1250 533 me
1281 491 1362 533 tibi
1392 492 1518 534 iussit
1549 492 1665 534 dare.

925 591 1106 634 Ballio

273 661 378 711 Quis
409 661 445 703 is
477 661 603 704 homo
636 666 704 704 est
735 663 807 716 qui
836 663 993 705 iussit?

870 756 1168 800 Pseudolus
1671 802 1675 806 .

850 827 974 878 Perii⁷
1007 843 1120 870 nunc
1151 829 1276 872 homo
1308 830 1351 871 in
1383 829 1521 872 medio
1552 831 1644 873 luto
1676 835 1756 873 est.

272 898 438 940 Nomen
468 899 628 950 nescit-3
660 898 812 941 haeret
841 898 948 941 haec
979 914 1060 941 res.
1468 904 1474 907 “

932 1001 1107 1043 Ballio

832 1071 967 1122 Quem
997 1073 1108 1115 hanc
1140 1074 1309 1116 misisse
1341 1074 1395 1116 ad
1428 1088 1493 1116 me
1525 1075 1757 1117 autumas?

934 1173 1096 1217 Simia

270 1245 408 1287 Nosce
439 1245 689 1298 imaginem3
721 1250 814 1288 tute
845 1246 936 1287 eius
968 1260 1120 1288 nomen
1153 1252 1389 1289 memorato
1422 1248 1536 1299 mihi,

272 1315 329 1358 Ut
361 1317 495 1358 sciam
525 1321 568 1359 te
600 1317 837 1359 Ballionem
870 1331 960 1359 esse
990 1318 1143 1372 ipsum.

923 1412 1101 1461 Ballio

1139 1490 1252 1534 Cedo
1286 1493 1388 1534 mihi
1422 1493 1661 1547 epistulam.
1689 1505 1756 1539 990

932 1585 1097 1627 Simia

269 1656 427 1710 Accipe
460 1660 502 1697 et
533 1669 740 1710 cognosce
774 1657 952 1711 signum.

930 1759 1104 1801 Ballio

1023 1830 1099 1882 Oh,
1132 1831 1668 1886 Polymachaeroplagides

266 1899 407 1943 Purus
440 1905 568 1955 putus
601 1906 667 1943 est
698 1902 839 1955 ipsus;
872 1903 985 1944 noui.
1047 1902 1178 1954 Heus,
1210 1902 1710 1958 Polymachaeroplagidi

268 1971 432 2014 Nomen
465 1977 543 2014 est.

933 2059 1092 2102 Simia

597 2130 693 2174 Scio
724 2133 809 2174 iam
842 2146 906 2174 me
938 2136 1056 2174 recte
1088 2131 1168 2173 tibi
1200 2130 1370 2173 dedisse
1402 2132 1644 2186 epistulam,

266 2201 500 2256 Postquam
532 2202 1067 2258 Polymachaeroplagidae
1099 2203 1293 2245 elocutus
1324 2217 1479 2245 nomen
1511 2218 1568 2246 es.

921 2305 1096 2347 Ballio

267 2376 381 2426 Quid
412 2377 500 2431 agit
530 2377 599 2419 is?

355 2512 421 2546 985
447 2511 502 2552 SI.
528 2522 596 2547 om.
626 2512 655 2548 0
728 2513 834 2548 Serus
859 2511 895 2546 Β
971 2512 1087 2547 multa
1109 2510 1146 2546 Β
1222 2512 1288 2546 987
1313 2511 1386 2546 BA.
1415 2521 1479 2546 om.
1552 2512 1661 2548 homo
1687 2513 1748 2559 qui

265 2568 373 2603 iussit.
396 2568 443 2612 Β,
468 2569 617 2604 homost
642 2569 721 2613 quis
747 2569 795 2603 sit
820 2568 849 2603 Ο
959 2568 1010 2604 SI.
1035 2570 1145 2614 periit
1243 2573 1323 2606 tuto
1421 2570 1487 2606 988
1513 2574 1696 2606 auttumas
1724 2569 1752 2606 0

264 2625 331 2659 989
356 2626 447 2660 eiius
473 2626 506 2659 A
635 2627 698 2660 991
727 2628 763 2660 et
787 2635 852 2660 om.
879 2618 948 2661 Bc
1069 2626 1141 2661 oho
1166 2627 1234 2662 Bc
1346 2626 1746 2672 polymaceroplacides

265 2682 332 2715 992
355 2685 479 2716 mutus
505 2682 573 2717 BC
603 2726 607 2729 .
716 2682 1121 2727 Polumacaeroplacidi
1146 2684 1192 2726 A,
1217 2683 1254 2718 P.
1281 2683 1678 2728 polymaceroplacides
1701 2682 1745 2726 B,

266 2737 296 2773 C
318 2738 369 2779 (in
393 2749 462 2783 quo
486 2749 553 2782 pro
579 2737 616 2773 P.
642 2740 800 2783 spatium
824 2738 890 2781 est)
997 2740 1063 2774 993
1089 2740 1157 2774 tibi
1181 2751 1238 2774 me
1264 2744 1365 2775 recte
1390 2739 1458 2775 BC
1557 2741 1624 2775 994
1647 2739 1746 2785 poly-

264 2793 585 2840 macheroplacide
679 2806 723 2829 ne
748 2795 894 2829 locutus
920 2795 955 2830 B
1048 2797 1114 2831 995
1140 2796 1212 2831 Sed
1238 2796 1324 2841 quid
1350 2796 1418 2831 BC
