<?xml version="1.0" encoding="UTF-8"?>
<!DOCTYPE html PUBLIC "-//W3C//DTD XHTML 1.0 Transitional//EN"
    "http://www.w3.org/TR/xhtml1/DTD/xhtml1-transitional.dtd">
<html xmlns="http://www.w3.org/1999/xhtml" xml:lang="en" lang="en">
 <head>
  <title>
</title>
<meta http-equiv="Content-Type" content="text/html;charset=utf-8" />
  <meta name='ocr-system' content='tesseract 3.04.00' />
  <meta name='ocr-capabilities' content='ocr_page ocr_carea ocr_par ocr_line ocrx_word'/>
</head>
<body>
  <div class='ocr_page' id='page_1' title='image "./comoediaerecensu04plauuoft_0613.png"; bbox 0 0 1963 3243; ppageno 0'>
   <div class='ocr_carea' id='block_1_1' title="bbox 0 0 121 334">
    <p class='ocr_par' dir='ltr' id='par_1_1' title="bbox 0 0 121 334">
     <span class='ocr_line' id='line_1_1' title="bbox 0 0 121 334; baseline 0 2909"><span class='ocrx_word' id='word_1_1' title='bbox 0 0 121 334; x_wconf 95' lang='lat' dir='ltr'> </span> 
     </span>
    </p>
   </div>
   <div class='ocr_carea' id='block_1_2' title="bbox 2 940 30 1062">
    <p class='ocr_par' dir='ltr' id='par_1_2' title="bbox 2 940 30 1062">
     <span class='ocr_line' id='line_1_2' title="bbox 2 940 30 1062; baseline 0 -10"><span class='ocrx_word' id='word_1_2' title='bbox 2 940 30 1062; x_wconf 53' lang='grc' dir='ltr'>ἒ</span> 
     </span>
    </p>
   </div>
   <div class='ocr_carea' id='block_1_3' title="bbox 0 2230 90 3243">
    <p class='ocr_par' dir='ltr' id='par_1_3' title="bbox 0 2230 90 3243">
     <span class='ocr_line' id='line_1_3' title="bbox 0 2230 90 3243; baseline 0 0"><span class='ocrx_word' id='word_1_3' title='bbox 0 2230 90 3243; x_wconf 95' lang='lat' dir='ltr'> </span> 
     </span>
    </p>
   </div>
   <div class='ocr_carea' id='block_1_4' title="bbox 753 228 1619 277">
    <p class='ocr_par' dir='ltr' id='par_1_4' title="bbox 753 228 1619 277">
     <span class='ocr_line' id='line_1_4' title="bbox 753 228 1619 277; baseline -0.001 -14"><span class='ocrx_word' id='word_1_4' title='bbox 753 228 793 263; x_wconf 81' lang='lat' dir='ltr'>V.</span> <span class='ocrx_word' id='word_1_5' title='bbox 821 231 1011 265; x_wconf 82' lang='lat'><strong>310—343.</strong></span> <span class='ocrx_word' id='word_1_6' title='bbox 1540 239 1619 277; x_wconf 78' lang='lat'>243</span> 
     </span>
    </p>
   </div>
   <div class='ocr_carea' id='block_1_5' title="bbox 130 355 1622 2388">
    <p class='ocr_par' dir='ltr' id='par_1_5' title="bbox 130 355 1622 2388">
     <span class='ocr_line' id='line_1_5' title="bbox 142 355 1618 408; baseline 0.005 -14"><span class='ocrx_word' id='word_1_7' title='bbox 142 358 270 394; x_wconf 70' lang='lat' dir='ltr'>autem</span> <span class='ocrx_word' id='word_1_8' title='bbox 303 355 399 393; x_wconf 81' lang='lat' dir='ltr'>duas</span> <span class='ocrx_word' id='word_1_9' title='bbox 431 368 492 393; x_wconf 80' lang='lat' dir='ltr'>res</span> <span class='ocrx_word' id='word_1_10' title='bbox 523 356 755 404; x_wconf 83' lang='lat' dir='ltr'>significare,</span> <span class='ocrx_word' id='word_1_11' title='bbox 790 362 827 394; x_wconf 76' lang='lat' dir='ltr'>et</span> <span class='ocrx_word' id='word_1_12' title='bbox 859 360 1011 408; x_wconf 78' lang='lat' dir='ltr'>argenti</span> <span class='ocrx_word' id='word_1_13' title='bbox 1044 360 1165 396; x_wconf 83' lang='lat' dir='ltr'>minas</span> <span class='ocrx_word' id='word_1_14' title='bbox 1196 363 1234 396; x_wconf 84' lang='lat' dir='ltr'>et</span> <span class='ocrx_word' id='word_1_15' title='bbox 1266 374 1376 403; x_wconf 70' lang='lat' dir='ltr'>oves2</span> <span class='ocrx_word' id='word_1_16' title='bbox 1409 362 1618 401; x_wconf 85' lang='lat' dir='ltr'>Varronem</span> 
     </span>
     <span class='ocr_line' id='line_1_6' title="bbox 139 422 1619 478; baseline 0.005 -18"><span class='ocrx_word' id='word_1_17' title='bbox 139 424 240 461; x_wconf 83' lang='lat' dir='ltr'>enim</span> <span class='ocrx_word' id='word_1_18' title='bbox 270 422 315 460; x_wconf 90' lang='lat' dir='ltr'>R.</span> <span class='ocrx_word' id='word_1_19' title='bbox 349 423 393 461; x_wconf 88' lang='lat' dir='ltr'>R.</span> <span class='ocrx_word' id='word_1_20' title='bbox 425 423 475 471; x_wconf 88' lang='grc' dir='ltr'>ΙΙ,</span> <span class='ocrx_word' id='word_1_21' title='bbox 509 425 545 470; x_wconf 83' lang='grc'>2,</span> <span class='ocrx_word' id='word_1_22' title='bbox 577 426 599 462; x_wconf 88' lang='grc'><strong>6</strong></span> <span class='ocrx_word' id='word_1_23' title='bbox 633 426 755 462; x_wconf 84' lang='lat' dir='ltr'>minas</span> <span class='ocrx_word' id='word_1_24' title='bbox 794 438 884 463; x_wconf 90' lang='lat' dir='ltr'>oves</span> <span class='ocrx_word' id='word_1_25' title='bbox 923 439 1234 464; x_wconf 87' lang='lat' dir='ltr'>commemorare.</span> <span class='ocrx_word' id='word_1_26' title='bbox 1296 430 1356 465; x_wconf 85' lang='lat' dir='ltr'>An</span> <span class='ocrx_word' id='word_1_27' title='bbox 1394 430 1495 478; x_wconf 85' lang='lat' dir='ltr'>quod</span> <span class='ocrx_word' id='word_1_28' title='bbox 1534 432 1619 467; x_wconf 86' lang='lat' dir='ltr'>vitii</span> 
     </span>
     <span class='ocr_line' id='line_1_7' title="bbox 140 491 1619 546; baseline 0.003 -17"><span class='ocrx_word' id='word_1_29' title='bbox 140 491 296 541; x_wconf 75' lang='lat' dir='ltr'>aliquod</span> <span class='ocrx_word' id='word_1_30' title='bbox 326 505 447 541; x_wconf 81' lang='lat' dir='ltr'>genus</span> <span class='ocrx_word' id='word_1_31' title='bbox 477 493 516 529; x_wconf 91' lang='lat' dir='ltr'>in</span> <span class='ocrx_word' id='word_1_32' title='bbox 548 493 684 529; x_wconf 90' lang='lat' dir='ltr'>ovibus</span> <span class='ocrx_word' id='word_1_33' title='bbox 717 492 920 541; x_wconf 81' lang='lat' dir='ltr'>significat,</span> <span class='ocrx_word' id='word_1_34' title='bbox 954 495 1079 543; x_wconf 84' lang='lat' dir='ltr'>ipsum</span> <span class='ocrx_word' id='word_1_35' title='bbox 1105 495 1234 533; x_wconf 86' lang='lat' dir='ltr'>ovium</span> <span class='ocrx_word' id='word_1_36' title='bbox 1257 508 1377 543; x_wconf 83' lang='lat' dir='ltr'>genus</span> <span class='ocrx_word' id='word_1_37' title='bbox 1403 498 1619 546; x_wconf 68' lang='lat' dir='ltr'>significare</span> 
     </span>
     <span class='ocr_line' id='line_1_8' title="bbox 137 559 1619 611; baseline 0.003 -14"><span class='ocrx_word' id='word_1_38' title='bbox 137 559 296 611; x_wconf 79' lang='lat' dir='ltr'>potest?</span> <span class='ocrx_word' id='word_1_39' title='bbox 340 559 462 598; x_wconf 89' lang='lat' dir='ltr'>Immo</span> <span class='ocrx_word' id='word_1_40' title='bbox 493 561 687 609; x_wconf 86' lang='lat' dir='ltr'>scriptura</span> <span class='ocrx_word' id='word_1_41' title='bbox 718 574 878 611; x_wconf 85' lang='lat' dir='ltr'>prorsus</span> <span class='ocrx_word' id='word_1_42' title='bbox 910 567 1016 599; x_wconf 82' lang='lat' dir='ltr'>certa</span> <span class='ocrx_word' id='word_1_43' title='bbox 1047 567 1117 608; x_wconf 77' lang='lat' dir='ltr'>cst,</span> <span class='ocrx_word' id='word_1_44' title='bbox 1151 577 1218 599; x_wconf 81' lang='lat' dir='ltr'>nec</span> <span class='ocrx_word' id='word_1_45' title='bbox 1251 563 1522 601; x_wconf 79' lang='lat' dir='ltr'>emendatione</span> <span class='ocrx_word' id='word_1_46' title='bbox 1553 566 1619 602; x_wconf 86' lang='lat' dir='ltr'>sed</span> 
     </span>
     <span class='ocr_line' id='line_1_9' title="bbox 139 628 1621 679; baseline 0.002 -13"><span class='ocrx_word' id='word_1_47' title='bbox 139 630 384 666; x_wconf 77' lang='lat' dir='ltr'><strong>enarratione</strong></span> <span class='ocrx_word' id='word_1_48' title='bbox 422 641 519 679; x_wconf 86' lang='lat' dir='ltr'>opus</span> <span class='ocrx_word' id='word_1_49' title='bbox 557 632 630 667; x_wconf 86' lang='lat' dir='ltr'>est.</span> <span class='ocrx_word' id='word_1_50' title='bbox 699 628 883 679; x_wconf 89' lang='lat' dir='ltr'>Suspicor</span> <span class='ocrx_word' id='word_1_51' title='bbox 920 631 1059 679; x_wconf 85' lang='lat' dir='ltr'>igitur,</span> <span class='ocrx_word' id='word_1_52' title='bbox 1107 632 1282 679; x_wconf 87' lang='lat' dir='ltr'>quamvis</span> <span class='ocrx_word' id='word_1_53' title='bbox 1315 631 1461 669; x_wconf 83' lang='lat' dir='ltr'>diserta</span> <span class='ocrx_word' id='word_1_54' title='bbox 1492 632 1621 669; x_wconf 80' lang='lat' dir='ltr'><strong>desint</strong></span> 
     </span>
     <span class='ocr_line' id='line_1_10' title="bbox 137 697 1619 747; baseline 0.001 -12"><span class='ocrx_word' id='word_1_55' title='bbox 137 698 378 741; x_wconf 80' lang='lat' dir='ltr'>testimonia,</span> <span class='ocrx_word' id='word_1_56' title='bbox 425 710 564 742; x_wconf 75' lang='lat' dir='ltr'>zonae,</span> <span class='ocrx_word' id='word_1_57' title='bbox 611 697 753 746; x_wconf 87' lang='lat' dir='ltr'>quibus</span> <span class='ocrx_word' id='word_1_58' title='bbox 791 711 967 735; x_wconf 81' lang='lat' dir='ltr'><strong>nummos</strong></span> <span class='ocrx_word' id='word_1_59' title='bbox 1004 698 1172 736; x_wconf 83' lang='lat' dir='ltr'>inclusos</span> <span class='ocrx_word' id='word_1_60' title='bbox 1211 699 1361 747; x_wconf 80' lang='lat' dir='ltr'>antiqui</span> <span class='ocrx_word' id='word_1_61' title='bbox 1400 701 1619 747; x_wconf 78' lang='lat' dir='ltr'>gestabant,</span> 
     </span>
     <span class='ocr_line' id='line_1_11' title="bbox 137 765 1621 813; baseline 0.001 -10"><span class='ocrx_word' id='word_1_62' title='bbox 137 778 173 803; x_wconf 89' lang='lat' dir='ltr'>v.</span> <span class='ocrx_word' id='word_1_63' title='bbox 215 765 265 803; x_wconf 91' lang='lat' dir='ltr'>ad</span> <span class='ocrx_word' id='word_1_64' title='bbox 303 765 422 802; x_wconf 88' lang='lat' dir='ltr'>Merc.</span> <span class='ocrx_word' id='word_1_65' title='bbox 457 765 557 811; x_wconf 87' lang='grc'>913,</span> <span class='ocrx_word' id='word_1_66' title='bbox 604 778 650 803; x_wconf 85' lang='lat' dir='ltr'>ex</span> <span class='ocrx_word' id='word_1_67' title='bbox 689 767 840 813; x_wconf 80' lang='lat' dir='ltr'>agninis</span> <span class='ocrx_word' id='word_1_68' title='bbox 870 767 1064 803; x_wconf 79' lang='lat' dir='ltr'>intestinis</span> <span class='ocrx_word' id='word_1_69' title='bbox 1096 765 1231 803; x_wconf 88' lang='lat' dir='ltr'>confici</span> <span class='ocrx_word' id='word_1_70' title='bbox 1263 767 1400 805; x_wconf 85' lang='lat' dir='ltr'>solitas</span> <span class='ocrx_word' id='word_1_71' title='bbox 1438 781 1534 805; x_wconf 85' lang='lat' dir='ltr'>esse.</span> <span class='ocrx_word' id='word_1_72' title='bbox 1567 788 1621 794; x_wconf 92' lang='lat'>—</span> 
     </span>
     <span class='ocr_line' id='line_1_12' title="bbox 140 831 1619 884; baseline 0.002 -13"><span class='ocrx_word' id='word_1_73' title='bbox 140 834 231 872; x_wconf 87' lang='lat'><strong>331.</strong></span> <span class='ocrx_word' id='word_1_74' title='bbox 283 835 319 878; x_wconf 85' lang='lat' dir='ltr'>„i</span> <span class='ocrx_word' id='word_1_75' title='bbox 353 831 527 870; x_wconf 86' lang='lat' dir='ltr'>accerse“</span> <span class='ocrx_word' id='word_1_76' title='bbox 563 833 654 871; x_wconf 86' lang='lat' dir='ltr'><strong>Lor.</strong></span> <span class='ocrx_word' id='word_1_77' title='bbox 687 846 774 872; x_wconf 87' lang='lat' dir='ltr'>cum</span> <span class='ocrx_word' id='word_1_78' title='bbox 813 833 986 872; x_wconf 87' lang='lat' dir='ltr'>Studem.</span> <span class='ocrx_word' id='word_1_79' title='bbox 1019 833 1129 871; x_wconf 91' lang='lat' dir='ltr'>Stud.</span> <span class='ocrx_word' id='word_1_80' title='bbox 1169 834 1186 871; x_wconf 96' lang='lat' dir='ltr'>I</span> <span class='ocrx_word' id='word_1_81' title='bbox 1224 848 1260 884; x_wconf 92' lang='lat' dir='ltr'>p.</span> <span class='ocrx_word' id='word_1_82' title='bbox 1296 836 1388 873; x_wconf 85' lang='lat'><strong>271.</strong></span> <span class='ocrx_word' id='word_1_83' title='bbox 1427 856 1483 860; x_wconf 96' lang='lat'><strong>—</strong></span> <span class='ocrx_word' id='word_1_84' title='bbox 1527 837 1619 874; x_wconf 85' lang='lat'><strong>332.</strong></span> 
     </span>
     <span class='ocr_line' id='line_1_13' title="bbox 136 897 1619 953; baseline 0.001 -14"><span class='ocrx_word' id='word_1_85' title='bbox 136 898 196 946; x_wconf 74' lang='lat' dir='ltr'>mi</span> <span class='ocrx_word' id='word_1_86' title='bbox 226 897 349 939; x_wconf 74' lang='lat' dir='ltr'>etiam</span> <span class='ocrx_word' id='word_1_87' title='bbox 380 915 427 939; x_wconf 87' lang='lat' dir='ltr'>ex</span> <span class='ocrx_word' id='word_1_88' title='bbox 458 901 569 939; x_wconf 89' lang='lat' dir='ltr'><strong>codd.</strong></span> <span class='ocrx_word' id='word_1_89' title='bbox 604 901 663 948; x_wconf 62' lang='lat' dir='ltr'>R„</span> <span class='ocrx_word' id='word_1_90' title='bbox 704 906 911 952; x_wconf 81' lang='lat' dir='ltr'>postquam</span> <span class='ocrx_word' id='word_1_91' title='bbox 945 902 1029 939; x_wconf 85' lang='lat' dir='ltr'><strong>Ind.</strong></span> <span class='ocrx_word' id='word_1_92' title='bbox 1062 902 1127 939; x_wconf 89' lang='lat' dir='ltr'>sch</span> <span class='ocrx_word' id='word_1_93' title='bbox 1174 902 1294 940; x_wconf 90' lang='lat' dir='ltr'><strong>Bonn.</strong></span> <span class='ocrx_word' id='word_1_94' title='bbox 1322 905 1426 942; x_wconf 91' lang='lat'><strong>1832</strong></span> <span class='ocrx_word' id='word_1_95' title='bbox 1459 917 1619 953; x_wconf 84' lang='lat' dir='ltr'>pravam</span> 
     </span>
     <span class='ocr_line' id='line_1_14' title="bbox 138 964 1622 1019; baseline 0.001 -11"><span class='ocrx_word' id='word_1_96' title='bbox 138 964 324 1008; x_wconf 84' lang='lat' dir='ltr'>Saraceni</span> <span class='ocrx_word' id='word_1_97' title='bbox 357 971 621 1008; x_wconf 87' lang='lat' dir='ltr'>coniecturam</span> <span class='ocrx_word' id='word_1_98' title='bbox 656 968 868 1015; x_wconf 87' lang='lat' dir='ltr'>„Metiam“</span> <span class='ocrx_word' id='word_1_99' title='bbox 905 972 1161 1008; x_wconf 75' lang='lat' dir='ltr'><strong>refutaverat.</strong></span> <span class='ocrx_word' id='word_1_100' title='bbox 1193 991 1248 995; x_wconf 88' lang='lat'>—</span> <span class='ocrx_word' id='word_1_101' title='bbox 1280 972 1372 1009; x_wconf 90' lang='lat'><strong>333.</strong></span> <span class='ocrx_word' id='word_1_102' title='bbox 1410 967 1521 1019; x_wconf 71' lang='lat' dir='ltr'>Quid</span> <span class='ocrx_word' id='word_1_103' title='bbox 1546 968 1622 1009; x_wconf 77' lang='lat' dir='ltr'>eo?</span> 
     </span>
     <span class='ocr_line' id='line_1_15' title="bbox 136 1035 1621 1087; baseline 0.001 -12"><span class='ocrx_word' id='word_1_104' title='bbox 136 1038 182 1076; x_wconf 87' lang='lat' dir='ltr'>cf.</span> <span class='ocrx_word' id='word_1_105' title='bbox 214 1037 334 1076; x_wconf 89' lang='lat' dir='ltr'>Poen.</span> <span class='ocrx_word' id='word_1_106' title='bbox 370 1039 461 1076; x_wconf 84' lang='lat'><strong>330.</strong></span> <span class='ocrx_word' id='word_1_107' title='bbox 517 1038 624 1076; x_wconf 89' lang='lat' dir='ltr'>Pers.</span> <span class='ocrx_word' id='word_1_108' title='bbox 667 1040 760 1077; x_wconf 92' lang='lat'><strong>236.</strong></span> <span class='ocrx_word' id='word_1_109' title='bbox 799 1059 854 1064; x_wconf 92' lang='lat'>—-</span> <span class='ocrx_word' id='word_1_110' title='bbox 893 1035 1022 1076; x_wconf 71' lang='lat' dir='ltr'>Lan-ii</span> <span class='ocrx_word' id='word_1_111' title='bbox 1062 1052 1139 1076; x_wconf 91' lang='lat' dir='ltr'>non</span> <span class='ocrx_word' id='word_1_112' title='bbox 1171 1052 1316 1087; x_wconf 83' lang='lat' dir='ltr'>omnes,</span> <span class='ocrx_word' id='word_1_113' title='bbox 1349 1040 1476 1086; x_wconf 90' lang='lat' dir='ltr'>credo,</span> <span class='ocrx_word' id='word_1_114' title='bbox 1510 1043 1621 1077; x_wconf 82' lang='lat' dir='ltr'>extra</span> 
     </span>
     <span class='ocr_line' id='line_1_16' title="bbox 135 1105 1619 1157; baseline 0.001 -13"><span class='ocrx_word' id='word_1_115' title='bbox 135 1110 291 1157; x_wconf 86' lang='lat' dir='ltr'>portam</span> <span class='ocrx_word' id='word_1_116' title='bbox 321 1105 572 1153; x_wconf 84' lang='lat' dir='ltr'>habitabant3</span> <span class='ocrx_word' id='word_1_117' title='bbox 620 1107 687 1145; x_wconf 84' lang='lat' dir='ltr'>sed</span> <span class='ocrx_word' id='word_1_118' title='bbox 722 1107 937 1145; x_wconf 79' lang='lat' dir='ltr'>Pseudolus</span> <span class='ocrx_word' id='word_1_119' title='bbox 973 1106 1171 1144; x_wconf 75' lang='lat' dir='ltr'>carnifices</span> <span class='ocrx_word' id='word_1_120' title='bbox 1202 1107 1413 1156; x_wconf 84' lang='lat' dir='ltr'>significat,</span> <span class='ocrx_word' id='word_1_121' title='bbox 1454 1121 1619 1157; x_wconf 91' lang='lat' dir='ltr'>qnorum</span> 
     </span>
     <span class='ocr_line' id='line_1_17' title="bbox 136 1174 1619 1223; baseline 0 -11"><span class='ocrx_word' id='word_1_122' title='bbox 136 1175 196 1212; x_wconf 86' lang='lat' dir='ltr'>hic</span> <span class='ocrx_word' id='word_1_123' title='bbox 225 1174 335 1212; x_wconf 83' lang='lat' dir='ltr'>locus</span> <span class='ocrx_word' id='word_1_124' title='bbox 366 1178 462 1221; x_wconf 81' lang='lat' dir='ltr'>erat,</span> <span class='ocrx_word' id='word_1_125' title='bbox 494 1189 530 1213; x_wconf 80' lang='lat' dir='ltr'>v.</span> <span class='ocrx_word' id='word_1_126' title='bbox 556 1175 703 1213; x_wconf 86' lang='lat' dir='ltr'>Polluc.</span> <span class='ocrx_word' id='word_1_127' title='bbox 730 1176 796 1222; x_wconf 80' lang='lat' dir='ltr'>IX,</span> <span class='ocrx_word' id='word_1_128' title='bbox 827 1176 894 1213; x_wconf 90' lang='lat' dir='ltr'>lO:</span> <span class='ocrx_word' id='word_1_129' title='bbox 929 1175 948 1211; x_wconf 79' lang='grc' dir='ltr'>ὁ</span> <span class='ocrx_word' id='word_1_130' title='bbox 971 1175 1116 1223; x_wconf 65' lang='grc' dir='ltr'><strong>δήμιος.</strong></span> <span class='ocrx_word' id='word_1_131' title='bbox 1139 1207 1145 1212; x_wconf 96' lang='grc'><strong>.</strong></span> <span class='ocrx_word' id='word_1_132' title='bbox 1165 1205 1171 1210; x_wconf 92' lang='grc'><strong>.</strong></span> <span class='ocrx_word' id='word_1_133' title='bbox 1190 1176 1255 1217; x_wconf 78' lang='grc' dir='ltr'>ἔξω</span> <span class='ocrx_word' id='word_1_134' title='bbox 1283 1176 1418 1218; x_wconf 79' lang='grc' dir='ltr'><strong><em>πόλεως</em></strong></span> <span class='ocrx_word' id='word_1_135' title='bbox 1441 1178 1619 1222; x_wconf 74' lang='grc' dir='ltr'><strong><em>κατοικῶν,</em></strong></span> 
     </span>
     <span class='ocr_line' id='line_1_18' title="bbox 136 1239 1619 1289; baseline 0.001 -9"><span class='ocrx_word' id='word_1_136' title='bbox 136 1243 182 1281; x_wconf 91' lang='lat' dir='ltr'>cf.</span> <span class='ocrx_word' id='word_1_137' title='bbox 217 1243 266 1280; x_wconf 86' lang='lat' dir='ltr'>ad</span> <span class='ocrx_word' id='word_1_138' title='bbox 292 1243 376 1281; x_wconf 85' lang='lat' dir='ltr'><strong>Mil.</strong></span> <span class='ocrx_word' id='word_1_139' title='bbox 397 1244 490 1281; x_wconf 89' lang='grc'><strong>361.</strong></span> <span class='ocrx_word' id='word_1_140' title='bbox 539 1242 620 1281; x_wconf 87' lang='lat' dir='ltr'>Hos</span> <span class='ocrx_word' id='word_1_141' title='bbox 648 1240 784 1282; x_wconf 79' lang='lat' dir='ltr'>lam&#39;os</span> <span class='ocrx_word' id='word_1_142' title='bbox 816 1254 906 1281; x_wconf 82' lang='lat' dir='ltr'>cum</span> <span class='ocrx_word' id='word_1_143' title='bbox 937 1239 1230 1281; x_wconf 61' lang='lat' dir='ltr'>tintinnabulis</span> <span class='ocrx_word' id='word_1_144' title='bbox 1252 1244 1361 1289; x_wconf 81' lang='lat' dir='ltr'>dicit,</span> <span class='ocrx_word' id='word_1_145' title='bbox 1394 1248 1438 1280; x_wconf 86' lang='lat' dir='ltr'>ut</span> <span class='ocrx_word' id='word_1_146' title='bbox 1462 1243 1619 1282; x_wconf 86' lang='lat' dir='ltr'>Trucul.</span> 
     </span>
     <span class='ocr_line' id='line_1_19' title="bbox 137 1310 1621 1359; baseline -0.001 -9"><span class='ocrx_word' id='word_1_147' title='bbox 137 1313 237 1350; x_wconf 78' lang='lat'>769:</span> <span class='ocrx_word' id='word_1_148' title='bbox 272 1311 382 1359; x_wconf 81' lang='lat' dir='ltr'>„Nisi</span> <span class='ocrx_word' id='word_1_149' title='bbox 412 1312 445 1348; x_wconf 88' lang='lat' dir='ltr'>si</span> <span class='ocrx_word' id='word_1_150' title='bbox 476 1311 525 1348; x_wconf 88' lang='lat' dir='ltr'>ad</span> <span class='ocrx_word' id='word_1_151' title='bbox 555 1312 835 1350; x_wconf 75' lang='lat' dir='ltr'>tintinnaculos</span> <span class='ocrx_word' id='word_1_152' title='bbox 866 1313 984 1349; x_wconf 89' lang='lat' dir='ltr'>uoltis</span> <span class='ocrx_word' id='word_1_153' title='bbox 1016 1325 1086 1349; x_wconf 86' lang='lat' dir='ltr'>uos</span> <span class='ocrx_word' id='word_1_154' title='bbox 1118 1312 1229 1349; x_wconf 90' lang='lat' dir='ltr'>educi</span> <span class='ocrx_word' id='word_1_155' title='bbox 1260 1310 1407 1350; x_wconf 87' lang='lat' dir='ltr'>uiros“.</span> <span class='ocrx_word' id='word_1_156' title='bbox 1469 1311 1621 1349; x_wconf 88' lang='lat' dir='ltr'>Tintin-</span> 
     </span>
     <span class='ocr_line' id='line_1_20' title="bbox 133 1379 1619 1430; baseline -0.001 -12"><span class='ocrx_word' id='word_1_157' title='bbox 133 1380 278 1418; x_wconf 81' lang='lat' dir='ltr'>nabula</span> <span class='ocrx_word' id='word_1_158' title='bbox 315 1383 444 1417; x_wconf 87' lang='lat' dir='ltr'>autem</span> <span class='ocrx_word' id='word_1_159' title='bbox 482 1384 662 1429; x_wconf 87' lang='lat' dir='ltr'>portasse</span> <span class='ocrx_word' id='word_1_160' title='bbox 703 1380 906 1427; x_wconf 89' lang='lat' dir='ltr'>videntur,</span> <span class='ocrx_word' id='word_1_161' title='bbox 954 1393 1000 1416; x_wconf 91' lang='lat' dir='ltr'>ne</span> <span class='ocrx_word' id='word_1_162' title='bbox 1032 1381 1118 1430; x_wconf 88' lang='lat' dir='ltr'>quis</span> <span class='ocrx_word' id='word_1_163' title='bbox 1150 1393 1235 1417; x_wconf 90' lang='lat' dir='ltr'>cum</span> <span class='ocrx_word' id='word_1_164' title='bbox 1274 1379 1388 1417; x_wconf 89' lang='lat' dir='ltr'>foedo</span> <span class='ocrx_word' id='word_1_165' title='bbox 1420 1379 1619 1418; x_wconf 91' lang='lat' dir='ltr'>hominum</span> 
     </span>
     <span class='ocr_line' id='line_1_21' title="bbox 133 1445 1621 1499; baseline -0.001 -13"><span class='ocrx_word' id='word_1_166' title='bbox 133 1461 273 1499; x_wconf 80' lang='lat' dir='ltr'><strong>genere</strong></span> <span class='ocrx_word' id='word_1_167' title='bbox 302 1449 448 1486; x_wconf 84' lang='lat' dir='ltr'>inscius</span> <span class='ocrx_word' id='word_1_168' title='bbox 479 1450 751 1486; x_wconf 85' lang='lat' dir='ltr'>commercium</span> <span class='ocrx_word' id='word_1_169' title='bbox 792 1448 966 1485; x_wconf 86' lang='lat' dir='ltr'>haberet.</span> <span class='ocrx_word' id='word_1_170' title='bbox 1013 1469 1068 1473; x_wconf 91' lang='lat'><strong>—</strong></span> <span class='ocrx_word' id='word_1_171' title='bbox 1112 1445 1192 1486; x_wconf 80' lang='lat' dir='ltr'>duo</span> <span class='ocrx_word' id='word_1_172' title='bbox 1233 1447 1418 1485; x_wconf 83' lang='lat' dir='ltr'>scribitur</span> <span class='ocrx_word' id='word_1_173' title='bbox 1455 1452 1621 1498; x_wconf 88' lang='lat' dir='ltr'>propter</span> 
     </span>
     <span class='ocr_line' id='line_1_22' title="bbox 132 1516 1619 1567; baseline 0 -13"><span class='ocrx_word' id='word_1_174' title='bbox 132 1518 352 1567; x_wconf 86' lang='lat' dir='ltr'>proximum</span> <span class='ocrx_word' id='word_1_175' title='bbox 386 1529 553 1554; x_wconf 89' lang='lat' dir='ltr'>versum.</span> <span class='ocrx_word' id='word_1_176' title='bbox 629 1516 734 1555; x_wconf 86' lang='lat' dir='ltr'>Duos</span> <span class='ocrx_word' id='word_1_177' title='bbox 773 1520 900 1554; x_wconf 84' lang='lat' dir='ltr'>autem</span> <span class='ocrx_word' id='word_1_178' title='bbox 936 1516 1132 1554; x_wconf 84' lang='lat' dir='ltr'>carnifices</span> <span class='ocrx_word' id='word_1_179' title='bbox 1172 1516 1257 1554; x_wconf 88' lang='lat' dir='ltr'>vult</span> <span class='ocrx_word' id='word_1_180' title='bbox 1294 1517 1455 1553; x_wconf 82' lang='lat' dir='ltr'>alternis</span> <span class='ocrx_word' id='word_1_181' title='bbox 1493 1516 1619 1565; x_wconf 85' lang='lat' dir='ltr'>plagis</span> 
     </span>
     <span class='ocr_line' id='line_1_23' title="bbox 132 1584 1619 1634; baseline -0.002 -11"><span class='ocrx_word' id='word_1_182' title='bbox 132 1585 328 1624; x_wconf 89' lang='lat' dir='ltr'>hominem</span> <span class='ocrx_word' id='word_1_183' title='bbox 366 1585 595 1631; x_wconf 81' lang='lat' dir='ltr'>verberare3</span> <span class='ocrx_word' id='word_1_184' title='bbox 640 1599 729 1623; x_wconf 88' lang='lat' dir='ltr'>nam</span> <span class='ocrx_word' id='word_1_185' title='bbox 768 1584 1028 1622; x_wconf 83' lang='lat' dir='ltr'>verberabant</span> <span class='ocrx_word' id='word_1_186' title='bbox 1067 1585 1266 1622; x_wconf 86' lang='lat' dir='ltr'>carnifices</span> <span class='ocrx_word' id='word_1_187' title='bbox 1304 1584 1482 1621; x_wconf 90' lang='lat' dir='ltr'>homines</span> <span class='ocrx_word' id='word_1_188' title='bbox 1517 1597 1619 1634; x_wconf 87' lang='lat' dir='ltr'>saepe</span> 
     </span>
     <span class='ocr_line' id='line_1_24' title="bbox 132 1652 1620 1703; baseline -0.003 -12"><span class='ocrx_word' id='word_1_189' title='bbox 132 1666 255 1703; x_wconf 81' lang='lat' dir='ltr'>usque</span> <span class='ocrx_word' id='word_1_190' title='bbox 282 1653 331 1691; x_wconf 81' lang='lat' dir='ltr'>ad</span> <span class='ocrx_word' id='word_1_191' title='bbox 354 1657 540 1700; x_wconf 83' lang='lat' dir='ltr'>mortem,</span> <span class='ocrx_word' id='word_1_192' title='bbox 573 1668 608 1691; x_wconf 90' lang='lat' dir='ltr'>v.</span> <span class='ocrx_word' id='word_1_193' title='bbox 633 1653 732 1691; x_wconf 82' lang='lat' dir='ltr'>Plat.</span> <span class='ocrx_word' id='word_1_194' title='bbox 760 1653 854 1701; x_wconf 85' lang='lat' dir='ltr'><strong>Leg.</strong></span> <span class='ocrx_word' id='word_1_195' title='bbox 880 1652 937 1690; x_wconf 87' lang='lat' dir='ltr'>IX</span> <span class='ocrx_word' id='word_1_196' title='bbox 961 1667 997 1703; x_wconf 91' lang='lat' dir='ltr'>p.</span> <span class='ocrx_word' id='word_1_197' title='bbox 1019 1654 1098 1690; x_wconf 79' lang='lat'>872</span> <span class='ocrx_word' id='word_1_198' title='bbox 1116 1653 1167 1691; x_wconf 90' lang='lat' dir='ltr'>B:</span> <span class='ocrx_word' id='word_1_199' title='bbox 1200 1654 1259 1689; x_wconf 83' lang='grc' dir='ltr'>ἐὰν</span> <span class='ocrx_word' id='word_1_200' title='bbox 1283 1653 1406 1694; x_wconf 57' lang='grc' dir='ltr'><em>δοῦ-ος</em></span> <span class='ocrx_word' id='word_1_201' title='bbox 1429 1653 1620 1700; x_wconf 68' lang='grc' dir='ltr'><strong><em>ἐλεύθερον</em></strong></span> 
     </span>
     <span class='ocr_line' id='line_1_25' title="bbox 131 1720 1620 1771; baseline -0.001 -13"><span class='ocrx_word' id='word_1_202' title='bbox 131 1722 219 1758; x_wconf 76' lang='grc' dir='ltr'><strong><em>ἑκὼν</em></strong></span> <span class='ocrx_word' id='word_1_203' title='bbox 249 1721 455 1771; x_wconf 76' lang='grc' dir='ltr'><em>ἀποκτείνῃ,</em></span> <span class='ocrx_word' id='word_1_204' title='bbox 495 1721 514 1758; x_wconf 81' lang='grc' dir='ltr'>ὁ</span> <span class='ocrx_word' id='word_1_205' title='bbox 544 1723 603 1767; x_wconf 76' lang='grc' dir='ltr'>τῆς</span> <span class='ocrx_word' id='word_1_206' title='bbox 633 1722 770 1764; x_wconf 82' lang='grc' dir='ltr'><strong><em>πόλεως</em></strong></span> <span class='ocrx_word' id='word_1_207' title='bbox 801 1722 914 1763; x_wconf 82' lang='grc' dir='ltr'><strong><em>κοινὸς</em></strong></span> <span class='ocrx_word' id='word_1_208' title='bbox 945 1722 1065 1770; x_wconf 71' lang='grc' dir='ltr'><em>δήμιος</em></span> <span class='ocrx_word' id='word_1_209' title='bbox 1095 1722 1337 1771; x_wconf 80' lang='grc' dir='ltr'><strong><em>μαστιγώσας,</em></strong></span> <span class='ocrx_word' id='word_1_210' title='bbox 1365 1720 1504 1762; x_wconf 79' lang='grc' dir='ltr'><strong><em>ὁπόσας</em></strong></span> <span class='ocrx_word' id='word_1_211' title='bbox 1535 1721 1576 1756; x_wconf 77' lang='grc' dir='ltr'>ἂν</span> <span class='ocrx_word' id='word_1_212' title='bbox 1601 1720 1620 1757; x_wconf 81' lang='grc' dir='ltr'><strong><em>ὅ</em></strong></span> 
     </span>
     <span class='ocr_line' id='line_1_26' title="bbox 132 1789 1617 1840; baseline -0.001 -14"><span class='ocrx_word' id='word_1_213' title='bbox 132 1790 219 1826; x_wconf 73' lang='grc' dir='ltr'>ἑλὼν</span> <span class='ocrx_word' id='word_1_214' title='bbox 249 1791 462 1840; x_wconf 82' lang='grc' dir='ltr'><strong><em>προστάττῃ,</em></strong></span> <span class='ocrx_word' id='word_1_215' title='bbox 495 1790 626 1839; x_wconf 77' lang='grc' dir='ltr'><strong><em>ἐάνπερ</em></strong></span> <span class='ocrx_word' id='word_1_216' title='bbox 648 1790 711 1838; x_wconf 82' lang='grc' dir='ltr'>βιῷ</span> <span class='ocrx_word' id='word_1_217' title='bbox 737 1791 928 1838; x_wconf 78' lang='grc' dir='ltr'><strong><em>παιόμενος</em></strong></span> <span class='ocrx_word' id='word_1_218' title='bbox 961 1790 979 1826; x_wconf 87' lang='grc' dir='ltr'>ὁ</span> <span class='ocrx_word' id='word_1_219' title='bbox 1004 1790 1140 1837; x_wconf 78' lang='grc' dir='ltr'><strong><em>φονεύς,</em></strong></span> <span class='ocrx_word' id='word_1_220' title='bbox 1168 1789 1426 1826; x_wconf 79' lang='grc' dir='ltr'><strong><em>θανατωσάτω.</em></strong></span> <span class='ocrx_word' id='word_1_221' title='bbox 1479 1789 1617 1838; x_wconf 87' lang='lat' dir='ltr'>Itaque</span> 
     </span>
     <span class='ocr_line' id='line_1_27' title="bbox 132 1852 1620 1908; baseline -0.001 -13"><span class='ocrx_word' id='word_1_222' title='bbox 132 1857 284 1896; x_wconf 86' lang='lat' dir='ltr'>duobus</span> <span class='ocrx_word' id='word_1_223' title='bbox 313 1853 520 1908; x_wconf 55' lang='lat' dir='ltr'>yreyibu&amp;</span> <span class='ocrx_word' id='word_1_224' title='bbox 553 1860 577 1896; x_wconf 89' lang='lat' dir='ltr'>i.</span> <span class='ocrx_word' id='word_1_225' title='bbox 606 1871 636 1895; x_wconf 91' lang='lat' dir='ltr'>e.</span> <span class='ocrx_word' id='word_1_226' title='bbox 670 1858 850 1903; x_wconf 84' lang='lat' dir='ltr'>fascibus,</span> <span class='ocrx_word' id='word_1_227' title='bbox 884 1859 1082 1906; x_wconf 85' lang='lat' dir='ltr'>virgarum</span> <span class='ocrx_word' id='word_1_228' title='bbox 1113 1870 1211 1907; x_wconf 87' lang='lat' dir='ltr'>opus</span> <span class='ocrx_word' id='word_1_229' title='bbox 1243 1860 1313 1895; x_wconf 89' lang='lat' dir='ltr'>est.</span> <span class='ocrx_word' id='word_1_230' title='bbox 1351 1876 1398 1882; x_wconf 92' lang='lat'>—</span> <span class='ocrx_word' id='word_1_231' title='bbox 1432 1857 1524 1895; x_wconf 89' lang='lat'><strong>335.</strong></span> <span class='ocrx_word' id='word_1_232' title='bbox 1566 1852 1620 1895; x_wconf 71' lang='lat' dir='ltr'>Ut</span> 
     </span>
     <span class='ocr_line' id='line_1_28' title="bbox 131 1923 1616 1975; baseline -0.003 -10"><span class='ocrx_word' id='word_1_233' title='bbox 131 1923 262 1965; x_wconf 77' lang='lat' dir='ltr'>satias</span> <span class='ocrx_word' id='word_1_234' title='bbox 286 1927 417 1965; x_wconf 90' lang='lat' dir='ltr'>lenoni</span> <span class='ocrx_word' id='word_1_235' title='bbox 439 1925 640 1975; x_wconf 70' lang='lat' dir='ltr'>suppetat,</span> <span class='ocrx_word' id='word_1_236' title='bbox 673 1925 719 1964; x_wconf 88' lang='lat' dir='ltr'>cf.</span> <span class='ocrx_word' id='word_1_237' title='bbox 746 1926 852 1963; x_wconf 89' lang='lat' dir='ltr'>Trin.</span> <span class='ocrx_word' id='word_1_238' title='bbox 884 1926 955 1963; x_wconf 84' lang='lat'>57:</span> <span class='ocrx_word' id='word_1_239' title='bbox 993 1925 1186 1974; x_wconf 86' lang='lat' dir='ltr'>„deosque</span> <span class='ocrx_word' id='word_1_240' title='bbox 1210 1938 1291 1971; x_wconf 91' lang='lat' dir='ltr'>oro,</span> <span class='ocrx_word' id='word_1_241' title='bbox 1324 1928 1368 1962; x_wconf 90' lang='lat' dir='ltr'>ut</span> <span class='ocrx_word' id='word_1_242' title='bbox 1393 1925 1500 1962; x_wconf 86' lang='lat' dir='ltr'>uitae</span> <span class='ocrx_word' id='word_1_243' title='bbox 1524 1928 1616 1962; x_wconf 85' lang='lat' dir='ltr'>tuae</span> 
     </span>
     <span class='ocr_line' id='line_1_29' title="bbox 131 1992 1616 2045; baseline -0.002 -12"><span class='ocrx_word' id='word_1_244' title='bbox 131 1999 330 2045; x_wconf 74' lang='lat' dir='ltr'>superstes</span> <span class='ocrx_word' id='word_1_245' title='bbox 360 1992 585 2045; x_wconf 81' lang='lat' dir='ltr'>suppetat“.</span> <span class='ocrx_word' id='word_1_246' title='bbox 628 1993 736 2032; x_wconf 88' lang='lat' dir='ltr'>Pers.</span> <span class='ocrx_word' id='word_1_247' title='bbox 763 1995 855 2032; x_wconf 88' lang='lat'><strong>332.</strong></span> <span class='ocrx_word' id='word_1_248' title='bbox 902 1993 976 2031; x_wconf 88' lang='lat' dir='ltr'>Sed</span> <span class='ocrx_word' id='word_1_249' title='bbox 1003 2006 1050 2030; x_wconf 90' lang='lat' dir='ltr'>ne</span> <span class='ocrx_word' id='word_1_250' title='bbox 1082 2007 1104 2030; x_wconf 88' lang='lat' dir='ltr'>a</span> <span class='ocrx_word' id='word_1_251' title='bbox 1134 2006 1333 2031; x_wconf 89' lang='lat' dir='ltr'>sacrorum</span> <span class='ocrx_word' id='word_1_252' title='bbox 1361 1992 1616 2030; x_wconf 85' lang='lat' dir='ltr'>similitudine</span> 
     </span>
     <span class='ocr_line' id='line_1_30' title="bbox 131 2060 1616 2111; baseline -0.002 -10"><span class='ocrx_word' id='word_1_253' title='bbox 131 2064 307 2111; x_wconf 80' lang='lat' dir='ltr'>recedat,</span> <span class='ocrx_word' id='word_1_254' title='bbox 339 2061 395 2103; x_wconf 85' lang='lat' dir='ltr'>ad</span> <span class='ocrx_word' id='word_1_255' title='bbox 425 2060 656 2102; x_wconf 71' lang='lat' dir='ltr'>litationem</span> <span class='ocrx_word' id='word_1_256' title='bbox 688 2062 818 2109; x_wconf 86' lang='lat' dir='ltr'>addit;</span> <span class='ocrx_word' id='word_1_257' title='bbox 849 2066 929 2099; x_wconf 89' lang='lat' dir='ltr'>tam</span> <span class='ocrx_word' id='word_1_258' title='bbox 960 2061 1026 2098; x_wconf 92' lang='lat' dir='ltr'>diu</span> <span class='ocrx_word' id='word_1_259' title='bbox 1053 2062 1155 2098; x_wconf 89' lang='lat' dir='ltr'>enim</span> <span class='ocrx_word' id='word_1_260' title='bbox 1182 2060 1443 2099; x_wconf 86' lang='lat' dir='ltr'>sacrificantes</span> <span class='ocrx_word' id='word_1_261' title='bbox 1468 2060 1616 2098; x_wconf 82' lang='lat' dir='ltr'>hostiae</span> 
     </span>
     <span class='ocr_line' id='line_1_31' title="bbox 131 2125 1614 2183; baseline -0.003 -13"><span class='ocrx_word' id='word_1_262' title='bbox 131 2131 279 2171; x_wconf 81' lang='lat' dir='ltr'>caedere</span> <span class='ocrx_word' id='word_1_263' title='bbox 308 2136 490 2183; x_wconf 85' lang='lat' dir='ltr'>pergunt,</span> <span class='ocrx_word' id='word_1_264' title='bbox 524 2131 614 2170; x_wconf 89' lang='lat' dir='ltr'>dum</span> <span class='ocrx_word' id='word_1_265' title='bbox 646 2131 870 2168; x_wconf 87' lang='lat' dir='ltr'>litaverunt.</span> <span class='ocrx_word' id='word_1_266' title='bbox 903 2149 957 2155; x_wconf 97' lang='lat'>—</span> <span class='ocrx_word' id='word_1_267' title='bbox 1000 2130 1091 2168; x_wconf 89' lang='lat'><strong>336.</strong></span> <span class='ocrx_word' id='word_1_268' title='bbox 1131 2125 1159 2166; x_wconf 91' lang='grc' dir='ltr'><em>Ι</em></span> <span class='ocrx_word' id='word_1_269' title='bbox 1186 2129 1342 2167; x_wconf 86' lang='lat' dir='ltr'>Gruter.</span> <span class='ocrx_word' id='word_1_270' title='bbox 1376 2128 1484 2175; x_wconf 83' lang='lat' dir='ltr'>add.;</span> <span class='ocrx_word' id='word_1_271' title='bbox 1525 2142 1614 2178; x_wconf 87' lang='lat' dir='ltr'>spa-</span> 
     </span>
     <span class='ocr_line' id='line_1_32' title="bbox 130 2196 1615 2239; baseline -0.003 -1"><span class='ocrx_word' id='word_1_272' title='bbox 130 2200 230 2239; x_wconf 82' lang='lat' dir='ltr'>tium</span> <span class='ocrx_word' id='word_1_273' title='bbox 261 2201 344 2239; x_wconf 86' lang='lat' dir='ltr'>eius</span> <span class='ocrx_word' id='word_1_274' title='bbox 374 2202 414 2238; x_wconf 92' lang='lat' dir='ltr'>in</span> <span class='ocrx_word' id='word_1_275' title='bbox 445 2201 479 2238; x_wconf 89' lang='lat' dir='ltr'>A</span> <span class='ocrx_word' id='word_1_276' title='bbox 510 2200 612 2238; x_wconf 89' lang='lat' dir='ltr'>vidit</span> <span class='ocrx_word' id='word_1_277' title='bbox 640 2199 685 2237; x_wconf 87' lang='lat' dir='ltr'>R.</span> <span class='ocrx_word' id='word_1_278' title='bbox 719 2199 765 2237; x_wconf 89' lang='lat' dir='ltr'>cf.</span> <span class='ocrx_word' id='word_1_279' title='bbox 795 2199 889 2236; x_wconf 90' lang='lat'><strong>843.</strong></span> <span class='ocrx_word' id='word_1_280' title='bbox 922 2199 1013 2236; x_wconf 82' lang='lat'><strong>850.</strong></span> <span class='ocrx_word' id='word_1_281' title='bbox 1051 2198 1170 2235; x_wconf 86' lang='lat'><strong>1185.</strong></span> <span class='ocrx_word' id='word_1_282' title='bbox 1206 2198 1324 2234; x_wconf 84' lang='lat'><strong>1297.</strong></span> <span class='ocrx_word' id='word_1_283' title='bbox 1376 2196 1495 2234; x_wconf 90' lang='lat' dir='ltr'>Poen.</span> <span class='ocrx_word' id='word_1_284' title='bbox 1522 2198 1615 2235; x_wconf 82' lang='lat'><strong>269.</strong></span> 
     </span>
     <span class='ocr_line' id='line_1_33' title="bbox 135 2261 1614 2314; baseline -0.003 -8"><span class='ocrx_word' id='word_1_285' title='bbox 135 2268 254 2307; x_wconf 80' lang='lat'><strong>1307.</strong></span> <span class='ocrx_word' id='word_1_286' title='bbox 306 2268 392 2307; x_wconf 80' lang='lat' dir='ltr'>Cas.</span> <span class='ocrx_word' id='word_1_287' title='bbox 426 2270 520 2307; x_wconf 84' lang='lat'><strong>613.</strong></span> <span class='ocrx_word' id='word_1_288' title='bbox 553 2269 645 2306; x_wconf 83' lang='lat'><strong>898.</strong></span> <span class='ocrx_word' id='word_1_289' title='bbox 688 2287 736 2294; x_wconf 93' lang='lat'>—</span> <span class='ocrx_word' id='word_1_290' title='bbox 786 2263 905 2305; x_wconf 78' lang='lat' dir='ltr'>Istuc</span> <span class='ocrx_word' id='word_1_291' title='bbox 934 2266 978 2304; x_wconf 90' lang='lat' dir='ltr'>R.</span> <span class='ocrx_word' id='word_1_292' title='bbox 1040 2261 1228 2314; x_wconf 76' lang='lat' dir='ltr'>Iuppiter</span> <span class='ocrx_word' id='word_1_293' title='bbox 1259 2261 1466 2313; x_wconf 78' lang='lat' dir='ltr'>lenonius,</span> <span class='ocrx_word' id='word_1_294' title='bbox 1512 2265 1614 2311; x_wconf 84' lang='lat' dir='ltr'>leno,</span> 
     </span>
     <span class='ocr_line' id='line_1_34' title="bbox 131 2334 1616 2388; baseline -0.004 -13"><span class='ocrx_word' id='word_1_295' title='bbox 131 2338 199 2387; x_wconf 87' lang='lat' dir='ltr'>qui</span> <span class='ocrx_word' id='word_1_296' title='bbox 228 2336 414 2388; x_wconf 68' lang='lat' dir='ltr'>«Iuppiter</span> <span class='ocrx_word' id='word_1_297' title='bbox 442 2338 554 2376; x_wconf 85' lang='lat' dir='ltr'>nobis</span> <span class='ocrx_word' id='word_1_298' title='bbox 585 2337 755 2374; x_wconf 86' lang='lat' dir='ltr'>videtur.</span> <span class='ocrx_word' id='word_1_299' title='bbox 782 2355 836 2360; x_wconf 96' lang='lat'><strong>—</strong></span> <span class='ocrx_word' id='word_1_300' title='bbox 870 2336 948 2373; x_wconf 80' lang='lat'>337</span> <span class='ocrx_word' id='word_1_301' title='bbox 981 2348 1065 2383; x_wconf 86' lang='lat' dir='ltr'><strong>sqq.</strong></span> <span class='ocrx_word' id='word_1_302' title='bbox 1112 2334 1200 2371; x_wconf 86' lang='lat' dir='ltr'>Duo</span> <span class='ocrx_word' id='word_1_303' title='bbox 1224 2340 1406 2370; x_wconf 80' lang='lat' dir='ltr'>versuum</span> <span class='ocrx_word' id='word_1_304' title='bbox 1435 2335 1546 2383; x_wconf 85' lang='lat' dir='ltr'>paria</span> <span class='ocrx_word' id='word_1_305' title='bbox 1575 2334 1616 2370; x_wconf 89' lang='lat' dir='ltr'>in</span> 
     </span>
    </p>
   </div>
   <div class='ocr_carea' id='block_1_6' title="bbox 16 2400 1615 2461">
    <p class='ocr_par' dir='ltr' id='par_1_6' title="bbox 16 2382 1615 2461">
     <span class='ocr_line' id='line_1_35' title="bbox 16 2400 1615 2461; baseline -0.006 -14"><span class='ocrx_word' id='word_1_306' title='bbox 16 2423 58 2461; x_wconf 84' lang='lat'><strong>..3-.</strong></span> <span class='ocrx_word' id='word_1_307' title='bbox 131 2405 242 2444; x_wconf 86' lang='lat' dir='ltr'>codd.</span> <span class='ocrx_word' id='word_1_308' title='bbox 274 2400 410 2456; x_wconf 81' lang='lat' dir='ltr'>(etiam</span> <span class='ocrx_word' id='word_1_309' title='bbox 441 2407 481 2443; x_wconf 89' lang='lat' dir='ltr'>in</span> <span class='ocrx_word' id='word_1_310' title='bbox 508 2401 560 2454; x_wconf 86' lang='lat' dir='ltr'>A)</span> <span class='ocrx_word' id='word_1_311' title='bbox 591 2407 815 2455; x_wconf 87' lang='lat' dir='ltr'>permutata</span> <span class='ocrx_word' id='word_1_312' title='bbox 846 2416 928 2441; x_wconf 86' lang='lat' dir='ltr'>esse</span> <span class='ocrx_word' id='word_1_313' title='bbox 958 2402 1059 2442; x_wconf 88' lang='lat' dir='ltr'>vidit</span> <span class='ocrx_word' id='word_1_314' title='bbox 1089 2402 1133 2439; x_wconf 90' lang='lat' dir='ltr'>R.</span> <span class='ocrx_word' id='word_1_315' title='bbox 1194 2400 1253 2438; x_wconf 82' lang='lat' dir='ltr'>Ex</span> <span class='ocrx_word' id='word_1_316' title='bbox 1284 2401 1478 2438; x_wconf 88' lang='lat' dir='ltr'>communi</span> <span class='ocrx_word' id='word_1_317' title='bbox 1508 2402 1615 2450; x_wconf 87' lang='lat' dir='ltr'>prin-</span> 
     </span>
    </p>
   </div>
   <div class='ocr_carea' id='block_1_7' title="bbox 131 2467 1616 2524">
    <p class='ocr_par' dir='ltr' id='par_1_7' title="bbox 131 2467 1616 2524">
     <span class='ocr_line' id='line_1_36' title="bbox 131 2467 1616 2524; baseline -0.003 -13"><span class='ocrx_word' id='word_1_318' title='bbox 131 2474 234 2524; x_wconf 80' lang='lat' dir='ltr'>cipio</span> <span class='ocrx_word' id='word_1_319' title='bbox 272 2487 383 2512; x_wconf 89' lang='lat' dir='ltr'>error</span> <span class='ocrx_word' id='word_1_320' title='bbox 419 2473 655 2523; x_wconf 87' lang='lat' dir='ltr'>repetendus</span> <span class='ocrx_word' id='word_1_321' title='bbox 698 2476 770 2510; x_wconf 86' lang='lat' dir='ltr'>est.</span> <span class='ocrx_word' id='word_1_322' title='bbox 811 2490 859 2497; x_wconf 92' lang='lat'>—</span> <span class='ocrx_word' id='word_1_323' title='bbox 899 2469 1086 2509; x_wconf 54' lang='lat' dir='ltr'>moritus</span> <span class='ocrx_word' id='word_1_324' title='bbox 1116 2469 1171 2515; x_wconf 85' lang='lat' dir='ltr'>A,</span> <span class='ocrx_word' id='word_1_325' title='bbox 1211 2483 1246 2506; x_wconf 93' lang='lat' dir='ltr'>v.</span> <span class='ocrx_word' id='word_1_326' title='bbox 1279 2467 1402 2518; x_wconf 90' lang='lat' dir='ltr'><strong>Gepp.</strong></span> <span class='ocrx_word' id='word_1_327' title='bbox 1435 2467 1546 2506; x_wconf 87' lang='lat' dir='ltr'>Stud.</span> <span class='ocrx_word' id='word_1_328' title='bbox 1578 2467 1616 2506; x_wconf 95' lang='lat' dir='ltr'>II</span> 
     </span>
    </p>
   </div>
   <div class='ocr_carea' id='block_1_8' title="bbox 20 2535 1614 2861">
    <p class='ocr_par' dir='ltr' id='par_1_8' title="bbox 20 2535 1614 2871">
     <span class='ocr_line' id='line_1_37' title="bbox 20 2535 1611 2592; baseline -0.003 -15"><span class='ocrx_word' id='word_1_329' title='bbox 20 2549 27 2577; x_wconf 53' lang='grc' dir='ltr'><strong>ἒ</strong></span> <span class='ocrx_word' id='word_1_330' title='bbox 130 2555 168 2592; x_wconf 88' lang='lat' dir='ltr'>p.</span> <span class='ocrx_word' id='word_1_331' title='bbox 202 2542 268 2579; x_wconf 88' lang='lat'><strong>60.</strong></span> <span class='ocrx_word' id='word_1_332' title='bbox 305 2561 354 2568; x_wconf 91' lang='lat'>—</span> <span class='ocrx_word' id='word_1_333' title='bbox 387 2542 479 2579; x_wconf 88' lang='lat'><strong>339.</strong></span> <span class='ocrx_word' id='word_1_334' title='bbox 520 2540 600 2588; x_wconf 75' lang='lat' dir='ltr'>tua,</span> <span class='ocrx_word' id='word_1_335' title='bbox 633 2539 856 2577; x_wconf 88' lang='lat' dir='ltr'>Calidorum</span> <span class='ocrx_word' id='word_1_336' title='bbox 888 2539 1111 2588; x_wconf 85' lang='lat' dir='ltr'>alloquitur,</span> <span class='ocrx_word' id='word_1_337' title='bbox 1144 2550 1179 2574; x_wconf 86' lang='lat' dir='ltr'>v.</span> <span class='ocrx_word' id='word_1_338' title='bbox 1213 2536 1258 2573; x_wconf 90' lang='lat' dir='ltr'>ad</span> <span class='ocrx_word' id='word_1_339' title='bbox 1292 2535 1401 2584; x_wconf 80' lang='lat' dir='ltr'>Capt.</span> <span class='ocrx_word' id='word_1_340' title='bbox 1435 2536 1529 2573; x_wconf 88' lang='grc'><strong>446.</strong></span> <span class='ocrx_word' id='word_1_341' title='bbox 1563 2555 1611 2561; x_wconf 94' lang='grc'>-</span> 
     </span>
     <span class='ocr_line' id='line_1_38' title="bbox 55 2597 1613 2657; baseline -0.004 -10"><span class='ocrx_word' id='word_1_342' title='bbox 55 2597 67 2630; x_wconf 51' lang='lat'>²</span> <span class='ocrx_word' id='word_1_343' title='bbox 137 2607 260 2655; x_wconf 87' lang='lat' dir='ltr'>„non“</span> <span class='ocrx_word' id='word_1_344' title='bbox 296 2622 369 2647; x_wconf 89' lang='lat' dir='ltr'><strong>om.</strong></span> <span class='ocrx_word' id='word_1_345' title='bbox 402 2609 447 2647; x_wconf 87' lang='lat' dir='ltr'>R.</span> <span class='ocrx_word' id='word_1_346' title='bbox 479 2608 666 2646; x_wconf 82' lang='lat' dir='ltr'>suadente</span> <span class='ocrx_word' id='word_1_347' title='bbox 697 2609 826 2657; x_wconf 82' lang='lat' dir='ltr'>spatio</span> <span class='ocrx_word' id='word_1_348' title='bbox 856 2609 895 2644; x_wconf 88' lang='lat' dir='ltr'>in</span> <span class='ocrx_word' id='word_1_349' title='bbox 927 2607 972 2643; x_wconf 91' lang='lat' dir='ltr'>A.</span> <span class='ocrx_word' id='word_1_350' title='bbox 1004 2624 1058 2630; x_wconf 93' lang='lat'><strong>—</strong></span> <span class='ocrx_word' id='word_1_351' title='bbox 1092 2605 1182 2642; x_wconf 82' lang='lat'><strong>341.</strong></span> <span class='ocrx_word' id='word_1_352' title='bbox 1222 2613 1367 2641; x_wconf 79' lang='lat' dir='ltr'>uerum</span> <span class='ocrx_word' id='word_1_353' title='bbox 1396 2600 1527 2650; x_wconf 81' lang='lat' dir='ltr'>serio,</span> <span class='ocrx_word' id='word_1_354' title='bbox 1566 2604 1613 2641; x_wconf 86' lang='lat' dir='ltr'>cf.</span> 
     </span>
     <span class='ocr_line' id='line_1_39' title="bbox 28 2669 1614 2727; baseline -0.003 -12"><span class='ocrx_word' id='word_1_355' title='bbox 28 2683 57 2711; x_wconf 72' lang='grc' dir='ltr'>ι’</span> <span class='ocrx_word' id='word_1_356' title='bbox 130 2676 273 2727; x_wconf 82' lang='lat' dir='ltr'><strong>Amph.</strong></span> <span class='ocrx_word' id='word_1_357' title='bbox 307 2677 400 2714; x_wconf 87' lang='lat'><strong>848.</strong></span> <span class='ocrx_word' id='word_1_358' title='bbox 475 2677 640 2714; x_wconf 87' lang='lat' dir='ltr'>Lorenz.</span> <span class='ocrx_word' id='word_1_359' title='bbox 681 2679 719 2712; x_wconf 89' lang='lat' dir='ltr'>et</span> <span class='ocrx_word' id='word_1_360' title='bbox 760 2674 934 2722; x_wconf 77' lang='lat' dir='ltr'><strong>Langen.</strong></span> <span class='ocrx_word' id='word_1_361' title='bbox 967 2673 1087 2710; x_wconf 91' lang='lat' dir='ltr'>Beitr.</span> <span class='ocrx_word' id='word_1_362' title='bbox 1128 2685 1166 2721; x_wconf 92' lang='lat' dir='ltr'>p.</span> <span class='ocrx_word' id='word_1_363' title='bbox 1212 2672 1289 2708; x_wconf 86' lang='lat'><strong>117</strong></span> <span class='ocrx_word' id='word_1_364' title='bbox 1324 2669 1508 2719; x_wconf 88' lang='lat' dir='ltr'>„uerum“</span> <span class='ocrx_word' id='word_1_365' title='bbox 1542 2684 1614 2721; x_wconf 92' lang='lat' dir='ltr'>pro</span> 
     </span>
     <span class='ocr_line' id='line_1_40' title="bbox 132 2739 1605 2792; baseline -0.006 -9.453"><span class='ocrx_word' id='word_1_366' title='bbox 132 2745 404 2783; x_wconf 80' lang='lat' dir='ltr'>coniunctione</span> <span class='ocrx_word' id='word_1_367' title='bbox 442 2745 691 2782; x_wconf 84' lang='lat' dir='ltr'>adversativa</span> <span class='ocrx_word' id='word_1_368' title='bbox 728 2744 902 2792; x_wconf 84' lang='lat' dir='ltr'>capiunt,</span> <span class='ocrx_word' id='word_1_369' title='bbox 950 2754 1026 2790; x_wconf 89' lang='lat' dir='ltr'>qua</span> <span class='ocrx_word' id='word_1_370' title='bbox 1062 2740 1159 2778; x_wconf 90' lang='lat' dir='ltr'>nihil</span> <span class='ocrx_word' id='word_1_371' title='bbox 1189 2739 1368 2776; x_wconf 88' lang='lat' dir='ltr'>inutilius</span> <span class='ocrx_word' id='word_1_372' title='bbox 1398 2742 1513 2775; x_wconf 85' lang='lat' dir='ltr'>esset.</span> <span class='ocrx_word' id='word_1_373' title='bbox 1562 2757 1605 2765; x_wconf 89' lang='lat'>-</span> 
     </span>
     <span class='ocr_line' id='line_1_41' title="bbox 137 2805 1612 2861; baseline -0.004 -11.486"><span class='ocrx_word' id='word_1_374' title='bbox 137 2810 244 2861; x_wconf 57' lang='lat' dir='ltr'>„ew</span> <span class='ocrx_word' id='word_1_375' title='bbox 265 2812 376 2851; x_wconf 71' lang='lat' dir='ltr'>abest</span> <span class='ocrx_word' id='word_1_376' title='bbox 403 2813 451 2850; x_wconf 74' lang='lat' dir='ltr'>ab</span> <span class='ocrx_word' id='word_1_377' title='bbox 469 2812 516 2850; x_wconf 88' lang='lat' dir='ltr'>A.</span> <span class='ocrx_word' id='word_1_378' title='bbox 535 2831 589 2838; x_wconf 89' lang='lat'>—</span> <span class='ocrx_word' id='word_1_379' title='bbox 615 2812 706 2849; x_wconf 87' lang='lat'><strong>343.</strong></span> <span class='ocrx_word' id='word_1_380' title='bbox 747 2805 889 2859; x_wconf 75' lang='lat' dir='ltr'>edepol</span> <span class='ocrx_word' id='word_1_381' title='bbox 913 2808 1114 2858; x_wconf 76' lang='lat' dir='ltr'>profecto,</span> <span class='ocrx_word' id='word_1_382' title='bbox 1145 2808 1191 2845; x_wconf 79' lang='lat' dir='ltr'>cf.</span> <span class='ocrx_word' id='word_1_383' title='bbox 1211 2807 1327 2844; x_wconf 72' lang='lat' dir='ltr'>Most.</span> <span class='ocrx_word' id='word_1_384' title='bbox 1348 2808 1440 2844; x_wconf 77' lang='lat'><strong>803.</strong></span> <span class='ocrx_word' id='word_1_385' title='bbox 1472 2806 1612 2856; x_wconf 77' lang='lat' dir='ltr'><strong>Amph.</strong></span> 
     </span>
    </p>
   </div>
   <div class='ocr_carea' id='block_1_9' title="bbox 1283 2882 1342 2915">
    <p class='ocr_par' dir='ltr' id='par_1_9' title="bbox 1283 2882 1342 2915">
     <span class='ocr_line' id='line_1_42' title="bbox 1283 2882 1342 2915; baseline 0 0"><span class='ocrx_word' id='word_1_386' title='bbox 1283 2882 1342 2915; x_wconf 67' lang='grc' dir='ltr'>16*Ι</span> 
     </span>
    </p>
   </div>
  </div>
 </body>
</html>
