1963 3243
97 243 163 286 IV,
188 244 220 284 2,
246 243 379 278 35—53
737 242 951 277 Pseudolus.
1075 258 1079 262 ·
1537 249 1584 288 31

762 368 925 409 Simia

283 439 405 490 Quod
438 439 566 482 homo
599 439 753 494 edepol
786 440 909 481 fortis
941 444 1070 494 atque
1103 439 1286 481 bellator
1318 440 1490 494 probus.
1518 453 1586 486 995

93 511 177 554 Sed
209 525 394 566 propera
427 511 537 553 hanc
567 512 789 565 perlegere
822 526 985 565 quaeso
1019 511 1250 565 epistulam
1278 535 1332 541 —-
1363 513 1426 553 ita
1458 527 1586 566 nego-

1115 583 1222 624 tium
1256 589 1322 625 est
1352 607 1406 612 —

93 655 235 709 Atque
268 655 463 708 accipere
496 659 721 709 argentum
754 659 950 696 actutum
982 653 1294 709 mulieremque
1327 657 1537 697 emittere.

91 726 204 768 Nam
243 740 416 768 necesse
456 732 521 768 est
558 727 687 768 hodie
727 726 899 780 Sicyoni
941 740 1006 768 me
1040 740 1133 769 esse
1166 732 1243 768 aut
1274 741 1370 769 cras
1405 733 1586 770 mortem

1119 801 1320 853 exsequi3

94 870 162 912 Ita
193 883 290 912 erus
323 884 441 912 meus
474 875 539 913 est
570 872 829 925 inperiosus.

755 942 932 985 Ballio

875 1015 1013 1073 Noui3¹
1038 1016 1152 1057 notis
1185 1015 1426 1069 praedicas.

762 1087 926 1129 Simia

93 1160 283 1214 Propera
316 1159 537 1214 perlegere
569 1173 670 1212 ergo
705 1159 951 1213 epistulam.

753 1232 932 1274 Ballio

881 1304 931 1345 Id
963 1318 1058 1358 ago,
1089 1305 1124 1346 si
1156 1309 1302 1346 taceas
1335 1304 1473 1347 modo.
1508 1316 1594 1350 1000

98 1375 247 1425 „Miles
279 1376 422 1417 lenoni
456 1375 645 1417 Ballioni
678 1375 910 1430 epistulam

93 1447 394 1502 Conscript-am
430 1449 561 1489 mittit
595 1447 1148 1502 Polymachaeroplagides,

92 1519 286 1572 Imagine
319 1519 591 1572 obsignatam
626 1533 737 1572 quae
770 1521 884 1561 inter
915 1534 994 1562 nos
1029 1520 1112 1562 duo

94 1590 310 1634 Conuenit
341 1592 480 1633 olim.“
547 1591 795 1646 Symbolust
827 1593 869 1633 in
902 1592 1110 1646 epistula;

96 1663 232 1706 Uideo
266 1669 309 1706 et
340 1678 552 1717 cognosco
587 1665 770 1719 signum.
834 1664 920 1706 Sed
951 1665 993 1706 in
1027 1665 1213 1718 epistula
1510 1679 1594 1712 1005

82 1731 268 1778 'Nullam
301 1736 486 1778 salutem
521 1737 690 1778 mittere
725 1737 931 1790 scriptam
964 1737 1102 1778 solet?

763 1819 932 1862 Simia

95 1891 164 1934 Ita
195 1892 396 1933 militaris
429 1892 661 1946 disciplina
693 1896 772 1941 est,
806 1892 965 1934 Ballio:

96 1964 227 2006 Manu
259 1964 444 2006 salutem
477 1964 656 2005 mittunt
689 1963 796 2005 bene
827 1965 1101 2017 uolentibus;

99 2036 261 2078 Eadem
293 2036 452 2077 malam
486 2050 576 2077 rem
607 2037 787 2077 mittunt
820 2037 931 2078 male
964 2038 1225 2081 uolentibus.

99 2106 183 2150 Sed
215 2114 263 2150 ut
294 2109 513 2162 occepisti,
547 2122 677 2162 perge
712 2122 843 2160 opera
875 2111 1121 2163 experirier‚
1510 2122 1596 2155 1010

99 2179 213 2230 Quid
247 2179 434 2235 epistula
465 2181 549 2222 ista
580 2187 738 2222 narret.

760 2251 941 2294 Ballio

791 2325 997 2367 Ausculta
1030 2325 1170 2368 modo.

104 2395 307 2449 „Haran
338 2396 504 2438 calator
535 2410 656 2438 meus
689 2402 755 2437 est
787 2397 841 2438 ad
873 2402 915 2438 te
948 2398 1022 2451 qui
1053 2399 1176 2440 uenit
1210 2400 1283 2426 '—“

99 2465 218 2509 Tune
251 2482 297 2509 es
329 2468 369 2509 is
400 2467 607 2522 Harpax?

192 2603 258 2636 996
284 2602 462 2647 pelligere
491 2602 519 2638 C
645 2604 814 2647 negotius
841 2603 876 2638 B
1003 2606 1071 2639 997
1096 2605 1182 2639 mihi
1210 2606 1379 2640 emittere
1511 2607 1600 2640 1000

103 2655 158 2692 SI.
185 2669 250 2693 om.
276 2659 311 2693 B
414 2659 613 2703 epistulam
640 2671 728 2704 ergo
838 2662 919 2695 1001
949 2662 1144 2705 epistulam
1171 2672 1236 2696 om.
1265 2661 1294 2696 Ο
1390 2663 1473 2697 1003
1498 2662 1594 2697 Ima-

101 2714 224 2758 ginem
342 2718 429 2751 1004
454 2717 648 2751 simbolum
677 2723 731 2751 est
837 2719 989 2751 1004—5
1017 2719 1156 2752 inverso
1182 2718 1308 2753 ordine
1357 2719 1390 2752 A
1513 2721 1600 2754 1007

40 2768 43 2772 ’
102 2769 218 2805 baltio
315 2774 401 2807 1010
426 2784 576 2818 operam
602 2773 670 2807 BC
765 2775 844 2807 1011
874 2773 940 2817 Qui
968 2773 1003 2808 B
1098 2775 1182 2808 1012
1207 2775 1364 2809 callator
1390 2774 1417 2809 C
1514 2777 1600 2810 1013

102 2825 225 2862 Tunes
251 2829 391 2873 saphax
415 2830 460 2873 B,
485 2833 574 2865 tune
601 2842 638 2864 es
664 2830 804 2874 saphax
832 2830 860 2865 C

1308 2905 1329 2938 6
