1963 3243
107 214 153 253 ῙῙ,
181 216 313 251 11-30
753 214 945 250 Poenulus.
1516 227 1585 263 141

105 341 167 384 Eo
199 345 327 395 pacto
361 353 520 381 auarae
551 339 706 381 Ueneri
743 340 888 393 pulcre
920 340 1006 382 adii
1041 356 1225 383 manum.

108 411 289 462 Quando
321 411 376 461 id,
410 410 523 466 quod
557 416 626 452 sat
657 416 762 461 erat,
794 413 898 453 satis
929 412 1088 454 habere
1121 413 1271 464 noluit,

106 483 195 536 Ego
227 497 406 538 pausam
438 482 539 533 feci;
573 483 634 524 sic
667 496 757 535 age,
793 484 855 525 sic
886 497 952 526 me
985 484 1118 526 decet..

107 555 196 610 Ego
227 555 325 597 faxo
357 554 542 609 posthac
574 553 616 595 di
649 553 841 607 deaeque
874 556 1006 597 ceteri
1526 572 1593 604 460

106 625 403 669 Contentiores
434 639 556 678 mage
589 630 716 668 erunt
748 630 877 680 atque
911 627 1027 669 auidi
1059 628 1211 679 minus,

106 697 242 749 Quom
273 697 458 748 scibunt,
491 696 646 740 Ueneri
678 702 727 740 ut
758 698 915 740 adierit
945 699 1042 740 leno
1076 714 1263 741 manum.

105 769 324 822 Condigne
355 770 582 823 haruspex,
613 783 697 811 non
730 770 856 812 homo
887 770 1077 821 trioboli,

106 840 314 884 Omnibus
345 842 388 883 in
420 842 529 883 extis
561 841 682 883 aibat
715 842 911 895 portendi
945 842 1048 883 mihi

104 912 266 955 Malum
299 913 587 967 damnumque
619 917 662 954 et
694 914 796 956 deos
829 928 921 956 esse
953 917 1089 956 iratos
1121 915 1236 956 mihi.
1525 929 1590 962 465

107 983 217 1034 Quid
249 985 287 1026 ei
319 985 456 1026 diuini
487 990 563 1027 aut
592 985 768 1027 humani
801 999 983 1040 aequom
1017 993 1084 1028 est
1114 986 1319 1028 credere?

104 1056 222 1098 Mina
251 1056 356 1098 mihi
388 1058 556 1110 argenti
588 1057 701 1098 dono
734 1058 908 1111 postilla
940 1058 1044 1100 data
1075 1064 1149 1100 est.

106 1128 189 1170 Sed
221 1142 383 1183 quaeso
414 1128 590 1170 ubinam
623 1129 713 1170 illic
743 1130 904 1171 restitit
935 1130 1056 1171 miles
1087 1131 1225 1179 modo,

106 1199 188 1250 Qui
217 1199 329 1242 hanc
360 1200 461 1241 mihi
493 1200 686 1251 donauit,
719 1215 845 1255 quem
879 1215 956 1255 ego
988 1203 1141 1243 uocaui
1175 1203 1228 1243 ad
1262 1202 1518 1257 prandium?

106 1271 189 1314 Sed
221 1286 367 1314 eccum
396 1272 570 1314 incedit.

633 1375 1058 1416 Antamoenides

662 1447 728 1488 Ita
759 1452 806 1488 ut
837 1448 985 1501 occepi
1017 1447 1170 1498 dicere,
1524 1460 1591 1492 470

103 1517 291 1570 Lenulle,
325 1518 376 1560 de
408 1518 507 1560 illac
538 1532 683 1573 pugna
714 1519 1086 1572 ptenanthropica.

103 1589 238 1641 Quom
272 1591 497 1644 sexaginta
527 1590 647 1632 milia
677 1590 896 1632 hominum
928 1604 1013 1632 uno
1046 1591 1114 1632 die

102 1661 399 1704 Uolaticorum
429 1663 627 1704 manibus
660 1662 797 1704 occidi
829 1663 948 1705 meis.

763 1764 933 1818 Lycus

103 1833 400 1877 Uolaticorum
431 1836 681 1879 hominum?

633 1938 1048 1994 Antainoenindes

728 2010 796 2051 Ita
828 2010 924 2052 dico
958 2009 1144 2062 quidem.

764 2112 934 2166 Lycus

102 2183 178 2233 An,
212 2183 405 2234 obsecro,
437 2197 619 2238 usquam
652 2190 752 2225 sunt
783 2184 978 2226 homines
1010 2184 1217 2226 uolatici?
1523 2196 1589 2228 475

633 2301 1057 2343 Antamoenides

101 2370 252 2422 Fuere,
285 2387 435 2414 uerum
469 2386 546 2426 ego
578 2373 786 2414 interfeci.

510 2481 527 2497 Ο

190 2507 256 2540 459
281 2518 448 2550 paussam
475 2508 509 2541 A
623 2508 690 2541 460
716 2508 773 2542 dei
800 2507 832 2540 A
945 2509 1008 2542 461
1038 2507 1155 2552 adque
1268 2507 1528 2541 auidiuiminus
1555 2508 1587 2541 A

101 2562 167 2596 463
189 2568 274 2607 post
296 2565 364 2599 469
384 2566 490 2608 ponit
515 2564 547 2598 Α
652 2565 720 2598 464
745 2564 865 2598 aiebat
892 2563 960 2598 BC
1061 2565 1128 2598 466
1151 2563 1248 2598 haud
1275 2563 1349 2606 BC,
1377 2567 1438 2607 atq
1463 2564 1495 2597 A

92 2617 249 2654 humani
277 2632 433 2666 aequom
459 2621 489 2655 si
514 2620 560 2663 B,
587 2621 758 2655 humanae
785 2632 865 2654 cum
895 2621 923 2653 si
952 2620 980 2655 C
1071 2619 1238 2654 crederet
1337 2621 1404 2654 467
1430 2620 1527 2654 dona
1553 2620 1588 2655 B

100 2677 168 2710 470
192 2675 558 2712 ANTAMONEDES
585 2677 612 2712 C
697 2679 759 2711 471
789 2677 914 2711 lenull.
944 2677 990 2715 A,
1015 2677 1199 2710 Lennutte
1225 2675 1271 2719 Β,
1297 2676 1456 2711 Lenutte
1483 2676 1512 2711 C

101 2734 358 2776 Pentetronica
481 2735 548 2768 472
574 2733 652 2777 Quo
677 2733 745 2768 BC
864 2732 963 2767 milia
989 2743 1053 2767 om·
1082 2733 1112 2767 0
1233 2734 1299 2768 473
1325 2732 1526 2768 occidimus
1553 2732 1589 2768 B

101 2789 168 2822 474
192 2789 222 2823 Ε
249 2791 491 2824 uolaticorum
507 2789 555 2833 B,
581 2791 688 2834 lycus
708 2789 938 2824 euolaticoru
959 2789 987 2823 C
1061 2789 1167 2824 deico
1183 2789 1216 2823 A
1294 2791 1359 2823 475
1386 2789 1593 2826 uiaticiBC
