1963 3243
318 163 399 201 268
891 161 998 194 Miles
1025 161 1217 202 gloriosus.

317 294 361 325 ut
408 302 442 325 V.
493 289 583 325 712.
633 302 667 325 V.
717 289 846 326 Madv.
895 288 960 326 Gr.
1009 290 1096 326 Lat.
1138 290 1218 326 442
1260 303 1292 335 a,
1333 302 1420 326 auu.
1455 290 1491 326 2.
1525 309 1579 313 —
1609 289 1653 327 de
1682 300 1776 337 equo

316 358 471 404 uspiam
503 358 548 394 A.
609 356 665 393 De
705 357 815 393 hiatu
856 358 894 393 in
938 356 1074 393 eadem
1107 357 1233 393 vocali
1265 370 1300 393 V.
1333 356 1489 404 Proleg.
1522 370 1560 406 p.
1595 358 1689 394 220.
1725 376 1773 382 -

319 425 413 461 722.
447 427 518 462 aut
546 426 711 462 ceruices
742 426 786 461 A.
821 444 872 449 —-
908 425 1000 462 723.
1033 435 1111 462 esse
1141 427 1175 462 et
1205 428 1245 461 et
1276 424 1364 461 dari
1393 426 1438 461 A.
1475 444 1522 450 —
1558 426 1652 462 724.
1684 427 1721 463 et
1738 436 1778 464 se

319 493 407 530 bene
438 494 482 528 A.
517 512 570 516 —
610 493 701 529 usui
729 494 783 529 est
812 493 857 528 A.
900 511 951 516 —
992 493 1070 530 725
1103 505 1187 542 sqq.
1221 492 1334 529 Ribb.
1369 493 1521 530 omissis
1555 493 1777 530 723—724

319 561 567 598 Palaestrioni
599 559 720 596 dedit.
768 571 826 596 me
856 560 896 596 di
924 560 1084 607 deaeque
1114 561 1245 597 ament
1274 561 1318 597 A.
1352 579 1406 584 —
1440 561 1532 597 726.
1566 571 1645 598 uno
1674 562 1714 597 in
1745 561 1780 598 A

319 629 379 665 bis
411 631 600 677 scriptum
635 627 805 664 videtur.
867 627 978 664 Lor.:
1014 641 1198 677 „parasse
1230 632 1275 665 ut
1306 626 1424 665 uno“.
1457 647 1510 652 —
1544 628 1778 666 727-729.

320 696 506 733 Criticam
556 696 630 731 loci
677 697 868 731 rationem
917 696 1118 744 expedivit
1163 696 1343 746 Spengel.
1384 695 1510 733 Plaut.
1551 709 1588 745 p.
1631 697 1680 733 37
1720 709 1776 745 sq.

320 765 416 800 duce
442 764 579 803 Nonio.
605 765 670 812 qui
696 776 732 811 p.
760 764 839 801 415
874 766 914 800 et
937 777 974 813 p.
1013 766 1087 801 157
1116 764 1198 817 vduo
1228 765 1468 813 posteriores
1499 776 1634 801 versus
1666 763 1780 800 affert

321 845 405 868 cum
446 833 581 880 paucis
621 836 661 867 in
700 832 832 880 priore
864 832 970 868 vitiis
1002 830 1145 880 (‚,quae
1176 832 1344 880 inproba
1373 836 1432 868 est
1462 844 1577 877 mers,
1608 832 1779 881 pretium

321 902 375 936 eis
406 901 561 937 statuis.
594 912 666 949 pro
699 901 846 936 virtute
883 903 927 935 ut
957 897 1179 947 neviant“).
1213 919 1261 924 —
1306 900 1398 937 727.
1429 910 1703 947 ayoranomus,
1741 913 1776 937 v.

321 968 372 1004 ad
404 967 516 1016 Capt.
551 968 644 1005 817.
680 987 727 992 —
765 968 858 1004 728.
890 978 1003 1012 mers,
1036 969 1059 1003 i.
1094 981 1126 1004 e.
1161 980 1282 1013 merx⁷
1315 968 1499 1004 scribitur
1522 969 1641 1004 etiam
1658 967 1777 1006 Poeu.

323 1037 415 1073 339.
451 1035 557 1072 Pers.
593 1036 685 1072 239.
722 1036 813 1072 583.
848 1034 943 1071 Cist.
980 1037 1057 1073 559
1091 1040 1131 1072 et
1161 1035 1257 1072 Nov.
1292 1035 1397 1085 apud
1423 1035 1524 1072 Non.
1550 1049 1587 1085 p.
1617 1036 1707 1074 109.
1730 1035 1775 1073 of.

320 1104 366 1140 R.
385 1104 456 1154 Op.
477 1105 513 1141 II
530 1117 565 1152 p.
587 1105 679 1141 656.
699 1123 751 1128 —
769 1105 802 1141 ei
818 1116 893 1140 non
910 1105 1039 1152 primo
1058 1105 1141 1141 loco
1158 1105 1344 1153 positum,
1364 1104 1410 1140 of.
1430 1104 1477 1140 ad
1497 1104 1601 1142 Men.
1622 1105 1778 1142 667.—

320 1173 502 1221 Repet-ito
537 1174 734 1221 „pretium
766 1173 799 1207 ei
832 1170 996 1208 statuit“
1033 1174 1156 1209 eiecto
1181 1171 1227 1209 R.
1260 1173 1484 1221 proposuit:
1533 1171 1665 1219 „Quae
1689 1184 1779 1222 pro-

320 1240 409 1277 bast
436 1248 503 1276 aut
529 1239 770 1283 luculenta“,
790 1239 906 1276 Ribb.
928 1239 1062 1277 Goetz.
1085 1239 1217 1286 „Quae
1235 1239 1396 1290 probast
1420 1245 1458 1277 et
1476 1242 1603 1290 pretio
1621 1238 1779 1290 digna“.

321 1329 374 1332 —
414 1310 508 1346 729.
553 1313 783 1357 „pauperat.
824 1321 1034 1358 pauperem
1076 1307 1211 1354 facit“‚
1251 1307 1348 1345 Non.
1389 1321 1426 1358 p.
1466 1310 1556 1346 157.
1618 1308 1693 1346 Sed
1725 1307 1776 1345 A:

313 1379 510 1424 pauperet.
560 1382 599 1412 ut
647 1378 724 1413 iam
772 1376 984 1424 Aoidalius,
1031 1381 1075 1413 ut
1111 1378 1164 1415 ,ad
1208 1374 1299 1420 .‚ut“
1342 1377 1613 1413 antecedentis
1643 1389 1780 1414 versus

321 1445 527 1481 referatur.
569 1464 624 1469 —-
664 1446 757 1482 730.
798 1445 1012 1492 dispertisse
1051 1446 1094 1490 A⁷
1136 1445 1183 1481 cf.
1219 1446 1310 1482 708.
1345 1445 1393 1482 al.
1426 1465 1479 1470 —
1514 1446 1605 1482 731.
1635 1445 1779 1492 inaeni-

321 1516 411 1551 aius
442 1516 487 1549 A.
523 1532 569 1537 —
605 1513 864 1560 lonqinquam,
896 1513 1062 1561 longam,
1098 1513 1143 1550 cf.
1183 1514 1300 1550 1016.
1336 1513 1454 1550 Mero.
1490 1512 1584 1550 600.
1631 1513 1778 1560 darent,

322 1582 594 1618 coniunctivus
632 1583 815 1625 iussivus,
859 1596 894 1617 v.
934 1581 980 1617 ad
1021 1581 1126 1617 Men.
1171 1582 1262 1618 599.
1303 1600 1358 1605 —
1397 1582 1490 1619 732.
1530 1580 1604 1629 Qui
1632 1580 1782 1628 inprobi

321 1653 441 1687 essem
471 1652 507 1686 et
535 1649 692 1696 scelesti,
726 1651 757 1687 is
788 1650 1060 1687 adimereutA.
1095 1651 1138 1693 ιἐ,
1170 1652 1193 1686 i.
1229 1663 1259 1685 e.
1293 1650 1353 1697 iis,
1377 1654 1424 1686 ut
1447 1651 1542 1695 735,
1569 1648 1778 1696 v.Proleg.

321 1732 357 1767 p.
402 1717 494 1754 212.
531 1737 577 1742 -—
614 1718 692 1754 733
735 1722 839 1754 recte
880 1719 924 1754 A.
959 1737 1009 1741 —
1045 1718 1137 1755 734.
1169 1718 1346 1762 facerent
1373 1719 1418 1755 A.
1453 1738 1506 1743 -
1540 1718 1632 1754 735.
1672 1718 1714 1765 is,
1754 1717 1796 1753 i..

322 1799 353 1823 e.
388 1788 446 1831 iis,
478 1793 519 1822 ut
554 1788 740 1835 scriptun]
776 1791 835 1823 est
866 1788 903 1822 in
937 1788 992 1830 A3
1025 1788 1212 1823 usitatius
1246 1791 1347 1823 esset.
1384 1784 1584 1831 „eorum“,
1615 1790 1658 1822 ut
1684 1785 1779 1822 Hor.

320 1855 392 1903 Ep.
432 1854 460 1898 I,
508 1855 567 1894 12,
610 1855 682 1890 24;
727 1854 851 1899 „Vilis
891 1857 1102 1892 amicorum
1143 1859 1202 1892 est
1241 1867 1408 1900 annona,
1443 1854 1554 1891 bonis
1586 1854 1652 1891 ubi
1685 1852 1778 1902 quid

320 1921 480 1968 deest&
523 1937 555 1958 v.
599 1923 646 1958 ad
687 1924 778 1959 273.
823 1943 874 1947 —
916 1924 1008 1960 736.
1042 1924 1215 1968 inscitus,
1249 1936 1283 1960 v.
1318 1923 1364 1959 ad
1398 1922 1538 1960 Bacch.
1576 1923 1693 1959 1074.
1725 1939 1778 1946 —

322 1993 414 2028 737.
455 1990 603 2038 Quique
633 2002 693 2028 eos
726 1993 916 2039 uituperet
945 1994 990 2028 A.
1037 1991 1112 2029 Sed
1146 1991 1226 2029 haec
1257 1990 1474 2028 Ritschelio
1506 1993 1562 2027 ita
1594 1992 1778 2037 languere

319 2059 567 2104 videbantur,
600 2067 642 2095 ut
678 2074 719 2095 ea
753 2073 825 2109 pro
857 2060 1090 2107 glossemate
1124 2061 1282 2096 eiiceret
1309 2060 1503 2108 longeque
1532 2060 1639 2097 aliud
1655 2059 1776 2107 scrip·

320 2134 400 2164 tum
435 2128 554 2164 fuisse
586 2134 746 2176 putaret.
777 2130 902 2165 velut:
955 2127 1057 2169 ..Sed
1091 2128 1174 2165 dies
1207 2125 1276 2164 it“.
1325 2127 1441 2164 Ribb.
1474 2132 1599 2164 totum
1625 2138 1778 2164 versum

320 2197 533 2233 damnavit.
567 2215 608 2219 —
652 2207 756 2233 neme
787 2197 869 2234 istis
901 2199 944 2234 A.
1613 2232 1615 2235 .

438 2265 515 2301 738
563 2271 598 2300 et
650 2265 727 2301 739
775 2271 877 2301 recte
925 2267 970 2301 A.
1016 2285 1070 2289 —
1119 2266 1211 2301 740.
1251 2263 1360 2301 Nihil
1395 2275 1453 2301 me
1484 2264 1664 2312 paenitet.
1704 2275 1778 2299 non

320 2346 460 2382 parum
501 2332 595 2368 mihi
627 2332 795 2370 videtur.
831 2346 864 2369 v,
899 2334 948 2370 ad
980 2333 1119 2369 Bacch.
1158 2333 1276 2370 1182.
1309 2352 1363 2357 —
1392 2333 1567 2379 sumptui
1596 2331 1702 2369 Cam.
1733 2334 1778 2368 ut

324 2403 415 2438 673.
449 2421 501 2426 —
536 2402 627 2438 741.
659 2401 791 2449 hospes
820 2401 953 2440 nullus
984 2403 1044 2438 ed.
1077 2414 1136 2449 pr.
1170 2415 1216 2437 ex
1249 2400 1292 2437 D.
1329 2418 1379 2424 —
1413 2403 1491 2438 tam
1523 2401 1563 2438 in
1593 2400 1709 2437 amici
1731 2400 1776 2446 A,

321 2472 366 2506 cf.
402 2471 448 2507 ad
492 2470 631 2519 Amph.
667 2470 759 2506 721.
795 2470 895 2506 iufra
929 2470 1021 2506 850.
1057 2469 1150 2506 899.
1188 2470 1306 2506 1195.
1369 2469 1468 2506 Rud.
1509 2469 1627 2505 1134.
1687 2467 1773 2504 Ter.

322 2538 411 2573 Hec.
456 2539 547 2575 310.
613 2538 683 2574 Ad.
725 2539 817 2573 274.
882 2537 1010 2574 Madv.
1054 2537 1100 2573 ad
1142 2536 1219 2574 Cic.
1262 2537 1344 2574 Fin.
1383 2537 1427 2578 V.
1470 2538 1505 2579 9,
1540 2537 1604 2573 26.
1638 2554 1690 2560 ·-
1720 2534 1775 2572 di-

320 2607 423 2643 uorte·
463 2606 502 2641 13.
544 2625 597 2630 —-
631 2607 723 2642 742.
768 2605 857 2642 Post
905 2605 1129 2650 „triduum“
1169 2605 1282 2642 Both.
1315 2610 1354 2641 et
1388 2604 1430 2641 R.
1469 2605 1570 2649 „ibi”
1615 2604 1775 2648 addunt,

322 2675 425 2722 quod
458 2675 583 2710 audiri
618 2687 730 2722 posse
764 2674 929 2710 videtur.
992 2674 1050 2710 ΒΓ.
1085 2673 1197 2710 affert
1229 2673 1305 2710 Cic.
1340 2673 1450 2709 Rosa.
1484 2675 1570 2709 Am.
1607 2674 1669 2717 27,
1703 2671 1772 2708 74:

327 2743 528 2781 ..Roscius
568 2745 634 2790 qui
679 2742 839 2778 Romam
875 2742 1007 2778 multis
1041 2744 1152 2778 annis
1185 2755 1261 2778 nou
1295 2743 1402 2777 venit
1437 2754 1564 2790 neque
1596 2750 1775 2789 umquam

1929 502 1936 718 i

1923 934 1931 1116 ³

1916 1556 1923 1726 ί

1909 1909 1918 2232 l

1885 2981 1907 3072 ⁴.—
1895 2893 1902 2972 —
