1963 3243
755 289 793 324 v.
819 290 1007 325 537—589.
1547 296 1626 334 323

136 420 261 454 torem
300 417 468 455 voluisse
508 417 568 455 vel
599 419 769 468 proximi
802 432 936 457 versus
967 419 1186 457 similitudo
1218 419 1400 465 ostendit,
1442 421 1510 458 sed
1542 434 1628 458 con-

136 485 213 523 silii
244 485 418 535 leporem
451 499 525 523 non
559 487 679 535 magis
713 500 826 536 quam
860 500 996 525 versus
1027 487 1282 525 laudaverim.
1314 506 1369 513 —
1411 489 1503 525 570.
1536 488 1629 525 Post

136 549 213 590 tibi
242 553 394 601 hiatus;
428 553 540 592 Both.
579 553 673 599 ,tibi
705 554 815 592 nos“.
845 575 898 580 -
929 552 1073 602 solum,
1108 555 1231 606 pedis.
1265 575 1320 580 —-
1353 556 1445 592 571.
1483 553 1629 604 „qu0d,

135 626 298 671 propter
329 622 366 659 id
400 620 530 672 quod“
569 622 701 661 Lamb.
740 642 785 647 —
837 625 928 662 572.
970 621 1126 662 iniuste
1166 620 1299 672 loqui,
1342 637 1377 661 v.
1411 624 1459 660 ad
1490 624 1629 662 Bacch.

136 690 230 727 462.
297 691 420 737 „male
462 691 567 740 loqui
607 690 749 728 alicui‘⁴
792 691 893 728 infra
925 692 1018 730 625.
1052 693 1144 730 628.
1178 693 1246 729 cfr.
1285 693 1404 730 1321.
1439 711 1491 716 —
1537 693 1629 729 573.

137 755 240 808 quid
278 755 402 796 uelim
440 768 537 803 1108,
583 772 618 795 v.
652 758 700 796 ad
732 759 820 796 Aul.
856 760 948 798 202.
997 760 1097 798 infra
1131 762 1223 797 855.
1285 760 1405 798 Mero.
1440 760 1532 796 856.
1579 779 1627 784 -

139 828 232 863 575.
264 822 371 864 Eece
403 825 560 874 Langen
587 827 705 864 Beitr.
732 841 770 877 p.
796 828 819 863 4
853 841 927 865 non
954 827 1176 866 Plautinum
1210 832 1345 879 putat,
1379 840 1499 876 quare
1531 827 1631 865 hunc

137 908 294 944 quoque
325 899 364 932 et
393 896 614 945 proximum
647 908 800 933 versum
832 897 986 945 spurios
1018 902 1163 934 censet.
1197 916 1251 921 —
1292 897 1384 934 576.
1427 891 1629 941 Basilice,

138 965 314 1012 egregie,
347 976 383 1001 v.
416 963 466 1001 ad
497 962 607 1000 Curc.
645 965 735 1001 359.
769 984 823 988 -
855 961 964 1002 cedit
992 965 1129 1011 Both,
1163 979 1197 1002 v.
1232 965 1282 1002 ad
1312 964 1420 1002 Asin.
1454 965 1548 1002 402.
1577 983 1632 990 —-

136 1026 273 1079 lubre,
315 1030 482 1073 affabre.
523 1033 567 1069 cf.
605 1031 708 1070 Men.
748 1034 836 1070 134.
915 1032 1082 1070 Militari
1123 1038 1252 1071 autem
1294 1032 1430 1070 habitu
1469 1033 1630 1070 indutus

138 1103 234 1146 erat,
270 1098 589 1149 „chlamydatus“
624 1114 660 1137 v.
695 1101 786 1137 619.

253 1169 345 1206 577.
378 1167 668 1206 continuantur
698 1169 870 1206 trochaei.
942 1169 1039 1206 Huic
1071 1183 1225 1219 quoque
1257 1181 1379 1207 scenae
1411 1170 1450 1206 in
1481 1168 1512 1206 B
1543 1181 1631 1206 can-

136 1237 204 1274 tici
237 1241 330 1274 nota
361 1237 541 1287 apposita
574 1241 644 1274 est.
712 1237 860 1274 Vilicus
900 1251 921 1274 a
952 1237 1165 1287 Milphione
1204 1236 1426 1274 admonitus
1466 1240 1511 1274 ut
1549 1234 1630 1275 cal-

138 1300 231 1349 leat,
264 1306 288 1342 i.
307 1318 339 1342 e.
365 1308 409 1342 ut
440 1305 648 1342 calliditati
674 1305 844 1352 studeat,
877 1305 1038 1343 facetias
1063 1310 1218 1343 sectans
1244 1305 1385 1342 callum
1412 1318 1631 1355 aprugnum

138 1385 215 1410 non
242 1374 365 1421 magis
389 1374 531 1410 callere
557 1374 663 1421 dicit,
697 1387 730 1411 v.
750 1374 856 1411 Pers.
877 1375 969 1412 306.
1031 1373 1129 1410 Non.
1149 1386 1186 1423 p.
1207 1374 1299 1420 258,
1332 1375 1399 1422 qui
1423 1377 1632 1423 utrumque

138 1453 290 1478 versum
316 1441 442 1479 affert.
472 1460 520 1466 --
553 1443 644 1479 580.
678 1441 732 1479 Cf.
752 1442 859 1480 Pers.
880 1442 981 1479 456:
1017 1441 1116 1489 „Sed
1144 1442 1271 1479 satine
1296 1443 1388 1478 estis
1419 1441 1632 1479 meditati?

138 1508 210 1546 SA.
243 1509 399 1559 Tragici
431 1514 469 1546 et
501 1511 637 1547 comici
669 1510 888 1560 Numquam
921 1523 1042 1560 aeque
1073 1514 1165 1547 sunt
1196 1508 1418 1547 meditati‘'.
1450 1529 1505 1534 —
1539 1511 1631 1548 581.

139 1574 351 1615 Adeamus
383 1577 496 1615 Grut.
543 1599 588 1603 —
634 1579 725 1617 582.
775 1578 960 1616 Homines
1001 1579 1055 1615 ait
1094 1577 1283 1614 adductos
1325 1590 1407 1615 esse
1447 1578 1493 1614 ad
1533 1578 1630 1616 hanc

135 1658 216 1682 rem
251 1647 415 1683 maxime
447 1647 626 1693 idoneos,
674 1648 820 1697 quippe
859 1649 925 1696 qui
965 1659 1118 1697 semper
1157 1647 1195 1682 iu
1235 1646 1369 1683 litibus
1402 1649 1441 1682 et
1472 1647 1510 1683 in
1542 1646 1628 1683 foro

136 1718 354 1751 versentur.
422 1714 466 1751 In
506 1715 664 1752 comitio
704 1728 768 1752 eos
807 1715 986 1752 habitare
1018 1715 1114 1752 dicit
1146 1715 1278 1763 ibique
1309 1715 1451 1764 saepius
1483 1716 1630 1752 versari

136 1795 253 1832 quam
299 1785 507 1832 praetorem
555 1783 699 1832 ipsum,
746 1785 856 1821 cuius
901 1783 1073 1821 tribunal
1111 1782 1166 1820 ibi
1206 1783 1275 1829 sit,
1319 1795 1355 1819 v.
1388 1781 1499 1819 Cure.
1534 1783 1628 1820 469.

136 1849 230 1887 Inde
276 1846 506 1888 comitiales
545 1864 610 1888 eos
643 1852 748 1889 dicit.
824 1851 899 1890 Sed
938 1851 1039 1889 ludit
1078 1853 1116 1888 in
1156 1850 1229 1888 hoc
1268 1850 1474 1898 vocabulo,
1524 1851 1630 1901 quod

135 1918 250 1956 aliter
281 1918 357 1955 dici
388 1919 560 1966 solebat3
600 1933 686 1957 nam
729 1920 943 1957 comitiales
975 1919 1057 1956 dies
1089 1920 1128 1955 in
1162 1919 1273 1956 fastis
1306 1918 1389 1955 dies
1421 1922 1534 1956 erant
1564 1932 1628 1956 co·

137 1987 255 2024 mitiis
286 1987 489 2034 destinati,
538 2000 622 2037 quae
661 2000 778 2037 quum
816 1988 980 2025 nefastis
1012 1986 1148 2024 diebus
1182 1986 1316 2023 haberi
1349 1999 1422 2023 non
1454 1991 1626 2036 possent,

136 2055 397 2093 comitialibus
436 2055 471 2092 h.
505 2055 528 2092 l.
562 2052 718 2105 nefasti
748 2059 1011 2106 opponuntur.
1042 2074 1097 2079 —-
1139 2055 1230 2092 584.
1273 2049 1343 2100 ibi,
1385 2055 1422 2091 in
1456 2055 1625 2101 comitio,

135 2135 171 2160 v.
205 2123 254 2160 ad
284 2122 368 2161 Mil.
406 2124 495 2162 187.
528 2143 583 2148 —-
616 2124 707 2161 585.
749 2121 948 2162 doctiores
980 2124 1072 2161 olim
1105 2122 1373 2170 emendatum,
1414 2135 1483 2160 nec
1514 2123 1626 2173 quid-

136 2204 251 2241 quam
283 2192 428 2229 certius
459 2195 539 2239 est,
581 2205 815 2241 quamquam
847 2191 934 2229 edd.
968 2191 1141 2229 codicum
1174 2191 1410 2240 scripturam
1443 2192 1625 2237 retinent,

136 2259 359 2298 Turnebum
391 2261 528 2307 secuti,
560 2260 627 2310 qui
659 2260 846 2298 urbanam
879 2259 1073 2309 quandam
1105 2261 1296 2297 sermonis
1330 2259 1625 2308 ambiguitatem

135 2327 209 2364 sibi
240 2329 464 2379 perspicere
494 2327 723 2366 videbatur:
775 2341 888 2375 „nam
926 2330 964 2365 et
1002 2328 1062 2364 ius
1100 2327 1332 2365 culinarium
1371 2327 1552 2376 coquitur
1587 2331 1626 2364 et

136 2399 269 2434 coctus
300 2400 340 2434 et
370 2400 546 2434 recoctus
577 2395 721 2433 dicitur
752 2397 819 2445 qui
851 2397 889 2432 in
920 2395 1050 2445 aliqua
1082 2408 1123 2431 re
1155 2395 1231 2432 tiro
1263 2407 1338 2431 non
1364 2393 1471 2441 est“;
1519 2395 1626 2444 quod

136 2476 184 2501 ex
215 2463 307 2501 Hor.
336 2464 418 2502 Sat.
443 2464 492 2510 II,
527 2466 562 2511 5,
597 2466 646 2502 55
679 2465 835 2501 minime
867 2463 1046 2501 efficitur.
1072 2482 1126 2487 —
1152 2464 1242 2500 586.
1277 2459 1441 2512 quicum
1464 2459 1628 2514 litiyent

135 2533 176 2569 in
206 2533 239 2569 A
270 2532 368 2581 legit
399 2531 546 2583 Gepp.;
592 2532 682 2570 inde
712 2534 902 2582 sequitur,
944 2535 986 2569 ut
1018 2530 1298 2568 animadvertit
1329 2531 1486 2568 Kienitz
1523 2531 1623 2570 Anu.

136 2600 232 2650 phil.
271 2601 346 2638 vol.
387 2601 516 2651 suppl.
548 2601 584 2638 X
616 2615 652 2649 p.
688 2602 786 2647 559,
832 2601 1020 2650 scriptum
1053 2599 1170 2636 fuisse
1208 2609 1307 2646 non,
1351 2612 1427 2637 non
1462 2598 1624 2647 „nihil“.

137 2687 192 2692 —
231 2668 371 2706 emunt
401 2670 445 2706 A.
488 2689 541 2693 —
583 2669 660 2705 587
703 2668 839 2706 eodem
878 2667 993 2706 modo
1035 2670 1241 2717 corruptus
1273 2670 1316 2704 ut
1349 2668 1440 2705 535.
1514 2667 1560 2705 In
1589 2668 1625 2704 A

136 2736 309 2773 Studem.
343 2736 619 2786 benignissime
651 2749 710 2774 inc
741 2737 948 2774 certiorem
979 2735 1071 2772 fecit
1102 2735 1198 2784 legi:
1251 2733 1347 2780 „Dei
1385 2739 1425 2772 te
1456 2735 1626 2785 perdant

134 2804 180 2847 sslz
209 2817 281 2841 uos
312 2804 467 2853 quidem
500 2805 629 2842 hercle
661 2818 745 2841 cum
771 2803 941 2840 EODum
974 2804 1111 2852 quiqui
1144 2801 1314 2845 tamen“,
1345 2802 1413 2839 sed
1444 2806 1488 2840 ut
1519 2802 1623 2840 EOD

135 2885 272 2922 parum
320 2877 427 2909 certa
467 2856 560 2909 sint.
601 2891 653 2897 —
697 2873 788 2909 589.
837 2867 941 2908 Rem
987 2880 1144 2909 omnem
1192 2867 1235 2907 in
1281 2867 1428 2907 ordine
1471 2872 1622 2921 scripsi,

1287 2945 1350 2979 21*
