1963 3243
102 220 149 265 II,
173 221 204 264 4,
232 221 360 254 16—21
730 221 928 254 Mercator.
1484 224 1558 261 169

692 347 967 400 Eutychus

101 419 193 462 Non
227 419 375 461 taces?
408 418 523 461 Cane
558 425 605 461 tu
636 420 750 461 istuc
782 419 906 460 dixis.

690 544 965 586 Charinus

878 617 989 667 Quid
1023 619 1090 658 uis
1124 632 1189 658 ine
1221 619 1355 671 igitur
1387 619 1560 659 dicere?

690 743 966 797 Eutychus

103 816 181 859 Uin
215 817 329 870 patri
361 815 582 859 sublinere
616 815 764 869 pulcre
798 830 863 857 me
895 831 943 857 os
976 822 1049 858 tuo
1062 820 1082 857 ἱ)

698 927 963 972 Charinus

1052 1003 1164 1045 Sane
1196 1004 1308 1045 uolo.

692 1117 966 1172 Eutychus

100 1189 226 1233 Uisne
258 1204 351 1232 eam
383 1189 436 1231 ad
471 1195 644 1244 portum

696 1304 964 1347 Charinus

641 1376 723 1427 Qui
756 1379 899 1432 potius
932 1393 1064 1432 quam
1096 1378 1246 1420 uoles?

688 1516 721 1557 E
734 1531 761 1558 u
773 1522 791 1558 t
799 1531 824 1571 y
835 1531 857 1558 c
866 1516 894 1558 h
906 1532 932 1558 u
944 1532 963 1559 s

1197 1591 1340 1644 Atque
1372 1590 1557 1630 eximam

99 1660 319 1704 Mulierem
352 1662 525 1715 pretio?

693 1741 725 1783 G
736 1742 762 1783 h
774 1756 798 1783 a
808 1757 829 1782 ι·
842 1743 853 1783 i
866 1756 893 1783 n
904 1757 930 1783 u
943 1756 962 1783 s

507 1814 590 1865 Qui
621 1816 767 1869 potius
800 1829 932 1869 quam
964 1829 1071 1857 auro
1104 1815 1358 1870 expendas?

685 1951 962 2007 Eutychus

1289 2024 1413 2067 Unde
1446 2025 1556 2066 erit?

688 2104 962 2147 Charinus

98 2175 302 2218 Achillem
336 2178 482 2228 orabo,
514 2192 670 2220 aurum
701 2184 750 2219 ut
783 2178 885 2219 mihi
919 2177 1004 2227 det,
1041 2178 1202 2219 Hector
1237 2179 1308 2231 qui
1343 2192 1557 2232 expensus

1188 2251 1282 2292 fuit.
1492 2262 1559 2295 480

685 2342 964 2397 Eutychus

98 2411 241 2456 Sanun
273 2416 352 2457 es‘?

688 2517 963 2561 Charinus

299 2591 374 2632 Pol
409 2606 540 2633 sanus
573 2592 608 2633 si
642 2592 735 2642 siin,
767 2606 851 2634 non
883 2598 925 2633 te
957 2593 1171 2634 medicum
1206 2592 1310 2633 mihi
1342 2597 1555 2646 expetam.

185 2739 252 2773 476
276 2744 316 2773 tu
342 2750 409 2775 om.
437 2739 464 2774 G
563 2741 629 2773 477
655 2738 739 2774 Uim
765 2740 884 2784 patris
910 2740 1102 2774 subliniire
1127 2740 1163 2773 B
1263 2752 1319 2773 me
1345 2750 1412 2775 om.
1439 2739 1467 2774 G

98 2795 164 2829 478
187 2796 333 2844 φήῃ-Α
433 2798 502 2830 479
530 2796 625 2831 unde
651 2796 794 2830 atei-itis
821 2795 886 2830 BC
991 2798 1060 2831 480
1086 2802 1125 2831 ut
1149 2807 1214 2831 om.
1241 2797 1311 2832 BG
1409 2798 1473 2832 481
1502 2798 1553 2832 sei

100 2851 131 2885 A
220 2853 443 2889 medicinam
470 2853 498 2888 C
