1963 3243
689 285 978 338 ARGUMEN
988 285 1117 338 TUM
1157 286 1197 338 Ι.

367 377 614 420 Praesentis
646 383 845 419 numerat
877 377 1120 431 quindecim
1155 378 1277 419 miles
1309 381 1467 430 minas3

366 449 501 491 Simul
533 450 759 503 consignat
791 449 1043 503 symbolum,
1076 455 1122 490 ut
1156 449 1430 491 Phoenicium

365 520 415 562 Ei
448 522 520 563 det
552 521 649 563 leno
683 522 756 575 qui
789 535 884 562 eum
918 535 1014 562 cum
1045 521 1207 562 relicuo
1239 522 1421 564 adferat.

368 592 621 634 Uenientem
655 593 849 634 caculam
881 593 1131 634 interuortit
1163 593 1356 646 symbolo

366 665 524 706 Dicens
558 663 710 718 Syrum
743 679 787 707 se
820 664 1030 706 Ballionis
1062 664 1301 706 Pseudolus
1666 682 1685 712 5

367 735 591 790 Opemque
624 735 718 777 erili
749 737 811 778 ita
843 736 964 786 tulit3
998 750 1095 778 nam
1128 736 1286 778 Simiae

365 808 480 849 Leno
514 807 748 857 mulierem,
782 822 908 862 quem
940 809 976 849 is
1007 810 1245 862 supposuit.
1277 809 1469 852 tradidit.

365 880 494 922 Uenit
527 879 704 933 Harpa-x
737 894 884 931 uerus3
917 894 986 922 res
1018 879 1159 934 palam
1193 883 1468 933 cognoscitur

363 951 585 1004 Senexque
619 957 843 1005 argentum
877 952 992 1006 quod
1024 957 1119 994 erat
1150 959 1302 1006 pactus
1333 954 1534 996 reddidit.

670 1142 957 1196 ARGUMEN
968 1143 1100 1196 TUM
1137 1144 1205 1197 ΙΙ.

365 1235 591 1277 Calidorus
622 1236 873 1277 meretricem
904 1235 1149 1278 adulescens
1182 1236 1450 1279 Phoenicium

364 1307 569 1349 Efflictim
601 1307 841 1361 deperibat,
874 1322 1143 1350 nummorum
1177 1310 1360 1363 indigus.

365 1380 558 1421 Eandem
589 1379 724 1425 miles,
758 1380 832 1433 qui
863 1380 1017 1432 uiginti
1051 1381 1274 1423 mulierem

363 1452 490 1493 Minis
522 1457 739 1493 mercatus
772 1451 892 1495 abiit.
926 1452 1056 1493 soluit
1088 1453 1347 1506 quindecim.

365 1523 566 1565 Scortum
597 1523 774 1576 reliquit
805 1523 859 1565 ad
891 1524 1087 1566 lenonem
1121 1539 1171 1566 ac
1202 1526 1453 1579 symbolum,
1665 1538 1684 1570 5

363 1595 433 1646 Ut,
466 1596 540 1649 qui
573 1595 802 1637 adtulisset
835 1597 1003 1649 signum
1035 1596 1174 1638 simile
1207 1603 1350 1638 cetero

364 1667 466 1709 Cum
502 1668 654 1722 pretio,
689 1682 833 1709 secum
866 1668 1077 1709 aueheret
1109 1675 1296 1723 emptam
1329 1669 1563 1711 mulierem.

362 1740 462 1781 Mox
493 1740 651 1780 missus
684 1746 732 1780 ut
763 1740 1007 1794 prehendat
1039 1747 1231 1782 scortum
1263 1756 1287 1783 a
1320 1742 1453 1782 milite

366 1811 494 1854 Uenit
525 1811 690 1853 calator
721 1812 947 1863 militaris3
980 1827 1075 1854 eum
1109 1812 1217 1854 dolis

364 1883 626 1937 Adgreditur
658 1883 952 1925 adulescentis
986 1898 1136 1926 seruos
1170 1884 1408 1926 Pseudolus
1646 1896 1686 1927 10

362 1955 601 2009 Tamquam
632 1956 798 1997 lenonis
832 1957 1047 1999 atriensis.
1080 1956 1321 2010 symbolum

363 2027 516 2069 Aufert
547 2029 771 2081 minasque
804 2030 992 2081 quinque
1026 2035 1228 2082 acceptas
1261 2035 1433 2070 mutuas

365 2100 451 2140 Dat
482 2099 704 2141 subditiuo
738 2100 914 2142 caculae
949 2114 1044 2141 cum
1078 2100 1284 2154 symbolo.

360 2171 576 2213 Lenonem
609 2171 720 2212 fallit
752 2172 1074 2225 sycophantans
1109 2172 1280 2223 cacula3

362 2242 512 2285 Scorto
546 2242 774 2285 Calidorus
807 2244 988 2297 potitur,
1021 2245 1122 2285 uino
1154 2244 1408 2286 Pseudolus.
1645 2255 1684 2288 15

279 2356 537 2401 Discrepantia
575 2357 767 2400 scripturae
806 2355 975 2390 codicum
1014 2356 1374 2391 Palatino-Vaticani
1411 2356 1491 2401 (B),
1530 2356 1680 2391 Heidel-

191 2413 379 2458 bergensis
404 2413 479 2456 (CI,
507 2413 746 2446 Ambrosiani
773 2413 848 2454 (A),
876 2413 938 2446 ubi
965 2415 1146 2457 apparuit.
1206 2408 1209 2411 ¹

325 2469 506 2504 INCIPIT
532 2469 824 2504 PSEUDOLUS.
887 2469 1137 2505 PROLOGUS
1187 2470 1264 2512 BQ
1291 2475 1491 2514 sequuntur
1514 2482 1566 2506 vv.
1589 2472 1683 2505 1-2

190 2526 339 2570 fabulae5
373 2531 446 2561 tum
474 2526 756 2561 PSEUDOLUS
782 2526 827 2569 B,
854 2526 1107 2561 PROLOGUS
1139 2526 1181 2569 03
1215 2527 1376 2570 sequitur
1401 2528 1540 2571 sir-qum
1581 2527 1614 2561 Ι.

282 2586 296 2617 l
325 2584 443 2617 milles
467 2583 504 2618 B
585 2583 805 2628 phwnieum
835 2582 863 2617 C
947 2585 966 2617 3
992 2584 1136 2627 reliquo
1218 2586 1237 2616 4
1265 2583 1332 2616 har
1356 2590 1446 2627 pace
1471 2583 1683 2618 binominus

190 2639 258 2674 fuit
284 2640 411 2675 caenia
437 2640 466 2675 C
555 2641 575 2674 6
603 2640 630 2674 si
659 2640 790 2673 nimiae

324 2697 475 2741 Aryum.
502 2697 552 2732 II
597 2707 662 2731 om.
689 2696 756 2731 BC

280 2755 301 2787 4
338 2754 499 2788 absoluit
648 2757 668 2788 S
705 2753 749 2786 ad
778 2752 998 2796 prat-hendit
1146 2754 1184 2786 12
1222 2751 1352 2787 Adfert
1380 2753 1495 2787 minas
1521 2753 1681 2797 quinque

193 2811 233 2844 13
258 2809 454 2845 subditicio
551 2813 591 2844 14
616 2810 904 2854 sycophantacie
932 2809 1059 2843 cacula
1155 2811 1195 2843 15
1222 2810 1308 2843 uiuo
1335 2809 1500 2844 Seudolo

801 2892 899 2895 ffi—
915 2892 975 2894 -ss—
983 2892 1064 2895 —-
1369 2880 1381 2910 1
