1963 3243
358 194 412 232 40
1022 189 1140 224 manti
1249 194 1254 200 ·
1544 188 1594 231 11,
1619 190 1649 231 5,
1674 189 1808 224 39—48

939 313 1226 356 Sceledrus

975 385 1110 426 Immo
1141 386 1185 426 ui
1218 389 1350 438 atque
1380 385 1566 426 inuitam
1597 386 1813 439 ingratiis,

358 455 454 510 Nisi
485 456 711 498 uoluntate
740 456 837 508 ibis,
868 457 1034 511 rapiam
1067 461 1110 498 te
1142 457 1329 498 domum.

859 580 1310 622 Philocomasium

1334 651 1567 706 Hospitum
1599 652 1679 694 hoc
1710 652 1813 696 mihi

362 723 440 765 Est
471 723 748 773 domicilium,
781 723 962 765 Athenis
994 723 1147 765 domus
1179 727 1257 765 est.

955 846 1232 890 Sceledrus

1173 918 1230 959 At
1261 933 1361 961 erus
1391 919 1468 961 hic.

862 1032 1318 1075 Philocomasium.

1386 1105 1477 1159 Ego
1494 1105 1625 1148 istam
1644 1106 1816 1148 domum

363 1177 513 1231 Neque
544 1191 688 1219 moror
718 1191 858 1231 neque
886 1191 965 1218 uos
991 1178 1063 1230 qui
1087 1177 1284 1219 homines
1309 1178 1404 1219 sitis
1427 1179 1527 1219 noui
1550 1192 1689 1232 neque
1716 1179 1816 1220 scio.

948 1290 975 1332 S
987 1304 1009 1332 c
1019 1290 1065 1332 el
1076 1304 1098 1332 e
1109 1291 1136 1332 d
1148 1305 1168 1331 r
1177 1305 1206 1332 u
1216 1305 1235 1333 s

365 1363 478 1416 Lege
495 1363 634 1416 agito;
651 1366 695 1404 te
711 1377 925 1417 nusquam
942 1363 1126 1414 mittam,
1151 1363 1235 1404 nisi
1253 1362 1330 1405 das
1347 1362 1561 1405 firmatam
1580 1362 1722 1414 fidem,
1754 1375 1821 1408 455

364 1435 423 1476 Te
453 1435 550 1486 huc,
585 1435 622 1476 si
653 1435 851 1487 omisero,
881 1435 995 1476 intro
1027 1435 1197 1477 ituram.

867 1548 1322 1590 Philocomasium

1191 1619 1246 1662 Ui
1276 1634 1343 1661 me
1375 1620 1505 1673 cogis,
1538 1621 1734 1675 quisquis
1767 1634 1823 1662 es.

367 1694 431 1736 Do
462 1693 603 1744 fidem,
638 1695 674 1736 si
706 1694 884 1745 omittis,
916 1694 1001 1735 isto
1033 1706 1099 1734 me
1130 1693 1246 1734 intro
1277 1693 1450 1743 ituram,
1482 1706 1566 1746 quo
1598 1691 1731 1734 iubes.

953 1806 1240 1849 Sceledrus

366 1880 478 1922 Ecce
511 1881 679 1923 omitto.

870 1958 1326 2001 Philocomasium

698 2032 756 2073 At
788 2045 867 2084 ego
900 2031 1008 2073 abeo
1040 2032 1196 2083 missa3
1228 2031 1432 2073 muliebri
1462 2030 1545 2073 feci
1574 2030 1671 2072 fide.

942 2144 1255 2187 Palaestrio

370 2216 584 2268 Sceledre,
616 2218 815 2260 manibus
847 2219 1032 2259 amisisti
1065 2219 1292 2271 praedam3
1323 2223 1411 2259 tam
1437 2222 1533 2258 east
1559 2230 1689 2271 quam
1714 2218 1828 2271 potis

369 2290 530 2332 Nostra
561 2290 679 2332 erilis
712 2290 968 2332 concubina.
1029 2288 1111 2330 Uin
1143 2295 1189 2332 tu
1220 2290 1364 2332 facere
1395 2290 1477 2331 hoc
1507 2289 1711 2330 strenue?
1762 2299 1829 2333 460

460 2463 526 2496 451
553 2465 664 2506 atque
686 2461 764 2495 uita
777 2459 824 2503 Β,
851 2463 961 2504 atque
983 2471 1055 2494 una
1071 2460 1100 2495 C
1190 2460 1394 2505 ingratisB
1486 2461 1553 2494 452
1577 2459 1769 2503 uoluptate
1782 2457 1829 2501 B,

371 2518 564 2562 uoluptate
591 2518 619 2552 G
708 2519 759 2553 ibi
861 2518 1010 2560 rapiant
1035 2516 1070 2550 Β
1169 2518 1332 2552 hostium
1359 2516 1404 2561 B,
1432 2518 1567 2551 ostium
1596 2516 1625 2551 Ο
1724 2516 1827 2550 hom-

371 2575 496 2610 histB
586 2577 652 2610 453
678 2575 912 2609 Domicilium
939 2578 996 2608 est
1018 2573 1054 2608 B
1148 2579 1203 2609 est
1227 2575 1405 2609 acherusa
1430 2585 1501 2618 ego
1527 2574 1571 2615 B,
1597 2578 1654 2608 est
1678 2585 1721 2608 ac
1746 2585 1829 2608 erus

372 2643 441 2676 ego
468 2631 498 2667 G
597 2634 664 2666 454
693 2633 834 2666 homini
860 2631 896 2666 Β
1001 2633 1126 2667 nouim
1160 2632 1196 2667 B
1301 2633 1354 2666 sio
1381 2631 1414 2665 Β
1517 2633 1583 2665 455
1616 2632 1693 2675 agit
1705 2656 1829 2666 ......

372 2701 481 2734 quam
507 2689 543 2724 B
634 2689 779 2724 firmata
803 2688 838 2723 B
944 2691 1010 2723 456
1036 2701 1101 2724 suo
1127 2690 1281 2724 miserat
1305 2689 1340 2724 B
1434 2690 1507 2723 uim
1533 2687 1568 2722 B
1662 2695 1680 2723 e
1704 2687 1740 2722 Β

371 2747 438 2780 457
464 2747 562 2780 itura
582 2745 618 2780 Β
711 2757 783 2790 quo
809 2757 874 2780 om.
898 2744 934 2779 B
1032 2747 1099 2780 458
1125 2746 1190 2780 SC.
1221 2746 1393 2780 muliebri
1486 2745 1607 2780 fecisti
1635 2744 1670 2779 0.
1763 2746 1830 2778 459

372 2803 436 2838 SC.
464 2807 539 2837 tam
566 2814 608 2837 ea
633 2803 797 2846 siqueam
891 2803 957 2836 460
983 2802 1054 2836 ΡΑ.
1083 2803 1142 2837 uin
