1963 3243
273 229 325 267 82
785 236 787 238 ·
956 223 1075 259 Plauti
1441 222 1507 266 lv,
1535 222 1567 266 2,
1592 215 1712 266 53—3{
1739 221 1767 255 6

938 348 1102 390 Simia

820 421 910 473 Ego
943 435 1050 462 sum.

923 524 1113 566 Ballio

1085 597 1224 649 Atque
1255 597 1346 650 ipse
1376 596 1545 650 harpax
1577 595 1764 648 quidem.

277 666 393 718 „Qui
424 668 655 722 epistulam
687 669 817 710 istam
848 668 952 719 fert3
983 668 1038 710 ab
1071 683 1120 710 eo
1151 673 1378 721 argentum
1409 667 1546 721 accipi

274 739 331 780 Et
365 752 462 781 cum
494 753 544 781 eo
577 740 724 781 simitu
755 740 979 781 mulierem
1011 740 1126 781 mitti
1155 739 1268 781 uolo.
1680 748 1772 782 1015

278 810 474 852 Salutem
506 811 713 865 scriptam
745 811 920 864 dignum
953 816 1020 853 est
1051 811 1190 864 dignis
1223 812 1414 862 mittere;

274 882 333 923 Te
365 883 402 924 si
436 882 696 925 arbitrarem
729 883 918 937 dignum,
950 884 1162 924 misissem
1194 881 1310 923 tibi.“

860 1034 863 1038 Ἴ
934 985 1102 1026 Simia

275 1055 390 1106 Quid
421 1056 560 1099 nunc?

930 1146 1110 1188 Ballio

651 1219 886 1273 Argentum
920 1219 1008 1269 des,
1039 1218 1230 1260 abducas
1261 1218 1495 1260 mulierem.

941 1327 1103 1370 Simia

279 1400 385 1442 Uter
414 1401 682 1462 remoratur?

932 1486 1112 1528 Ballio

744 1557 854 1608 Quin
887 1573 1068 1612 sequere
1101 1572 1201 1612 ergo
1233 1559 1361 1600 intro.

944 1668 1107 1710 Simia

1437 1737 1618 1792 Sequor.

741 1931 1072 1974 PSEUDOLUS
1106 1931 1321 1974 SERUOS
1689 1929 1768 1973 DU

278 2059 474 2100 Peiorem
508 2072 586 2112 ego
617 2057 836 2099 hominem
866 2058 1090 2110 magisque
1123 2061 1300 2098 uorsute
1332 2056 1491 2098 malum
1683 2068 1777 2101 1020-

278 2131 527 2184 Numquam
560 2130 716 2184 edepol
748 2143 1010 2183 quemquam
1041 2129 1144 2180 uidi,
1176 2142 1305 2181 quam
1336 2129 1406 2170 hic
1437 2132 1502 2170 est
1533 2127 1678 2179 Simia,

279 2202 503 2256 Nimisque
535 2215 613 2255 ego
644 2200 768 2243 illum
798 2201 1015 2243 hominem
1046 2205 1192 2242 metuo
1224 2204 1267 2241 et
1297 2199 1483 2242 formido
1515 2199 1640 2251 male,

278 2275 341 2316 Ne
372 2274 512 2316 malus
543 2275 647 2315 item
681 2287 782 2326 erga
804 2267 880 2314 ⁴me
913 2273 980 2324 sit,
1011 2277 1060 2314 ut
1092 2286 1195 2325 erga
1223 2271 1345 2313 illum
1376 2271 1469 2323 fuit,

279 2346 343 2387 Ne
373 2346 418 2387 in
448 2360 495 2388 re
527 2345 718 2387 secunda
748 2359 862 2387 nunc
894 2344 997 2386 mihi
1029 2344 1235 2386 obuortat
1265 2358 1440 2394 cornua,

280 2417 324 2458 Si
357 2419 628 2460 occasionem
664 2418 817 2470 capsit‚
851 2417 922 2469 qui
955 2417 1011 2458 sit
1040 2416 1146 2457 mihi
1176 2415 1338 2467 malus3
1681 2426 1774 2460 1025

279 2490 419 2542 Atque
451 2489 604 2543 edepol
638 2489 835 2541 equidem
867 2489 990 2539 nolo3
1022 2502 1118 2530 nam
1153 2488 1216 2528 illi
1246 2488 1355 2530 bene
1389 2488 1500 2530 uolo.

372 2625 457 2657 1013
484 2623 556 2657 BA.
595 2633 660 2658 om.
798 2624 884 2656 1014
909 2623 936 2656 B
969 2623 1128 2667 praeftyit
1154 2623 1184 2657 C'
1321 2624 1407 2657 1014
1429 2633 1479 2667 sq.
1507 2622 1666 2666 accipiet
1690 2620 1768 2665 Quo

278 2690 361 2714 meo
386 2679 434 2722 B,
463 2680 622 2724 accipiet
647 2679 736 2714 Cum
763 2690 806 2714 eo
833 2678 861 2714 G
942 2681 1028 2713 1015
1055 2680 1153 2713 simit
1178 2679 1225 2722 B,
1251 2679 1357 2713 simul
1384 2679 1413 2714 G
1492 2679 1607 2713 multe
1632 2690 1710 2713 rem
1733 2676 1777 2712 Β

284 2738 369 2771 1018
393 2736 444 2771 SI.
471 2747 536 2772 om.
562 2728 616 2771 B'
680 2738 765 2771 1019
791 2735 841 2770 SI.
868 2746 933 2771 om.
953 2735 989 2770 B
1059 2746 1147 2780 rego
1225 2734 1508 2771 PSEUDOLUS
1534 2745 1600 2770 om.
1683 2735 1766 2769 1021

279 2793 414 2828 similia
438 2792 473 2827 Β
569 2794 654 2827 1023
680 2804 844 2836 ergasme
870 2792 905 2826 Β
1002 2794 1087 2826 1025
1114 2793 1254 2837 ceperit
1278 2792 1396 2836 capsti
1488 2791 1576 2826 mihi
1603 2801 1668 2826 om.
