1963 3243
14 645 24 657 Ι

0 713 9 723 ι

8 731 18 745 q

0 859 17 881 ὣ

0 892 7 907 i

19 1052 24 1060 ι

0 3104 19 3243 'W‘V‘'
0 3059 4 3083 '⁷
0 3028 5 3035 '

791 239 983 274 Poenulus.
1549 249 1629 286 *293

116 365 266 411 ‘exitus
305 365 448 410 legitur
480 380 514 403 v.
553 367 657 402 1365
691 374 729 404 ct
767 370 892 409 l-lltl,
940 382 1061 418 quare
1101 370 1272 405 editores
1311 371 1399 407 ind(¹
1439 387 1459 407 n
1491 373 1628 408 (liune-

140 433 244 470 rario
284 446 343 469 vv.
385 435 656 471 lustu—1412)
701 441 768 473 aaut
806 437 964 474 omnino
1003 439 1221 475 omiserunt
1258 443 1326 475 aut
1370 452 1442 488 pro
1489 443 1630 490 spuriis

137 502 399 548 secluserunt;
446 503 556 540 nobis
594 516 672 552 qua
704 506 856 542 ratione
887 504 968 542 haec
997 505 1158 543 turbata
1189 519 1273 543 esse
1305 506 1534 554 videantur,
1581 510 1630 548 ad

138 585 172 608 v.
211 571 314 608 1352
348 583 598 621 exponemus.
662 570 896 620 Legentium
930 577 1072 619 autem,
1110 587 1186 611 non
1218 575 1478 623 spectantium
1511 589 1627 613 causa

138 638 312 676 additum
353 638 524 676 arbitror
561 639 928 689 interpretationem
961 642 1149 679 Punicam
1180 642 1379 691 soliloquii
1413 642 1626 689 Hannonis,

139 711 257 755 atque
289 707 387 744 adeo
419 708 783 757 interpretationes,
818 723 906 746 nani
941 709 1073 747 endem
1105 710 1166 748 bis
1200 712 1370 761 repetita
1394 712 1455 748 vel
1481 713 1632 750 variata

137 775 322 823 leguntur
351 775 402 822 (v.
439 777 529 813 029-
582 777 631 813 38
665 780 701 813 et
735 779 841 814 930--
880 775 970 826 48),
1011 791 1089 827 quo
1128 779 1223 816 nihil
1264 780 1385 829 inagis
1416 794 1438 817 a
1468 781 1630 818 consilio

136 847 262 894 poetae
294 844 463 882 alienum
497 844 582 881 fuit.

250 912 401 950 Fabula
433 926 507 950 non
547 917 637 950 ante
677 915 823 951 exitum
857 914 948 951 belli
983 914 1117 953 Punici
1151 915 1308 953 secundi
1341 920 1427 954 acta
1460 917 1629 965 videtur,

137 985 175 1018 et
206 981 308 1030 quod
341 996 375 1019 v.
412 983 489 1018 :323
524 982 669 1019 dicitur
714 984 776 1028 „in
816 997 857 1020 re
895 983 1034 1033 populi
1075 983 1231 1032 placida
1262 989 1380 1033 atque
1411 986 1630 1024 interfectis

135 1048 352 1095 hostibus“,
392 1052 556 1087 fortasse
589 1052 637 1088 ad
677 1051 929 1089 Macedonica
966 1056 1005 1088 et
1046 1052 1220 1089 Asiatica
1260 1055 1382 1101 magis
1422 1067 1538 1104 quam
1580 1055 1630 1092 ad

136 1117 282 1156 Punica
314 1118 415 1156 bella
446 1119 693 1157 referendum
726 1123 795 1157 est.

248 1186 507 1225 Personarum
563 1190 720 1225 nomina
773 1190 920 1238 partim
967 1188 1114 1225 Punica
1161 1193 1253 1226 sunt
1297 1192 1342 1227 ut
1391 1185 1546 1228 Hanno
1593 1194 1632 1228 et

142 1251 398 1293 Giddenenee
423 1254 475 1301 (v.
503 1257 550 1293 ad
577 1253 689 1303 897),
722 1260 875 1306 partem
899 1255 1048 1302 Graeea,
1083 1261 1121 1293 et
1152 1270 1198 1293 ea
1229 1257 1388 1306 quidem
1421 1262 1488 1295 aut
1515 1260 1630 1308 vulgo

135 1328 225 1361 nota
258 1329 323 1362 aut
351 1325 503 1373 vulgari
531 1326 682 1361 ratione
706 1325 883 1370 formata,
915 1328 959 1362 ut
983 1321 1285 1374 Astora-stodes,
1312 1322 1629 1375 Adelphasium,

134 1389 419 1431 Anterastilis.
496 1389 634 1443 Lycus
673 1394 763 1432 leno
802 1394 885 1443 lupi
925 1395 1077 1443 rapacis
1116 1408 1258 1432 nomen
1297 1395 1433 1441 habet,
1481 1395 1529 1433 cf.
1563 1398 1628 1434 92.

139 1462 257 1499 1379.
333 1461 473 1499 Militis
518 1475 658 1499 nomen
706 1466 764 1499 est
800 1458 1149 1509 Antamoenides,
1196 1467 1242 1500 ut
1281 1465 1516 1501 monstravit
1546 1464 1630 1502 Rit-

135 1528 302 1567 schelius
333 1529 475 1580 Opusc.
507 1529 564 1566 III
595 1543 632 1579 p.
671 1531 750 1568 346
785 1544 866 1580 sq.;
914 1531 969 1566 sie
1000 1531 1101 1567 enim
1140 1531 1173 1566 A
1205 1530 1324 1568 habet
1364 1532 1403 1568 in
1434 1532 1561 1570 indice
1592 1546 1628 1570 v.

135 1598 216 1634 447
256 1599 496 1648 antepositO,
544 1598 574 1635 B
613 1602 702 1635 ante
741 1611 776 1636 v.
814 1599 942 1645 12783
990 1598 1082 1635 alibi
1127 1598 1476 1647 ‚,Antamonides“,
1521 1600 1627 1647 „An-

134 1664 386 1704 tamonedes“
439 1670 509 1703 aut
558 1664 913 1713 „Automonedes“,
960 1667 1048 1704 edd.
1094 1666 1469 1713 ‚‚Anthemonides“.
1558 1669 1630 1706 Est

135 1737 267 1771 autem
320 1734 580 1782 Ἀιταμυνίδης,
639 1736 663 1772 ἰ.
711 1748 741 1772 e.
785 1736 1087 1783 ἀνταμυνόμενος,
1140 1736 1205 1785 qui
1259 1749 1299 1773 se
1351 1740 1509 1773 strenue
1565 1738 1629 1775 de·

133 1802 259 1840 fendit
295 1804 451 1852 vimque
482 1803 652 1852 repellit.
710 1803 929 1841 Francken.
963 1803 1205 1852 Mnemosyn.
1239 1804 1290 1841 IV
1322 1819 1359 1855 p.
1397 1806 1471 1842 155
1509 1806 1630 1852 „Ant-

135 1870 379 1908 amunidem“
417 1871 525 1917 dixit,
569 1871 636 1909 sed
678 1885 749 1922 pro
780 1888 801 1908 v
841 1873 958 1920 longo
997 1875 1036 1908 et
1069 1871 1194 1908 Graeci
1226 1872 1434 1910 AEolenses
1465 1885 1567 1924 saepe
1599 1889 1633 1911 οι

134 1940 347 1990 ponebant,
380 1953 416 1977 v,
449 1939 603 1976 Ahrens
635 1940 682 1977 de
714 1940 807 1977 dial.
840 1941 943 1978 AEol.
976 1955 1013 1990 p.
1052 1941 1140 1986 191,
1184 1929 1342 1978 etiinde
1374 1941 1539 1979 Romani
1570 1955 1629 1988 oe,

135 2011 178 2045 ut
212 2007 411 2055 „Moelas“
447 2008 591 2046 Siciliae
623 2009 809 2059 oppidum
852 2008 953 2045 dixit
992 2007 1150 2046 Servius
1191 2008 1239 2045 ad
1272 2008 1362 2046 AEn.
1396 2008 1509 2058 VIII,
1551 2011 1629 2047 682

135 2089 179 2113 ae
223 2076 390 2114 fortasse
429 2075 512 2121 Sil..
537 2075 626 2113 Ital.
665 2076 768 2123 XIV,
811 2078 903 2114 202.
978 2076 1078 2114 Num
1126 2076 1267 2114 Strabo
1314 2081 1419 2114 recte
1466 2080 1632 2120 Μοῐσους

136 2143 312 2181 Thraciae
344 2150 383 2181 et
415 2145 566 2186 Μύσους
597 2146 700 2182 Asiae
732 2145 888 2182 eosdem
921 2157 1004 2181 esse
1038 2144 1200 2190 dixerit,
1235 2158 1310 2182 non
1341 2158 1504 2195 prorsus
1535 2147 1627 2193 scio,

134 2226 204 2250 nec
242 2212 290 2249 ab
328 2226 462 2250 errore
499 2212 782 2250 vindicaverim
821 2213 1032 2250 Maximum
1076 2213 1324 2251 Victorinum
1362 2227 1399 2263 p.
1439 2215 1541 2251 1045
1585 2214 1627 2251 P.

136 2279 352 2319 dicentem:
411 2282 466 2326 „si
512 2283 730 2331 peregrinae
771 2281 914 2318 litterae
953 2295 973 2318 z
1013 2285 1052 2318 et
1088 2295 1112 2329 y
1151 2285 1318 2330 receptae
1364 2294 1440 2318 non
1487 2285 1627 2329 essent,

135 2349 278 2387 Hoelas
317 2353 357 2386 et
387 2349 606 2399 dephoerus
638 2349 904 2395 diceremus“;
945 2349 1012 2386 sed
1044 2341 1230 2398 antiquos⁴
1259 2349 1420 2386 Latinos
1451 2363 1553 2400 saepe
1584 2364 1630 2389 oe

135 2430 208 2467 pro
254 2431 279 2455 u
317 2418 434 2465 longo
476 2417 620 2454 dixisse
664 2421 858 2455 testantur
903 2417 1052 2461 loedus,
1099 2430 1231 2464 oenus,
1279 2430 1450 2462 moenus,
1498 2430 1627 2464 eoera,

138 2485 303 2532 Poenus,
336 2486 423 2522 alia.
452 2481 647 2533 MilphiO,
682 2487 809 2534 turpis
840 2487 943 2522 servi
974 2499 1126 2531 nomen,
1160 2498 1251 2522 num
1285 2498 1306 2522 a
1335 2487 1502 2532 μίλφαις,
1535 2486 1560 2523 i.
1595 2499 1626 2524 e.

137 2567 159 2590 a
190 2554 339 2600 morbo,
373 2566 448 2604 quo
474 2553 683 2602 supercilia
710 2554 955 2600 amittuntur,
990 2553 1209 2590 ducendum
1241 2553 1303 2600 sit,
1337 2554 1495 2601 ignoro;
1528 2567 1628 2592 com·

136 2623 267 2670 parari
309 2625 440 2671 potest
477 2621 744 2672 Milphidippa
790 2623 827 2658 in
867 2621 994 2658 Milite
1035 2621 1218 2669 gloriosa
1302 2616 1576 2671 Syncerastus
1607 2637 1629 2660 a

139 2690 418 2738 cri-yueqcirrvgn,
462 2690 571 2738 quasi
605 2691 669 2738 qui
705 2702 766 2725 res
796 2688 943 2725 turbat.
1010 2685 1268 2728 Collabz'scus
1305 2690 1444 2727 vilicus
1484 2690 1629 2728 dieitur

138 2771 175 2794 v.
208 2757 287 2794 413
321 2758 359 2794 in
392 2757 474 2804 BC,
523 2758 601 2793 537
643 2761 681 2793 et
720 2759 759 2793 in
798 2757 926 2793 titulis
964 2760 1052 2794 ante
1093 2758 1184 2794 577.
1226 2758 1318 2793 614.
1365 2759 1465 2803 7103
1509 2758 1628 2808 vulgo

141 2823 433 2874 „Collybiscus“
477 2824 626 2871 editur,
679 2829 723 2862 ut
760 2824 794 2862 A
840 2825 941 2870 413,
988 2824 1051 2862 BC
1098 2826 1172 2861 170
1214 2815 1253 2862 et
1299 2826 1395 2872 194,
1442 2826 1510 2863 sed
1548 2827 1628 2864 tale
