1963 3243
352 194 430 233 166
1013 189 1132 224 Plauti
1492 188 1542 230 ΙΙ,
1567 190 1598 231 3,
1624 191 1806 225 121-—132
1860 185 1893 255 f

949 315 1207 369 Demipho

350 389 491 440 Quid?
539 388 603 429 illi
645 388 863 442 quoidam,
910 388 982 442 qui
1024 387 1248 428 mandauit
1286 387 1377 439 tibi,
1420 389 1455 428 si
1495 395 1673 440 emetur,
1715 395 1807 432 tum
1882 399 1894 423 ὲ

1435 460 1553 502 uolet
1567 477 1577 513 3
1739 472 1809 506 450

351 532 395 575 Si
428 546 506 585 ego
538 546 631 573 emo
663 531 739 582 illi,
773 532 849 586 qui
881 531 1120 583 mandauit,
1150 536 1242 573 tum
1273 531 1345 572 ille
1377 531 1525 573 nolet?
1555 531 1676 573 Nihil
1700 533 1807 585 agis.
1875 569 1880 572 .
1949 566 1954 576 ,

351 604 598 658 Numquam
639 603 793 657 edepol
839 604 1070 657 quisquam
1116 603 1234 644 illam
1274 602 1454 644 habebit
1493 596 1809 657 potiusquam

1247 675 1334 726 ille,
1366 689 1494 729 quem
1527 689 1605 729 ego
1637 676 1751 717 uolo.

955 787 987 830 C
997 788 1026 830 h
1036 803 1061 831 a
1069 789 1152 830 rin
1162 803 1190 830 u
1200 803 1220 830 s

352 860 660 904 Certumnest?

953 940 1211 994 Demipho

495 1011 665 1054 Censen
698 1022 865 1054 certum
897 1013 1023 1056 esse?
1069 1012 1182 1064 Quin
1213 1013 1270 1054 ad
1302 1007 1459 1055 nauem
1488 1014 1575 1055 iam
1607 1012 1708 1054 hino
1738 1026 1811 1065 eo;
1888 1064 1889 1067 Ἴ
1948 1001 1958 1034 ’-

353 1085 421 1128 Ibi
450 1085 632 1128 uenibit.

955 1187 1222 1231 Charinus

661 1261 745 1303 Uin
776 1276 844 1303 me
875 1266 1023 1303 tecum
1052 1260 1128 1304 illo
1160 1262 1254 1303 ire?

955 1375 1214 1430 Demipho

1272 1448 1397 1491 Nolo.

950 1526 1021 1570 Ch
1034 1529 1114 1571 ari
1125 1543 1152 1569 n
1165 1543 1193 1570 u
1205 1543 1224 1570 s

1467 1601 1565 1643 Non
1595 1600 1757 1654 places.

957 1704 1215 1758 Demipho

357 1777 535 1819 Meliust
564 1782 621 1828 te,
652 1791 764 1830 quae
795 1783 896 1819 sunt
929 1777 1160 1819 mandatae
1191 1792 1260 1819 res
1291 1777 1385 1828 tibi,
1418 1777 1700 1831 praeuortier.
1747 1786 1814 1819 455
1870 1811 1878 1820 ,
1951 1823 1954 1831 ,

958 1902 990 1944 C
999 1902 1027 1944 h
1039 1917 1095 1944 ar
1104 1904 1118 1944 i
1128 1918 1156 1944 n
1167 1917 1194 1944 u
1205 1918 1224 1945 s

357 1974 420 2015 Tu
451 1974 669 2028 prohibes.

959 2079 1216 2133 Demipho

767 2152 823 2192 At
855 2165 920 2192 me
951 2151 1172 2202 incusat03
1205 2157 1248 2193 te
1280 2151 1432 2192 fecisse
1465 2150 1628 2192 sedulo.

359 2221 424 2262 Ad
457 2228 630 2275 portum
662 2237 715 2264 ne
748 2223 873 2275 bitas,
905 2224 1002 2266 dico
1032 2225 1118 2265 iam
1149 2224 1244 2266 tibi.

961 2335 994 2379 C
1003 2337 1032 2378 h
1041 2351 1067 2380 a
1075 2339 1158 2380 rin
1167 2353 1196 2380 u
1206 2353 1226 2380 s

1277 2409 1618 2452 Auscultabitur.

451 2535 519 2569 450
543 2535 633 2569 DE:
648 2546 715 2571 om.
742 2536 771 2571 O
895 2535 969 2571 Sed
994 2537 1058 2571 ille
1084 2537 1234 2582 quidam
1259 2537 1292 2571 A
1414 2537 1592 2570 450—451
1620 2533 1716 2577 Quid
1740 2532 1817 2567 illio

360 2594 510 2638 quidam
537 2595 600 2638 qui
625 2594 817 2629 mandauit
841 2598 918 2628 tum
944 2594 1050 2638 (cum,
1070 2593 1112 2636 G)
1136 2594 1199 2628 ille
1224 2593 1338 2628 nolet.
1365 2592 1457 2626 nihil
1483 2593 1562 2636 agis
1586 2591 1658 2627 BG
1750 2592 1818 2627 452

361 2652 493 2697 edepol
519 2652 710 2697 quisquam
738 2651 869 2696 edepol
894 2651 928 2685 A
1032 2653 1098 2687 453
1123 2651 1275 2686 Certum
1301 2653 1358 2684 est
1380 2649 1449 2685 BG
1550 2651 1674 2685 nanim
1701 2650 1730 2685 0

361 2711 429 2744 454
454 2710 577 2754 placet
601 2709 637 2744 B
736 2711 802 2744 455
827 2708 960 2743 Melius
986 2709 1038 2744 ite
1062 2709 1107 2751 B,
1132 2709 1266 2743 melius
1291 2712 1329 2743 te
1355 2709 1388 2742 A
1482 2713 1559 2743 tres
1585 2708 1621 2742 B
1713 2718 1817 2753 prae-

363 2766 488 2800 uotier
515 2765 545 2801 O
632 2767 700 2801 456
724 2767 773 2800 At
798 2769 839 2800 tu
865 2770 1042 2800 excusato
1071 2765 1106 2809 0,
1133 2768 1182 2800 At
1206 2770 1248 2799 tu
1273 2766 1466 2800 excusatio
1492 2764 1528 2799 B
1631 2765 1698 2799 45¹7
1721 2764 1817 2799 uitas
1871 2791 1881 2802 s

362 2823 411 2864 B,
437 2817 532 2858 bites
561 2823 590 2858 Ο
679 2822 785 2857 deico
810 2823 845 2856 A
