1963 3243
724 219 765 252 V.
789 220 981 253 602—629.
1510 223 1585 261 261

132 350 273 389 similia
303 351 343 387 in
376 349 464 386 aliis
496 348 625 386 Plauti
659 348 803 385 fabulis
838 349 1033 393 leguntur,
1076 354 1116 384 ut
1152 348 1290 384 Bam-1..
1327 349 1520 385 538—-19
1554 352 1593 385 et

132 419 252 458 Marc.
291 418 467 462 16—39,
501 416 637 452 eadem
669 417 818 458 νοθείας
849 417 1072 464 suspicione
1104 421 1349 466 premuntur.

247 486 341 523 617.
394 484 489 533 Quis
533 485 642 522 homo
686 485 737 521 sit
779 486 902 531 maqc's
948 485 1083 522 meus?
1128 484 1326 531 dactylus,
1375 484 1591 529 trochaeus,

131 555 330 603 dactylus3
369 553 643 601 corrigendum
683 552 780 589 nihil
822 553 990 599 videtur,
1031 552 1168 588 saltem
1204 553 1240 588 in
1275 552 1346 589 hoc
1378 554 1592 601 scriptore3

132 625 245 661 etiam
284 623 507 672 proximum
550 622 732 668 quamuis
773 621 938 669 probum
971 625 1044 666 est,
1080 633 1149 656 nec
1189 633 1273 657 cum
1315 614 1403 657 e'dd.
1444 620 1532 656 inde
1572 634 1593 656 a

132 704 189 743 pr.
223 691 465 739 scripserim:
518 690 667 735 „magis
699 702 805 726 meus
838 702 952 738 quam
985 694 1026 725 tu
1060 686 1139 725 es“.
1203 687 1276 724 Sed
1315 689 1454 733 „homo
1487 701 1593 725 meus

133 757 213 797 est“
257 759 373 795 aliter
412 758 486 794 dici
530 758 642 798 solet,
680 771 713 794 v.
751 758 843 794 336.
883 777 929 781 —
966 758 1058 794 618.
1093 757 1198 794 decet
1226 757 1340 798 hunc,
1377 770 1462 793 nam
1498 758 1592 806 lepi-

133 827 314 865 dissimus
354 833 409 862 est
455 827 582 863 homo.
615 845 670 850 —
700 827 835 862 misere
875 825 987 861 Both.
1025 845 1070 850 —
1109 827 1201 862 619.
1236 825 1322 862 cedo
1355 825 1504 862 Camer.
1540 845 1594 850 —

133 896 224 933 621.
264 906 310 932 ae
344 905 463 942 neque
504 893 618 930 Ribb.
662 913 716 918 —
756 896 788 930 te
818 894 964 934 decora,
1000 896 1021 931 i.
1057 910 1088 930 e.
1124 894 1254 943 dignu.
1288 894 1333 930 cf.
1369 894 1455 930 Aul.
1489 894 1589 930 213:

136 963 340 1010 „decorum
374 963 451 1000 tuis
484 961 637 999 factis‘⁴.
685 963 792 999 Asin.
829 963 930 1000 570:
968 961 1044 1004 „Ut
1086 975 1222 1011 meque
1262 969 1379 1010 teque
1414 975 1592 997 maxume

132 1037 247 1082 atque
286 1032 440 1080 ingenio
481 1036 614 1068 nostro
655 1031 827 1067 demist.
866 1050 912 1056 -—
949 1031 1041 1067 622.
1076 1029 1112 1067 A
1145 1033 1178 1067 te
1210 1030 1253 1066 R.
1286 1033 1452 1077 expetere
1483 1042 1593 1066 accu-

131 1101 298 1138 sativum
339 1113 424 1136 cum
467 1098 660 1136 infinitivo
700 1100 773 1135 sibi
807 1100 996 1147 adiungit.
1030 1100 1075 1135 cf.
1111 1099 1216 1135 Trin.
1253 1099 1345 1136 366.
1379 1098 1466 1135 Ter.
1503 1098 1592 1135 Hec.

135 1169 225 1206 727.
258 1168 356 1205 Eun.
391 1180 452 1216 ap.
486 1168 564 1205 Cio.
598 1167 669 1204 Off.
704 1167 751 1211 ΙΙ,
788 1169 822 1207 7,
856 1168 920 1204 23.
962 1167 1039 1204 Cic.
1075 1167 1120 1203 ad
1156 1167 1226 1213 Qu.
1261 1167 1306 1203 fr.
1341 1166 1370 1208 I,
1410 1169 1441 1206 l.
1480 1167 1513 1205 l.
1548 1167 1593 1214 23

133 1237 209 1274 alia
247 1251 281 1273 v.
322 1236 369 1273 ad
411 1236 545 1274 Bacch.
584 1237 702 1273 1064.
736 1256 789 1260 —
821 1247 865 1272 ea:
894 1236 1029 1284 opibus
1059 1237 1229 1275 smmnls.
1261 1237 1307 1272 cf.
1344 1235 1463 1272 Mei-c.
1502 1235 1592 1272 110.

132 1323 186 1330 -
216 1305 290 1342 mei
316 1305 470 1343 honoris
500 1304 684 1353 Pylades,
718 1306 764 1340 cf.
799 1305 932 1342 Aulul.
961 1306 1024 1342 25.
1053 1305 1164 1341 Cui-c.
1200 1305 1293 1341 549.
1342 1304 1464 1341 Stich.
1501 1304 1593 1341 339.

132 1372 219 1410 Ter.
251 1372 406 1411 Phor-in.
441 1375 534 1411 928.
609 1373 772 1410 Bothius
812 1373 1056 1410 facilioribus
1089 1373 1280 1410 numeris:
1334 1386 1405 1418 „ex
1453 1372 1594 1420 opibus

132 1444 288 1479 summis
331 1444 405 1479 mei
444 1448 483 1479 te
521 1442 682 1479 honoris
722 1444 893 1490 gratis.
936 1462 989 1467 —
1035 1442 1136 1479 6235-
1172 1441 1347 1488 Mihique
1484 1443 1579 1488 atqu

133 1514 177 1547 ut
207 1509 322 1559 Verg.
355 1510 400 1547 G.
434 1510 502 1555 III,
537 1511 631 1548 434.
658 1509 756 1547 Ovid
785 1510 877 1547 Met.
905 1509 969 1556 IV,
999 1510 1101 1557 4293
1135 1511 1278 1559 saepius
1316 1524 1416 1559 „quo
1437 1538 1443 1545 .
1465 1540 1470 1546 .
1494 1507 1586 1546 ,01:¹⁶

133 1591 170 1615 v.
209 1577 255 1615 ad
295 1579 435 1628 Amph.
478 1582 512 1616 5.
557 1598 603 1603 —
648 1580 740 1615 624.
774 1578 893 1624 facta.
927 1579 1219 1615 substantivum
1255 1579 1420 1615 relativo
1453 1591 1595 1628 prono·

134 1647 225 1684 mini
256 1646 416 1684 additur
442 1661 511 1684 nec
538 1649 799 1684 necessarium
827 1660 897 1684 nec
923 1647 1234 1684 demonstrativo
1261 1661 1421 1696 prorsus
1446 1660 1594 1683 accom-

134 1715 345 1757 modatum,
393 1717 438 1752 cf.
487 1716 576 1753 Ter.
626 1717 747 1752 Andr.
799 1716 877 1753 213
925 1729 1004 1765 sq.:
1070 1729 1249 1761 „causam
1299 1717 1462 1764 ceperit,
1511 1713 1595 1759 Quo

133 1784 216 1820 iure
255 1797 332 1833 qua
370 1797 431 1821 me
473 1786 615 1821 iniuria
655 1786 898 1834 praecipitein
932 1786 970 1820 in
1004 1786 1214 1833 pisti-inum
1251 1782 1401 1821 ‹labit“.
1464 1782 1591 1818 Plaut.

135 1851 245 1902 Capt.
287 1853 386 1890 663:
432 1853 551 1902 ..quid
592 1856 721 1901 negoti
767 1857 836 1893 est.
879 1866 992 1902 quam
1037 1855 1086 1890 oh
1131 1853 1250 1889 i·en1“.
1337 1852 1455 1888 Mero.
1500 1852 1593 1888 333.

132 1921 234 1957 infra
280 1921 372 1958 948.
436 1921 555 1958 Poen.
610 1922 700 1958 193.
753 1922 846 1958 814.
912 1921 1014 1958 Pers.
1059 1923 1152 1959 392.
1218 1922 1315 1958 Rud.
1361 1922 1424 1958 90.
1465 1921 1598 1969 ¹104'7.

135 1987 298 2027 Trucul.
361 1990 397 2027 9.
481 1989 622 2027 Bacch.
681 1991 773 2027 246.
857 1991 944 2026 Alia
1007 1991 1182 2040 exempla
1245 1991 1399 2027 relativi
1461 2003 1599 2040 parum

134 2063 316 2094 accurate
362 2058 488 2095 additi
534 2071 570 2095 v.
618 2072 706 2095 ann.
763 2059 811 2095 ad
864 2058 1004 2108 Amph.
1061 2059 1154 2095 959.
1193 2078 1238 2083 -
1282 2060 1376 2096 626.
1427 2058 1599 2108 Periple-

134 2137 293 2163 comeno
332 2126 414 2164 haec
453 2126 542 2164 edd.
577 2126 790 2174 dede1·unt;
822 2127 905 2163 cod.
942 2127 970 2163 B
1005 2132 1109 2163 recte
1143 2126 1407 2173 Palaestrioni3
1440 2140 1596 2164 servum

134 2192 245 2232 decet
279 2199 360 2231 tam
399 2195 621 2232 scurriliter
660 2195 870 2243 obiurgare·
910 2195 1059 2237 herum,
1099 2195 1204 2244 quod
1238 2198 1278 2232 in
1310 2209 1441 2232 amore
1474 2196 1597 2233 ullum

133 2261 275 2312 pudori
319 2263 446 2300 locum
488 2276 571 2300 esse
610 2268 742 2312 putet3
791 2264 911 2300 herus
953 2270 1082 2300 autem
1131 2265 1227 2300 talia
1274 2277 1410 2312 parum
1454 2277 1597 2301 curans

134 2341 263 2368 senem
295 2332 442 2380 alloqui
484 2333 628 2381 pergit.
663 2351 715 2357 —
751 2332 843 2368 627.
879 2331 988 2369 Nihil
1017 2343 1149 2375 amas„
1182 2334 1204 2369 i.
1239 2347 1271 2368 e.
1307 2333 1453 2369 nullum
1488 2345 1595 2369 amo-

134 2411 214 2436 rem
254 2399 384 2444 habes,
428 2400 475 2437 cf.
514 2401 634 2438 1003.
676 2413 764 2436 ann.
807 2401 853 2436 ad
898 2401 1006 2437 Asin.
1043 2401 1137 2438 924.
1181 2400 1230 2439 Ut
1263 2401 1298 2436 h.
1336 2402 1356 2437 l.
1391 2401 1471 2437 sine
1506 2413 1597 2437 vero

136 2467 286 2505 obiecto
323 2469 442 2518 „quid
475 2468 604 2505 ames“
642 2468 782 2505 Pseud.
819 2470 881 2505 74.
910 2488 964 2492 —-
989 2471 1340 2509 amantumimmo
1362 2466 1595 2512 ..amantis“,

134 2533 354 2585 Niemeyer.
394 2557 447 2562 —
489 2538 582 2574 628.
623 2538 697 2574 mei
733 2537 822 2574 add.
868 2536 975 2574 Cam.
1009 2557 1060 2562 —
1096 2538 1175 2575 629
1209 2551 1263 2587 sq.
1298 2537 1448 2574 Nonius
1482 2550 1518 2585 p.
1552 2538 1596 2573 4:

140 2601 324 2649 „Plautus
370 2605 520 2642 Milite:
569 2605 662 2654 quid
711 2607 767 2641 ais
812 2611 935 2642 totam
983 2601 1021 2653 (i.
1071 2620 1102 2641 e.
1152 2605 1222 2643 tu?
1270 2606 1366 2651 tuni)
1414 2605 1485 2641 tibi
1526 2618 1597 2654 ego

135 2671 272 2710 uideor
316 2673 462 2723 oppido
510 2673 819 2711 hacheruntius‘?
865 2679 946 2710 tam.
993 2673 1218 2723 capularis?
1265 2674 1303 2710 id
1350 2679 1407 2709 est
1459 2673 1597 2723 capulo

134 2740 372 2789 proximus“.
434 2741 594 2779 Servius
641 2742 687 2777 ad
735 2741 826 2779 AEn.
877 2741 938 2781 VI.
988 2743 1090 2779 222:
1142 2742 1352 2789 „Plautusz
1398 2741 1598 2790 capularis

137 2819 264 2854 senex,
302 2811 324 2846 i.
359 2823 392 2846 e.
426 2811 567 2860 capulo
608 2808 801 2848 vicinus“.
835 2810 948 2849 (Isid.
981 2810 1088 2860 Orig.
1122 2811 1206 2848 XX.
1248 2813 1306 2850 11.
1338 2812 1373 2848 7.
1439 2810 1594 2847 Luctat.
