1963 3243
302 225 382 264 236
872 223 976 257 Miles
1003 222 1194 265 gloriosus.

301 351 453 389 duabus
499 353 730 399 „imaginem
769 349 894 389 feret“
938 353 960 388 i.
995 366 1026 389 e.
1060 365 1100 389 se
1139 352 1332 390 ostendet.
1377 370 1424 377 —
1473 352 1560 388 151.
1597 351 1685 388 hinc
1713 332 1754 388 et

301 424 434 457 cetera
465 424 570 457 recte
601 420 647 457 A.
681 439 735 445 —
771 421 860 458 152.
894 420 1204 469 adsimulabitum
1237 419 1283 457 cf.
1317 419 1406 456 Ter.
1439 418 1538 456 Eun.
1574 420 1666 457 606.
1701 438 1753 444 —

305 488 395 526 153.
426 488 642 526 sublinetur
671 499 712 526 os
743 487 922 534 Guietus,
956 489 1002 526 cf.
1041 489 1128 526 110.

413 556 757 606 Periplecomenus
788 570 906 594 senex
930 558 1064 603 iratus,
1099 556 1203 605 quod
1227 555 1434 593 Sceledrus
1459 555 1596 593 militis
1619 569 1754 593 servus

300 636 370 671 per
408 624 638 673 impluvium
678 638 789 662 suum
828 625 1045 674 despiciens
1084 628 1258 662 amantes
1297 624 1555 673 conspexerit,
1583 626 1755 673 pessima

301 692 402 728 mala
433 694 615 735 minatur,
646 695 677 729 si
709 695 795 742 quis
827 697 964 742 postea
996 693 1148 731 alienus
1171 693 1285 730 homo
1311 694 1349 729 in
1374 692 1522 742 tegulis
1545 694 1625 730 suis
1649 693 1754 729 visus

298 759 432 806 fuerit,
465 761 626 810 eiusque
657 761 776 811 pedes
808 765 852 798 ut
882 760 1080 809 lapidibus
1111 762 1298 798 coniectis
1322 761 1505 810 frangant
1530 762 1652 798 servis
1675 762 1755 798 suis

299 828 480 877 imperat.
543 829 767 867 Trochaicis
799 830 1031 879 septenariis
1062 842 1179 866 scena
1209 830 1359 879 scripta
1391 834 1459 867 est.

418 897 506 934 156.
568 897 623 934 Ni
652 901 691 934 et
721 897 754 934 A
786 901 825 935 et
856 897 884 935 C
916 917 967 922 —
998 897 1130 945 hercle,
1165 897 1266 946 quod
1298 900 1460 947 proprie
1492 898 1540 935 ad
1567 897 1756 947 apodosin

298 966 482 1014 pertinet,
530 965 569 1002 in
610 967 760 1014 protasi
799 967 1077 1016 interponitur,
1124 979 1159 1003 v.
1201 965 1248 1003 ad
1282 966 1370 1003 Aul.
1413 967 1480 1015 48.
1519 965 1629 1015 capt.
1663 966 1754 1004 326.

300 1033 441 1083 Amph.
477 1035 569 1071 305.
605 1052 656 1058 —
687 1034 921 1081 defreyerite's
952 1034 1038 1081 AB;
1076 1031 1382 1082 ‚,diffregeritis“
1412 1034 1595 1071 Ribbeck.
1615 1033 1755 1071 Coroll.

298 1100 365 1138 Fr.
385 1102 519 1138 comic.
540 1115 576 1151 p.
596 1101 695 1147 LVI,
722 1103 827 1151 quod
851 1107 998 1152 praeter
1021 1103 1130 1140 Asin.
1158 1104 1234 1140 471
1267 1103 1500 1140 comicorum
1533 1102 1646 1139 codd.
1679 1115 1756 1140 non

299 1169 490 1218 praebent.
531 1189 584 1194 —
625 1171 722 1207 talos
761 1175 828 1207 aut
867 1183 982 1208 crura
1013 1171 1204 1218 frangere,
1241 1171 1474 1219 defringere,
1507 1170 1754 1220 suffringere,

300 1252 334 1275 v.
376 1238 424 1274 ad
463 1239 571 1275 Asin.
614 1238 706 1276 471.
753 1238 841 1276 add.
882 1239 1038 1277 Trucul.
1081 1240 1174 1277 629.
1215 1238 1292 1276 Cic.
1326 1239 1438 1276 Rosa.
1473 1239 1557 1276 Am.
1592 1240 1655 1285 20,
1692 1240 1754 1277 56.

299 1325 351 1330 ——
394 1318 575 1354 quemque
614 1307 636 1344 i.
670 1320 702 1343 e.
735 1320 1030 1357 quemcumque,
1071 1308 1117 1344 cf.
1162 1308 1251 1345 160.
1294 1307 1412 1344 1384.
1447 1321 1533 1345 ann.
1568 1307 1617 1344 ad
1648 1306 1756 1344 Asin.

303 1375 394 1413 197.
428 1394 481 1399 —
515 1375 606 1413 157.
638 1378 770 1413 nostra
800 1387 863 1423 eqo
883 1376 1127 1420 A.—Zorea,
1158 1376 1253 1413 loris
1285 1376 1448 1421 concisa,
1478 1379 1524 1413 ut
1557 1373 1754 1421 ‚,ulmeus“

299 1443 407 1479 Asin.
452 1444 544 1488 360,
595 1441 856 1489 „uerbereus“
899 1444 1010 1493 Capt.
1053 1444 1147 1482 946.
1189 1463 1243 1468 —
1286 1443 1377 1481 158.
1421 1444 1503 1491 „Mi
1548 1440 1752 1493 equidem“

298 1510 458 1548 Becker.
492 1512 530 1547 in
564 1511 739 1549 Studem.
771 1512 884 1550 Stud.
918 1512 935 1549 I
966 1526 1004 1562 p.
1035 1513 1127 1550 246.
1154 1512 1289 1550 Goetz.
1323 1532 1377 1537 —
1410 1514 1484 1550 iam
1517 1511 1758 1559 indignantis

301 1583 359 1615 est
399 1583 436 1616 et
473 1581 654 1628 graviora
692 1584 831 1630 postea
869 1583 1057 1618 timentis.
1102 1601 1148 1606 --
1196 1581 1335 1618 arbitra?
1370 1582 1494 1619 uicini
1528 1583 1623 1618 sunt
1651 1579 1753 1617 Cam.

300 1649 564 1685 consentiente
596 1649 640 1696 A,
675 1649 721 1687 cf.
754 1648 866 1700 Capt.
901 1651 994 1687 211.
1029 1651 1121 1687 220.
1157 1668 1208 1674 —-
1244 1650 1334 1687 159.
1367 1650 1440 1693 lta,
1474 1649 1521 1686 cf.
1551 1648 1754 1686 167.177.

304 1716 422 1754 1254.
456 1716 517 1753 Ps.
552 1717 645 1754 898.
678 1717 784 1755 Pers.
818 1719 912 1755 471.
946 1717 1068 1755 Stich.
1104 1719 1196 1756 338.
1230 1717 1278 1754 ad
1309 1718 1426 1767 Epid.
1461 1719 1553 1755 667.
1575 1737 1626 1743 -
1651 1718 1752 1755 adeo.

300 1797 334 1820 v.
378 1784 426 1821 ad
466 1785 606 1834 Amph.
647 1786 740 1823 464.
781 1806 835 1810 —
878 1787 968 1825 160.
1009 1798 1032 1823 α
1073 1787 1195 1827 milite.
1235 1800 1269 1824 v.
1302 1786 1349 1823 ad
1382 1785 1493 1823 Curc.
1526 1787 1621 1824 408.
1653 1785 1755 1822 infra
1792 1818 1798 1821 .

305 1854 409 1891 1042
449 1867 505 1903 sq.
546 1853 608 1891 Ps.
652 1855 744 1892 204.
787 1855 865 1892 620
912 1868 968 1905 sq.
1016 1873 1070 1879 —
1119 1856 1210 1893 161.
1251 1857 1291 1892 in
1329 1856 1435 1893 uiam
1473 1855 1517 1900 A,
1565 1856 1588 1891 i.
1638 1867 1671 1892 e.
1716 1855 1755 1892 in

300 1922 485 1971 plateam.
522 1941 569 1947 -
608 1923 698 1961 162.
738 1922 856 1971 Quod,
890 1925 914 1961 i.
948 1937 979 1961 e.
1013 1924 1115 1971 licet,
1147 1937 1182 1962 v.
1216 1925 1265 1962 ad
1296 1924 1404 1961 Asin.
1439 1924 1533 1962 750.
1572 1942 1616 1948 —-
1649 1924 1751 1961 simi-

300 2002 361 2027 am
396 1990 439 2036 A,
481 1990 527 2028 cf.
564 1992 653 2028 179.
717 1991 858 2029 Simias
897 1993 1071 2042 antiquis
1110 1994 1212 2030 inter
1245 1992 1405 2030 delicias
1436 1992 1556 2029 fuisse
1587 1995 1752 2038 constat,

299 2072 334 2096 v.
354 2059 551 2109 Theophr.
586 2059 699 2097 Char.
737 2063 771 2106 5,
805 2060 1003 2098 Plutarch.
1037 2060 1178 2099 Pericl.
1210 2062 1310 2108 init.,
1343 2060 1458 2098 Jahn.
1486 2060 1601 2097 Arch.
1637 2060 1753 2097 Beitr.

300 2142 336 2178 p.
381 2129 460 2165 434
501 2141 557 2178 sq.
607 2148 653 2153 —
709 2130 797 2167 163.
837 2130 1046 2178 disper-istis
1083 2130 1176 2168 olim
1219 2143 1301 2176 em„
1334 2143 1368 2165 v.
1403 2128 1533 2166 Madv.
1567 2128 1633 2166 Gr.
1666 2129 1752 2166 Lat.

302 2197 380 2234 340
415 2201 546 2234 annot.
588 2198 623 2245 2,
663 2198 709 2235 cf.
750 2198 849 2235 Rud.
892 2199 993 2236 800:
1041 2198 1107 2245 „Si
1146 2199 1324 2246 tetigerit
1362 2199 1522 2243 inuitas,
1558 2198 1596 2234 ni
1629 2198 1755 2235 istunc

299 2267 386 2302 istis
424 2266 659 2303 inuitassitis
693 2295 842 2315 ......
875 2267 1035 2316 peristis
1075 2264 1230 2304 ambo“.
1270 2285 1325 2291 -
1362 2267 1592 2303 mwzelcasse‘tis
1624 2267 1668 2303 A.
1701 2285 1753 2290 —

304 2334 393 2371 164.
425 2334 521 2380 Leqe'
549 2334 726 2379 fraudem
758 2335 865 2379 facit,
897 2336 963 2383 qui
996 2337 1030 2372 ei
1062 2348 1140 2373 non
1170 2339 1296 2384 paret,
1331 2348 1364 2371 v.
1399 2335 1482 2372 Liv.
1517 2333 1600 2381 VII,
1636 2334 1696 2380 16,
1729 2334 1751 2370 9

301 2403 362 2450 al.,
404 2401 561 2452 Ulpian.
595 2404 633 2439 in
668 2402 756 2451 Dig.
788 2403 818 2441 I.
855 2404 890 2450 3,
926 2405 988 2441 30.
1021 2404 1188 2442 aleariae
1218 2404 1262 2441 A.
1298 2404 1381 2441 Lex
1413 2404 1558 2440 alearia
1589 2407 1647 2440 est
1677 2415 1753 2452 qua

300 2475 459 2508 vetatur
503 2473 599 2509 alea.
669 2472 761 2509 Haec
807 2485 884 2521 quo
931 2476 1108 2522 tempore
1155 2475 1193 2509 et
1238 2484 1313 2521 quo
1359 2476 1520 2509 auctore
1566 2472 1645 2508 lata
1689 2472 1751 2517 sit,

300 2542 549 2586 ignoramus3
582 2540 700 2577 latam
742 2553 824 2577 esse
866 2544 1021 2578 constat
1060 2554 1107 2577 ex
1138 2540 1341 2587 Cicerone,
1375 2542 1442 2590 qui
1475 2540 1574 2577 Phil.
1607 2539 1656 2586 II,
1690 2540 1752 2585 23,

303 2610 351 2646 56
372 2608 562 2645 hominem
593 2609 714 2658 ,‚lege,
739 2622 824 2658 quae
849 2613 908 2646 est
931 2609 978 2645 de
1003 2610 1099 2656 alea,
1118 2607 1443 2647 condemnatum“
1464 2611 1750 2655 commemorat,

301 2677 346 2712 cf.
383 2676 472 2712 Hor.
507 2677 578 2714 Od.
612 2677 681 2724 ΙΙΙ,
715 2677 778 2723 24,
813 2678 882 2716 58;
922 2679 1071 2724 „vetita
1102 2678 1254 2726 legibus
1286 2677 1410 2714 alea⁴'.
1460 2676 1571 2715 Ovid.
1605 2677 1669 2714 Tr.
1703 2675 1750 2721 11,

301 2745 401 2781 472:
440 2745 534 2786 „hoc
567 2750 625 2782 est
657 2746 706 2783 ad
737 2749 894 2782 nostros
926 2759 1002 2783 non
1034 2747 1119 2784 leve
1151 2747 1295 2784 crimen
1321 2744 1456 2784 avos⁸‘.
1505 2745 1751 2793 Digestorum

299 2813 436 2850 titulus
468 2812 535 2859 XI,
581 2816 600 2851 5
647 2815 719 2861 „de
751 2812 1014 2852 aleatoribus⁴⁴
1059 2819 1267 2865 praetorem
1301 2814 1474 2852 ostendit
1506 2827 1608 2860 eum,
1648 2812 1751 2863 apud
