1963 3243
160 271 202 314 V,
228 273 259 314 8,
285 272 407 308 50-4,
434 272 456 305 8
804 269 1002 304 Poenulus.
1576 275 1652 313 195

783 393 1034 448 [Milphio

161 468 324 523 Opinor
355 467 497 510 hercle
530 466 672 515 hodie,
705 466 820 521 quod
854 481 932 519 ego
964 467 1054 508 dixi
1087 480 1162 520 per
1192 467 1347 516 iocum,

158 540 206 583 Id
239 546 495 582 euenturum
526 552 621 580 esse
653 543 696 580 et
727 552 928 579 seuerum
961 543 1005 579 et
1038 539 1210 588 serium,

161 611 216 654 Ut
248 612 356 653 haec
387 611 665 653 iuueniantur
696 609 824 651 hodie
857 624 949 651 esse
982 609 1106 651 huius
1139 610 1265 652 filiae.

709 711 1091 764 Aqorastocles

159 784 234 826 Pol
267 786 377 826 istuc
409 784 584 838 quidem
616 784 701 825 iam
735 789 900 825 certum
934 789 1012 825 est.
1075 784 1138 825 Tu
1170 784 1292 831 istos,
1325 783 1519 838 Milphio,

160 857 334 898 Abduce
365 857 499 907 intro3
531 870 609 897 nos
642 855 772 897 hasce
806 856 874 897 hic
909 854 1306 910 praestolabimur]
1568 868 1655 901 1170

237 1071 640 1114 ADELPHASIUM
675 1072 1097 1119 ANTERASTILIS,
1131 1070 1495 1114 MERETRICES
1526 1072 1579 1113 II.

210 1154 655 1198 AGORASTOCLES
688 1155 1071 1198 ADULESCENS.
1122 1155 1317 1198 HANNO
1352 1155 1585 1198 POENUS.
1621 1155 1652 1198 C

703 1285 1099 1340 Adelphasium

159 1356 259 1399 I-‘uit
291 1357 418 1399 hodie
451 1371 606 1411 operae
640 1359 826 1411 pretium
858 1358 1040 1410 quoiuis.
1074 1358 1147 1411 qui
1174 1356 1436 1398 amabilitati
1462 1357 1650 1397 animuin

1180 1429 1400 1477 adiiceret,

159 1500 305 1543 Oculis
337 1501 486 1554 epulas
519 1501 634 1551 dare,
669 1501 893 1543 delubrum
927 1503 1001 1556 qui
1034 1501 1162 1543 hodie
1195 1506 1395 1542 ornatum
1428 1514 1478 1542 eo
1510 1500 1652 1542 uisere

1179 1573 1311 1614 uenit.

159 1646 369 1688 Deamaui
395 1651 569 1688 ecastor
596 1645 685 1687 illic
709 1645 836 1686 hodie
863 1645 1148 1699 lepidissuma
1174 1658 1353 1686 munera
1381 1644 1655 1686 meretricum

160 1718 299 1770 Digna
326 1718 428 1760 diua
454 1718 766 1759 uenustissima
794 1717 970 1759 Uenere.
1003 1731 1144 1771 neque
1170 1718 1409 1770 contempsi
1434 1717 1526 1758 eius
1550 1729 1655 1769 opes

1182 1789 1323 1831 hodie.

160 1862 301 1903 Tanta
338 1862 398 1903 ibi
438 1862 564 1915 copia
603 1865 883 1902 uenustatum
925 1861 1098 1911 aderat,
1144 1862 1186 1902 in
1233 1876 1310 1903 suo
1358 1861 1519 1914 quique
1560 1859 1654 1901 loco

1183 1934 1267 1975 sita
1297 1933 1469 1974 munde.
1567 1943 1654 1976 1175

160 2005 352 2047 Arrabus
377 2006 595 2047 murrinus
623 2005 766 2046 omnia
793 2005 899 2046 odor
927 2005 1192 2058 complebat3
1225 2008 1322 2046 &zeus
1344 2005 1460 2047 haud
1478 2005 1654 2046 sordere

1181 2078 1323 2118 uisust

161 2147 314 2190 Festus
347 2148 453 2198 dies,
490 2148 644 2190 Uenus.
679 2162 756 2190 nec
788 2155 908 2191 tuum
943 2150 1108 2190 fanum:
1140 2154 1288 2190 tantus
1312 2149 1372 2189 ibi
1396 2148 1654 2189 clientarum

1182 2227 1276 2262 erat
1307 2234 1523 2270 numerus,

160 2289 278 2340 Quae
311 2291 366 2333 ad
399 2290 681 2345 Calydoniam
715 2299 923 2334 uenerant
956 2291 1179 2334 Uenerem.
1254 2341 1258 2344 ,

254 2450 340 2484 1167
364 2449 457 2484 lude
483 2455 680 2485 uenturum
706 2449 742 2485 Β
859 2462 1025 2485 seuerum
1053 2454 1090 2483 et
1116 2461 1261 2484 seruum
1287 2448 1324 2484 B
1439 2451 1526 2483 1170
1551 2461 1654 2494 pzae-

160 2505 358 2540 stolabitur
453 2507 541 2542 Tum
565 2506 618 2541 B:

249 2563 513 2608 Adelphasium
542 2564 772 2598 anterastilis
799 2564 1054 2607 agorastocles
1080 2563 1204 2598 hanno

248 2620 564 2655 MERETRICES
591 2620 636 2654 ΙΙ.
733 2619 1054 2654 ADVLESCENS
1151 2619 1340 2654 POENVS
1436 2619 1504 2654 .C.

160 2679 243 2711 1171
268 2677 360 2712 ciuis
479 2679 564 2712 1173
592 2677 666 2712 Dea
693 2678 812 2711 amaui
841 2676 869 2712 C'
984 2677 1058 2711 illic
1085 2688 1152 2720 ego
1179 2679 1236 2712 (eo
1263 2677 1310 2719 A)
1337 2676 1446 2712 hodie
1566 2679 1653 2711 1174

158 2745 251 2778 opus
337 2735 426 2769 1175
451 2735 608 2779 quicque
633 2734 667 2768 A
754 2736 838 2768 1176
863 2734 1024 2767 Arabius
1107 2734 1364 2778 murrinusque
1390 2732 1457 2767 BC
1533 2735 1651 2768 omnis

171 2813 184 2821 .
249 2790 317 2824 dor
340 2789 377 2825 B
425 2794 509 2825 tuus
535 2801 598 2825 om.
692 2791 792 2825 uisus
818 2795 873 2825 est
899 2789 966 2825 BC
1058 2791 1142 2823 1177
1169 2796 1262 2824 tum*
1329 2789 1549 2824 clientarum
1575 2795 1653 2825 erat

158 2858 330 2881 numeras
355 2846 391 2881 B

1319 2919 1378 2953 13*
