1963 3243
106 252 167 294 lv,
198 255 225 292 1,
251 253 362 287 6—13
742 251 956 286 Pseudolus.
1543 259 1595 296 73

104 377 212 420 Tum
245 377 316 432 pol
349 391 426 431 ego
467 377 632 427 interii,
673 376 800 419 homo
839 378 873 418 si
913 377 984 418 ille
1025 376 1154 427 abiit,
1202 391 1340 431 neque
1377 377 1456 420 hoc
1488 393 1594 432 opus

929 448 1043 502 quod
1076 448 1195 491 uolui
1229 449 1355 491 hodie
1388 450 1590 491 ecficiam.

106 520 187 564 Sed
222 535 369 563 eccum
411 521 538 563 uideo
577 519 831 562 uerbeream
866 524 1076 571 statuam,
1119 525 1166 562 ut
1197 521 1248 571 it,
1290 526 1339 562 ut
1370 522 1592 575 magnifice

920 592 1048 634 infert
1080 605 1187 634 sese.
1527 606 1594 638 915

104 664 224 715 Hem,
249 668 291 706 te
317 664 459 706 hercle
487 677 565 718 ego
594 664 1029 717 circumspectabam3
1061 665 1188 706 nimis
1214 659 1457 706 metuebam
1482 666 1593 708 male

917 750 968 777 ne
1001 735 1176 778 abisses.

768 813 935 857 Simia

104 887 203 929 Fuit
235 901 375 929 meum
409 886 596 930 officium
629 892 676 928 ut
707 886 905 937 facerem,
936 886 1087 929 fateor.

695 981 997 1024 Pseudolus

892 1053 973 1095 Ubi
1004 1055 1258 1096 restiteras?

768 1147 928 1190 Simia

1044 1204 1125 1247 Ubi
1158 1206 1261 1248 mihi
1294 1206 1478 1248 lubitum
1512 1212 1592 1249 est.

694 1276 991 1319 Pseudolus

100 1348 217 1390 Istuc
248 1362 324 1402 ego
358 1350 442 1391 iam
476 1350 581 1391 satis
614 1350 715 1392 scio.

766 1428 927 1470 Simia

798 1500 906 1551 Quid
942 1515 1041 1554 ergo
1074 1501 1190 1555 quod
1223 1502 1307 1544 scis
1339 1515 1404 1544 me
1436 1503 1591 1555 rogas?

696 1595 996 1638 Pseudolus

100 1668 155 1709 At
186 1668 266 1709 hoc
298 1667 409 1717 uolo,
443 1681 616 1710 monere
648 1672 702 1709 te.

763 1750 927 1792 Simia

795 1822 1060 1874 Monendu’s‚
1094 1836 1146 1866 ne
1178 1837 1245 1865 me
1276 1836 1463 1865 moneas.

696 1917 996 1960 Pseudolus

99 1985 235 2029 Nimis
266 1988 442 2030 tandem
475 2001 552 2041 ego
585 1989 661 2030 abs
692 1993 735 2031 te
769 1994 1030 2031 contemnor.
1524 2001 1593 2035 920

762 2079 928 2121 Simia

100 2149 266 2205 Quippe
299 2164 378 2204 ego
409 2154 452 2192 te
483 2151 525 2192 ni
558 2156 844 2202 contemnam,

100 2220 376 2264 Stratioticus
407 2221 534 2264 homo
568 2223 642 2277 qui
674 2222 819 2265 clueat
849 2224 967 2265 iam‘?

696 2313 993 2356 Pseudolus

98 2383 189 2426 Iam
220 2384 303 2428 hoc
334 2384 434 2427 uolo
468 2384 583 2439 quod
617 2391 841 2440 occeptum
873 2391 938 2428 est
970 2388 1049 2441 agi.

760 2479 932 2523 Simia

747 2552 857 2594 Num
890 2553 995 2606 quid
1027 2566 1154 2606 agere
1188 2553 1305 2595 aliud
1338 2566 1404 2594 me
1435 2551 1589 2594 uides?

188 2664 254 2698 914
278 2663 396 2698 habiit
522 2665 639 2698 uoluit
756 2675 824 2708 ego
851 2664 963 2699 hodie
988 2665 1057 2700 BC
1170 2667 1236 2700 915
1260 2665 1413 2700 heccum
1439 2664 1474 2698 B

98 2719 151 2753 nti
178 2724 217 2754 ut
242 2718 309 2754 ΒΟ
388 2721 455 2755 916
479 2720 595 2756 Ehem
621 2720 688 2755 BC
767 2723 833 2756 918
860 2722 946 2766 Ipsu
963 2749 991 2755 ..
1017 2721 1062 2765 Β,
1089 2722 1193 2766 ipsuc
1221 2722 1251 2757 C'
1333 2722 1406 2756 iam
1431 2731 1497 2756 om.
1523 2721 1592 2756 BC

189 2787 255 2811 cur
281 2787 348 2820 ego
375 2788 446 2821 quo
471 2776 539 2812 BC
659 2778 726 2812 919
752 2782 901 2813 moneat
926 2777 993 2813 BC
1112 2779 1178 2813 922
1203 2778 1408 2813 Stratiocus
1432 2777 1499 2813 BC

99 2841 176 2867 esse
201 2831 312 2867 homo
339 2833 464 2868 cluear
489 2835 521 2868 Α
616 2834 653 2868 P.
681 2835 752 2869 iam
778 2834 845 2870 BC
936 2838 1128 2880 occeptum
1155 2836 1259 2882 stagi.
1287 2846 1383 2870 nunc
1409 2834 1498 2880 quid
1527 2834 1591 2869 BC
