1963 3243
307 189 360 228 60
977 182 1099 218 Plauti
1429 182 1497 224 111,
1526 184 1553 225 1,
1580 181 1759 215 136—152

310 310 390 360 Qui
421 309 563 363 lepide
595 310 840 361 ingeniatus
872 313 997 359 esset,
1029 309 1166 350 uitam
1199 311 1237 351 ei
1278 310 1556 363 longinquam
1594 306 1759 355 darent,

310 381 391 431 Qui
421 381 593 434 inprobi
625 384 770 422 essent
801 384 844 421 et
875 379 1058 429 scelesti,
1096 382 1131 422 is
1170 380 1411 421 adimerent
1442 379 1629 421 animam
1661 379 1772 425 cito„

309 453 353 495 Si
384 453 465 495 hoc
495 453 786 506 parauissent„
819 456 862 493 et
893 451 1089 493 homines
1122 457 1266 493 essent
1296 453 1437 493 minus
1469 450 1594 492 multi
1624 449 1727 491 mali

311 525 366 566 Et
396 525 537 566 minus
570 523 778 566 audacter
810 523 994 564 scelesta
1025 523 1218 564 facerent
1248 522 1377 573 facta,
1411 527 1454 563 et
1484 526 1648 576 postea,

311 596 392 646 Qui
425 597 618 638 homines
651 595 774 649 probi
808 601 963 645 essent,
996 599 1112 637 esset
1141 596 1179 636 is
1211 608 1383 636 annona
1412 594 1552 636 uilior.
1697 605 1765 638 735

797 711 1275 765 Periplecomenus

312 785 392 834 Qui
424 784 601 826 deorum
633 783 815 826 consilia
846 783 1003 836 culpet,
1036 783 1197 824 stultus
1228 784 1498 837 inscitusque
1530 785 1596 835 sit,

313 857 479 910 Quique
511 871 584 898 eos
617 858 846 908 uituperet.
906 855 1030 896 Nunc
1060 856 1156 897 istis
1189 855 1318 896 rebus
1351 855 1504 897 desisti
1537 856 1671 897 decet.

313 929 434 970 Nunc
465 929 564 970 uolo
599 941 825 982 opsonare,
858 932 918 977 ut,
950 926 1115 981 hospes,
1147 933 1222 968 tua
1253 934 1295 968 te
1329 942 1379 968 ex
1410 929 1573 969 uirtute
1601 935 1644 969 et
1670 942 1766 970 mea

312 1001 433 1042 Meae
466 1001 582 1042 domi
613 1000 825 1053 accipiam
858 999 1055 1051 benigne,
1087 999 1230 1053 lepide
1263 1004 1306 1040 et
1336 999 1492 1053 lepidis
1525 999 1726 1042 uictibus.

890 1101 1189 1143 Pleusicles

312 1175 429 1216 Nihil
461 1189 527 1216 me
559 1175 756 1228 paenitet
786 1175 871 1215 iam
905 1178 1067 1228 quanto
1101 1175 1291 1228 sumptui
1322 1174 1474 1216 fuerim
1506 1175 1598 1216 tibi.
1701 1187 1769 1220 740

314 1247 421 1288 Nam
453 1247 609 1300 hospes
642 1246 785 1288 nullus
818 1251 907 1287 tam
939 1247 982 1287 in
1015 1247 1142 1288 amici
1166 1246 1404 1300 hospitium
1433 1246 1592 1288 diuorti
1608 1251 1767 1300 potest,

314 1319 437 1370 Quin,
468 1319 542 1360 ubi
573 1318 767 1360 triduum
799 1318 1051 1359 continuum
1081 1318 1223 1369 fuerit,
1255 1319 1341 1360 iam
1374 1319 1550 1360 odiosus
1582 1319 1682 1370 siet3

315 1391 473 1433 Uerum
505 1391 580 1432 ubi
613 1391 703 1431 dies
735 1391 884 1432 decem
909 1392 1136 1432 continuos
1161 1392 1228 1442 sit,
1263 1404 1314 1431 ea
1339 1396 1406 1431 est
1430 1391 1628 1432 odiorum
1643 1391 1769 1443 Ilias3

314 1464 504 1505 Tametsi
539 1463 736 1505 dominus
769 1476 852 1521 non
884 1464 1048 1505 inuitus
1081 1464 1261 1516 patitur,
1294 1464 1410 1504 serui
1441 1468 1725 1505 murmurant.

802 1565 1282 1619 Periplecomenus

315 1639 577 1681 Seruiendae
610 1639 812 1681 seruituti
845 1652 922 1691 ego
955 1651 1106 1679 seruos
1138 1638 1324 1679 instruxi
1357 1637 1472 1688 mihi,
1706 1651 1771 1684 745

315 1711 495 1765 Hospes,
528 1726 610 1753 non
644 1712 718 1766 qui
751 1711 854 1752 mihi
885 1712 1139 1764 inperarent
1170 1710 1386 1763 quibusue
1419 1723 1496 1762 ego
1529 1724 1670 1752 essem
1697 1711 1771 1752 ob-

1048 1769 1052 1772 *
1403 1784 1567 1825 noxius.

315 1858 357 1897 Si
397 1856 484 1897 illis
524 1861 696 1910 aegrest
734 1855 838 1897 mihi
879 1855 995 1909 quod
1034 1855 1166 1909 uolup
1214 1860 1290 1902 est,
1334 1869 1425 1897 meo
1465 1856 1644 1909 remigio
1682 1870 1772 1896 rem

1396 1932 1571 1981 gerunt3

405 2056 469 2089 731
496 2055 722 2098 ingenuatus
735 2052 805 2088 BG
894 2053 926 2088 ei
955 2063 1019 2088 om.
1047 2052 1115 2088 ΒΟ
1203 2053 1493 2097 longinguamA
1585 2052 1653 2086 732
1679 2050 1773 2095 Quin

318 2113 483 2157 probiest
510 2113 658 2147 scaelaes
684 2112 784 2146 hisus
812 2110 839 2145 G
943 2110 1179 2145 adhimerant
1202 2109 1270 2145 BC
1379 2110 1544 2144 animum
1570 2110 1603 2143 A
1707 2109 1773 2142 733

316 2171 523 2214 parauisset
537 2169 696 2204 hominis
713 2172 809 2203 esset
823 2167 892 2202 BG
969 2169 1035 2201 '734
1060 2167 1201 2202 faceret
1214 2167 1281 2202 BC
1354 2169 1420 2202 735
1445 2167 1606 2201 hominis
1620 2165 1685 2201 BC

315 2229 381 2262 736
408 2228 568 2262 concilia
593 2227 701 2270 culpe
718 2224 787 2260 BG
853 2226 1083 2269 insictusque
1097 2224 1165 2260 BC
1232 2227 1298 2259 737
1324 2224 1493 2269 Quidque
1510 2222 1555 2265 Β,
1582 2223 1678 2267 Quid
1692 2234 1774 2267 quae

320 2285 348 2319 O
437 2286 610 2320 nunciam
634 2285 697 2318 isti
723 2282 769 2327 Β,
796 2283 960 2317 nuntiam
985 2283 1045 2317 isti
1074 2282 1101 2317 C
1191 2283 1259 2317 738
1285 2283 1371 2316 uolo
1399 2282 1579 2316 obsonare
1603 2281 1705 2315 uelut
1728 2280 1773 2322 Β,

319 2342 731 2376 uolomobsonoraetlut
757 2340 786 2374 Ο
876 2347 977 2374 tuam
995 2340 1023 2375 Ο
1113 2344 1148 2374 te
1175 2350 1232 2374 om
1255 2339 1290 2373 B
1382 2338 1494 2373 tuaB
1586 2339 1652 2372 739
1678 2338 1773 2372 demi

319 2399 385 2433 BG
486 2401 553 2433 740
577 2404 756 2443 quantum
790 2398 822 2431 A
928 2401 1113 2441 sumptum
1218 2396 1443 2431 fuerimihibi
1479 2395 1511 2428 A
1615 2397 1679 2429 '741
1705 2395 1776 2429 hoc

319 2457 475 2499 pusillus
489 2457 533 2499 Β,
562 2457 631 2491 hoc
658 2457 714 2499 pis
739 2456 861 2490 nullus
886 2455 914 2490 C
993 2459 1067 2488 tam
1094 2453 1316 2489 inimiciBC
1395 2453 1541 2488 deuorti
1566 2451 1632 2486 AG
1710 2453 1776 2485 '742

320 2515 368 2548 sit
380 2514 446 2548 BC
537 2516 602 2548 743
627 2515 677 2547 ite
703 2513 914 2548 astodorum
943 2513 1027 2546 illas
1042 2511 1109 2546 BG
1199 2514 1266 2546 744
1291 2511 1393 2545 uitiis
1421 2510 1470 2544 sit
1489 2508 1534 2552 Β,
1561 2509 1657 2543 uitus
1683 2509 1731 2543 sit
1751 2508 1780 2542 C

410 2572 569 2615 partitur
594 2572 625 2604 A
719 2575 926 2604 murmurat
952 2569 1022 2604 BG
1110 2571 1176 2603 745
1202 2568 1386 2603 Seruienti
1412 2568 1589 2602 seruitute
1622 2565 1691 2600 BG

319 2640 389 2671 ego
418 2629 528 2662 miser
554 2640 619 2662 uos
648 2628 675 2663 G
774 2627 961 2661 introduxi
987 2627 1026 2670 B,
1062 2627 1225 2661 introuxi
1255 2626 1284 2661 C
1379 2627 1444 2660 746
1469 2626 1684 2668 inpararent
1713 2621 1781 2657 BG

412 2698 455 2720 ue
482 2696 546 2719 om.
572 2685 640 2719 BC
737 2696 856 2719 essem
882 2695 947 2718 om.
975 2683 1021 2726 B,
1050 2695 1174 2717 aessae
1201 2683 1229 2717 C
1326 2684 1393 2717 747
1418 2682 1513 2716 illius
1547 2680 1687 2725 egressi
1713 2679 1780 2714 BG

410 2742 498 2776 mihi
526 2743 562 2776 id
589 2743 689 2786 quod
703 2744 747 2785 A,
774 2741 863 2775 mihi
889 2741 995 2775 inicit
1020 2741 1118 2784 quod
1134 2739 1180 2782 B,
1206 2740 1295 2774 mihi
1322 2741 1411 2774 incit
1437 2739 1535 2783 quod
1551 2737 1579 2772 G
1672 2737 1772 2771 uolu-

322 2801 376 2843 pis
402 2799 466 2834 BC
557 2811 613 2833 me
639 2800 766 2833 horem
794 2799 950 2842 remigio
977 2797 1044 2832 BC
1137 2808 1226 2840 gero
1252 2796 1316 2831 BC

1945 3087 1963 3243 ι--Α
1958 3007 1963 3051 -.
1941 1939 1963 2988 ῌ-..μ-ῌ-Λῌῌῷμ-Λ-ᾼ-η-..
1942 1003 1963 1925 ,Λ-ψ-...ι-α-*αΜ-ἠοιινξ
