1963 3243
156 180 202 221 11,
228 182 260 223 4,
287 181 422 214 27—39
720 178 826 214 Miles
851 179 1048 222 gloriosus.
1565 183 1615 221 33

727 304 1036 347 Palaestrio

155 377 324 430 Pergin,
359 376 553 427 sceleste,
586 376 812 419 intendere
845 376 956 419 hanc
987 377 1200 430 arguere?

653 513 1111 557 Philocomasium
1156 559 1162 567 ‚

1174 585 1361 628 Ecastor
1392 600 1493 640 ergo

155 657 260 699 Mihi
293 658 406 699 haud
438 658 594 699 falsum
628 660 773 700 euenit
805 661 1031 710 somnium,
1073 659 1187 714 quod
1227 662 1359 700 noctu
1392 657 1473 700 hac
1506 672 1618 700 som-

1177 744 1306 772 niaui.

730 844 761 885 P
772 845 820 886 al
832 859 858 886 a
869 859 890 887 e
901 859 919 887 s
935 850 953 886 t
964 860 985 886 r
997 846 1045 888 io

157 916 269 967 Quid
303 918 577 958 somniauisti
590 918 610 958 ‘2

688 1043 1144 1086 Philocomasium

632 1115 849 1170 Eloquar3
882 1115 957 1157 sed
990 1116 1144 1158 amabo
1171 1116 1390 1158 aduortite
1415 1117 1618 1157 animum.

157 1186 250 1228 Hac
282 1191 410 1228 nocte
434 1188 478 1229 in
504 1188 666 1229 somnis
692 1202 789 1229 mea
813 1202 936 1230 soror
959 1189 1176 1241 geminast
1199 1201 1406 1241 germana
1430 1188 1526 1228 uisa
1555 1198 1622 1232 385

158 1258 337 1301 Uenisse
370 1259 548 1301 Athenis
581 1261 622 1300 in
656 1260 874 1314 Ephesum
909 1274 1007 1301 cum
1040 1275 1116 1302 suo
1150 1265 1346 1302 amatore
1380 1259 1582 1314 quodam.

159 1331 208 1372 Ei
241 1331 367 1373 ambo
399 1331 588 1386 hospitio
620 1333 705 1373 huc
736 1334 778 1374 in
811 1347 1068 1387 proxumum
1109 1332 1211 1374 mihi
1246 1333 1480 1376 diuortisse
1525 1332 1620 1374 uisi.

736 1482 768 1523 P
779 1483 829 1524 al
841 1496 867 1524 a
876 1496 898 1523 e
908 1496 927 1523 s
939 1487 957 1523 t
966 1483 1008 1523 ri
1021 1496 1044 1523 o

157 1553 466 1596 Palaestrionis
496 1556 709 1596 somnium
740 1559 955 1596 narratur.
1019 1554 1154 1608 Perge
1188 1567 1331 1608 porro.

657 1702 1115 1746 Philocomasium

158 1774 248 1828 Ego
280 1774 399 1817 laeta
428 1775 536 1825 uisa,
570 1777 672 1830 quia
705 1790 829 1818 soror
859 1777 1064 1826 uenisset,
1095 1780 1275 1830 propter
1306 1774 1488 1817 eandem

159 1846 454 1900 Suspicionem
486 1861 730 1890 maxumam
763 1863 855 1890 sum
889 1850 986 1891 uisa
1017 1849 1244 1890 sustinere.
1557 1858 1624 1892 390

159 1918 267 1960 Nam
300 1933 480 1973 arguere
510 1921 554 1961 in
586 1922 747 1962 somnis
781 1936 847 1963 me
882 1936 1002 1963 meus
1035 1921 1140 1962 mihi
1171 1920 1399 1962 familiaris
1430 1920 1581 1970 uisust,

159 1992 226 2033 Me
243 2005 338 2033 cum
357 1992 499 2034 alieno
519 1992 860 2043 adulescentulo,
888 1995 1011 2047 quasi
1030 2007 1143 2034 nunc
1169 1998 1227 2037 tu.
1256 2006 1350 2034 esse
1369 1992 1624 2042 osculatam,

160 2064 296 2115 Quom
314 2064 390 2106 illa
408 2064 605 2106 osculata
621 2080 718 2107 mea
736 2081 859 2108 soror
876 2067 1047 2120 gemina
1064 2070 1179 2107 esset
1195 2070 1398 2119 suumpte
1422 2066 1621 2107 amicum.

158 2137 209 2179 Id
239 2151 306 2179 me
337 2137 635 2179 insimulatam
667 2152 896 2193 perperam
930 2139 1086 2180 falsum
1118 2152 1212 2180 esse
1245 2138 1470 2180 somniaui.

251 2299 318 2332 382
342 2297 453 2341 Pergi
479 2297 635 2333 sceleste
659 2297 695 2332 Β
788 2298 1002 2334 intenderet
1025 2299 1093 2334 hec
1118 2297 1164 2342 Β,
1190 2297 1389 2332 intendere
1415 2300 1453 2331 et
1477 2296 1572 2331 hanc
1601 2296 1630 2331 Ο

252 2355 415 2400 arguerit
437 2353 474 2389 Β
568 2366 637 2399 ego
663 2354 732 2390 ΒΟ
822 2357 888 2390 383
914 2356 985 2390 hau
1011 2357 1056 2397 A,
1081 2358 1144 2390 aut
1168 2354 1203 2390 B
1297 2354 1446 2389 eueniat
1469 2353 1535 2389 BC

161 2414 318 2448 noeteA
389 2411 642 2447 somniauitB
720 2414 788 2447 384
813 2424 880 2457 ego
907 2414 1063 2458 eloquar
1136 2411 1368 2452 aduortitB‚
1395 2411 1585 2446 aduortito
1602 2411 1632 2447 G

252 2471 318 2504 385
332 2469 479 2514 gemina
504 2468 550 2510 B,
575 2470 723 2511 gemina
748 2473 784 2503 et
810 2469 840 2506 0
929 2472 996 2505 386
1020 2470 1192 2506 Uenisset
1219 2468 1255 2504 Β
1348 2480 1458 2513 quom
1486 2480 1553 2503 suo
1579 2469 1626 2511 A,

161 2537 290 2562 cumeo
315 2525 361 2569 B,
395 2537 477 2561 cum
515 2537 596 2560 meo
633 2525 661 2560 Ο
761 2528 827 2561 387
859 2527 907 2562 Et
936 2528 981 2570 A,
1016 2527 1061 2561 Hi
1093 2525 1160 2562 BC
1259 2526 1465 2571 hospitium
1490 2526 1523 2560 A

163 2583 327 2618 deuortis
351 2582 397 2626 B,
424 2582 563 2617 diuorti
589 2583 715 2617 suntC
809 2585 876 2619 388
890 2584 955 2620 SC.
979 2584 1228 2619 Palaestrioni
1323 2583 1398 2617 PA.
1416 2583 1535 2627 Perge

162 2643 226 2676 391
253 2644 430 2685 argueret
453 2639 489 2674 Β
582 2639 777 2675 familiaris
803 2653 905 2676 meus
937 2642 1028 2676 mihi
1053 2640 1123 2676 BC
1219 2642 1287 2676 392
1311 2652 1456 2676 mecum
1491 2652 1574 2675 cum
1602 2639 1630 2675 G

253 2697 568 2733 tuesausculatam
591 2698 644 2738 A,
681 2702 738 2732 est
771 2699 980 2734 auscultata
1016 2705 1034 2734 e
1067 2699 1120 2742 B,
1159 2703 1215 2733 est
1252 2698 1454 2733 osculatam
1495 2709 1575 2732 esse
1602 2696 1630 2732 G

254 2756 320 2790 393
339 2755 442 2790 illam
467 2754 503 2790 B
597 2756 763 2790 ausculta
778 2755 849 2790 AB
943 2760 1091 2801 sumptu
1106 2754 1152 2798 Β,
1180 2760 1284 2789 sunm
1304 2754 1334 2790 0
1423 2756 1489 2790 394
1509 2755 1564 2791 Ite
1579 2754 1626 2797 B,

162 2813 219 2848 Ita.
244 2813 272 2848 C
365 2817 464 2848 esset
488 2813 524 2848 Β

1355 2871 1376 2905 3
