1963 3243
752 242 792 276 v.
816 243 1009 277 884—931.
1537 246 1616 284 349

100 383 102 385 ·
155 374 325 420 videtur,
358 376 485 411 ortam
512 372 671 411 Charini
704 376 797 410 nota
829 372 963 410 addita
994 371 1164 422 explevit
1198 372 1240 409 B.
1268 391 1311 397 -
1345 374 1436 410 900.
1470 384 1615 419 operae,

155 442 203 479 cf.
234 442 295 479 14.
330 462 383 468 —
414 442 472 478 ille·
501 441 733 479 adverbium
766 445 845 486 θείς
879 441 1071 478 Charinus
1096 454 1169 491 pro
1195 442 1426 490 pronomine
1459 443 1614 491 accipit.

154 529 209 536 .-
241 511 479 549 commodum
505 510 565 547 ed.
591 523 649 560 pr.
669 529 716 534 —
745 511 838 547 907.
874 511 1008 548 contra
1039 521 1125 546 amo
1156 509 1216 546 ed.
1249 522 1307 558 pr.
1331 529 1382 534 —
1401 511 1493 547 908.
1531 509 1616 548 Om-

153 579 267 617 nibus
296 593 343 617 ne
376 580 550 616 ultimam
582 578 790 629 producat,
820 580 1002 628 proxima
1033 578 1277 627 transposuit
1301 577 1531 615 Gulielmus.
1567 599 1614 603 —

154 648 326 693 stultior,
365 660 400 684 v.
443 647 491 684 ad
523 646 664 696 Amph.
707 647 771 685 56.
805 666 858 672 —
892 647 985 685 909.
1030 646 1344 692 ,.0om1noratur“
1387 650 1617 696 corruptum

154 720 226 762 est,
267 730 337 754 nec
376 719 556 762 sanatur,
598 716 630 753 si
673 728 758 752 cum
792 714 837 753 R.
873 728 1016 765 „quom
1055 711 1254 752 moratur“
1298 718 1364 752 aut
1406 717 1497 764 „qui
1537 712 1614 752 m.“

155 784 314 823 scribas.
374 785 458 834 Ego
501 786 538 822 in
577 785 708 834 priore
739 783 800 820 ed.
837 782 1186 830 ,‚commoratori“;
1225 783 1296 821 sed
1330 782 1614 830 „remoratori“

156 853 364 892 dicendum
406 857 504 891 erat.
565 853 646 890 Iam
686 851 815 890 scribo
846 852 937 890 Non
967 853 1155 890 morabor.
1216 851 1349 890 Moras
1381 865 1457 890 non
1491 852 1619 890 ferens

154 935 194 959 se
233 922 362 960 denuo
398 921 673 972 proficiscendi
712 920 915 959 consilium
954 922 1168 971 sumpsisse
1206 921 1385 966 simulat,
1426 925 1465 958 et
1506 921 1618 970 quasi

155 1003 293 1040 parum
324 992 384 1027 sui
415 1003 575 1040 compos
606 991 682 1027 iam
713 989 787 1027 sibi
819 988 972 1028 efficere
1004 990 1208 1027 consilium
1233 990 1402 1027 videtur.
1436 1009 1489 1014 -—
1523 990 1617 1027 910.

154 1060 268 1108 haec,
308 1073 342 1097 v.
384 1059 432 1096 ad
473 1060 573 1106 7543
619 1058 710 1097 edd.
753 1055 891 1105 „hoc“.
932 1079 987 1084 —
1030 1055 1201 1108 ..puere“
1245 1058 1381 1095 Muell.
1431 1077 1478 1083 —
1522 1059 1617 1095 911.

154 1131 285 1169 Mater
316 1128 361 1170 D.
393 1128 453 1166 ed.
486 1141 545 1178 pr.
578 1147 632 1153 —
664 1129 758 1166 913.
791 1127 940 1166 Zonam
971 1123 1174 1176 („sonam“
1210 1126 1374 1164 Plautus
1401 1127 1618 1168 scribebat)

154 1199 309 1244 sustuli,
342 1198 454 1248 quasi
486 1196 758 1246 profecturus3
791 1196 840 1233 ad
871 1198 947 1233 iter
978 1195 1201 1233 faciendum
1234 1197 1310 1233 iam
1343 1196 1545 1243 accingor,
1580 1197 1619 1232 in

154 1268 263 1306 zonis
301 1271 429 1304 autem
468 1277 648 1302 nummos
687 1265 774 1302 auri
813 1269 879 1302 aut
919 1266 1072 1312 argenti
1111 1264 1339 1314 gestabant.
1381 1277 1415 1301 v.
1457 1264 1618 1302 Trucul.

155 1338 237 1375 944
277 1349 335 1385 sq.
398 1334 492 1372 Hor.
533 1333 606 1382 Ep.
645 1333 695 1379 II,
729 1334 767 1379 2,
799 1334 866 1371 40.
928 1333 1035 1371 Suet.
1070 1332 1148 1370 Vit.
1187 1332 1248 1371 16.
1312 1332 1399 1370 Liv.
1431 1332 1617 1378 XXXIII,

156 1407 221 1444 29.
282 1403 446 1442 Gracch.
491 1415 553 1453 ap.
596 1402 694 1440 Gell.
731 1401 814 1448 XV,
861 1403 924 1447 12,
964 1403 1001 1440 4.
1034 1423 1089 1427 —
1121 1403 1213 1439 915.
1248 1401 1367 1440 Nunc
1398 1401 1442 1439 R.
1475 1422 1529 1426 —
1563 1402 1622 1439 ted

154 1474 292 1521 Both.;
329 1472 398 1511 R.:
443 1484 514 1517 ..eo
554 1468 628 1509 si“.
661 1490 716 1496 —
747 1470 959 1518 ampullam
997 1471 1206 1514 oleariam,
1253 1484 1351 1521 qua,
1399 1474 1537 1520 utpote
1570 1471 1620 1508 ad

153 1542 313 1580 balneas
344 1542 577 1586 necessaria,
609 1552 722 1577 nemo
748 1539 908 1577 Graecus
940 1552 1072 1577 carere
1104 1543 1275 1589 poterat,
1309 1540 1356 1577 cf.
1390 1539 1438 1576 de
1470 1540 1616 1577 nomin.

152 1623 334 1649 vasorum
367 1623 406 1660 p.
441 1611 490 1648 65
524 1623 581 1659 sq.
615 1608 660 1645 K.
694 1607 731 1644 d.
767 1607 951 1646 Vidensk.
984 1607 1170 1646 Selskabs
1196 1606 1369 1645 Skrifter
1393 1608 1451 1645 III
1468 1623 1505 1659 p.
1523 1609 1617 1646 205.

152 1700 206 1706 -
238 1680 332 1717 916.
365 1690 403 1717 es
431 1677 540 1717 haud
562 1678 667 1726 potis
697 1677 839 1726 Bergk.
872 1676 957 1714 Ind.
984 1677 1063 1714 sch.
1092 1676 1195 1714 Hall.
1227 1677 1446 1715 1858—59
1480 1676 1617 1727 p.V11.

153 1748 266 1796 Quod
297 1747 343 1785 R.
376 1748 509 1797 posuit
545 1759 629 1794 „me
661 1746 836 1795 decipier
868 1745 972 1783 haud
1003 1743 1174 1795 potest“,
1209 1746 1395 1783 Latinum
1427 1759 1510 1784 esse
1542 1758 1620 1783 non

153 1817 283 1855 credo.
345 1816 549 1854 Mueller.:
601 1815 683 1862 „Ne
729 1827 847 1862 erres,
895 1819 940 1852 tu
985 1828 1045 1851 me
1091 1814 1276 1864 decipere
1324 1814 1428 1852 haud
1470 1813 1604 1864 potis“

153 1885 291 1924 Goetz.
325 1898 410 1923 cum
442 1884 655 1922 Schoellio:
694 1883 890 1929 ..Gerr-ae:
933 1885 988 1921 sic
1020 1896 1080 1920 me
1114 1883 1296 1933 decipere
1329 1883 1434 1921 haud
1464 1882 1619 1934 potes“.

154 1975 209 1980 —
240 1954 334 1991 917.
367 1955 480 1991 itiner
510 1952 538 1990 C
569 1954 616 1990 ut
646 1952 811 1998 Nonius,
855 1966 890 1989 v.
917 1951 964 1988 ad
992 1953 1086 1990 901.
1120 1972 1175 1977 —
1207 1953 1302 1990 918.
1335 1952 1497 2001 Eyomet
1535 1951 1620 1989 Pri-

154 2025 271 2062 scian.
306 2022 380 2060 VII
410 2036 448 2073 p.
481 2023 577 2060 738.
638 2033 696 2059 me
732 2032 872 2070 moror,
911 2021 960 2058 cf.
1001 2022 1096 2059 460.
1130 2042 1185 2047 —
1208 2033 1329 2069 petere
1359 2021 1386 2059 C
1428 2025 1467 2058 et
1499 2021 1620 2058 Prisc.

154 2112 209 2118 —
240 2093 335 2130 919.
368 2091 571 2130 conscendi
599 2090 659 2128 ed.
692 2104 751 2139 pr.
784 2110 838 2116 —
871 2091 965 2128 920.
993 2090 1246 2136 curriculum,
1274 2103 1442 2135 cursum,
1469 2091 1516 2128 ct.
1535 2090 1619 2128 Mil.

157 2162 250 2200 525.
267 2181 323 2187 —-
340 2162 421 2199 922
445 2161 478 2198 si
500 2163 608 2197 recte
633 2158 834 2204 scribitur,
860 2159 983 2197 dicere
1005 2161 1184 2197 ultimam
1209 2160 1408 2210 producit,
1441 2159 1489 2197 cf.
1518 2159 1620 2206 8893

155 2229 337 2281 equidem
382 2229 630 2267 intercidisse
669 2226 819 2277 aliquid
858 2227 1007 2265 credidi
1046 2232 1090 2265 ut
1130 2226 1212 2270 Ah,
1246 2228 1291 2265 cf.
1327 2228 1420 2265 319.
1482 2227 1620 2265 Both.:

160 2303 244 2346 „est
275 2296 478 2348 exsequi“.
525 2297 643 2335 Most.
677 2297 778 2334 693:
816 2297 1002 2346 ..exsequi
1034 2301 1143 2334 certa
1175 2310 1237 2334 res
1270 2300 1340 2343 est,
1373 2301 1416 2333 ut
1441 2293 1621 2334 abeam“.

156 2387 211 2394 —
243 2368 338 2405 926.
370 2367 651 2411 Percontatus,·
688 2365 804 2412 fingit
834 2378 874 2401 se
906 2367 946 2402 in
978 2365 1108 2416 Cypro
1140 2367 1303 2403 amicam
1335 2367 1535 2414 quaesisse.
1569 2384 1623 2390 —-

158 2437 252 2474 928.
286 2435 493 2484 Zacyntho,
533 2448 584 2473 sc.
624 2434 847 2480 oriundum,
887 2448 921 2472 v.
962 2434 1010 2470 ad
1051 2435 1160 2471 Asin.
1203 2435 1297 2471 495.
1331 2453 1386 2458 —
1417 2434 1512 2471 929.
1544 2433 1622 2472 Ro-

154 2506 232 2553 qito
268 2505 374 2542 Pius.
406 2523 461 2530 —·
500 2504 674 2542 aueoeerit
710 2502 891 2551 Seyffert.
947 2502 1086 2540 Philol.
1119 2501 1270 2540 XXVII
1303 2516 1342 2552 p.
1375 2503 1469 2540 434.
1502 2519 1556 2527 —
1587 2503 1622 2540 si

157 2573 424 2612 iowlaudiuerit
473 2571 598 2618 Cam.;
645 2570 794 2621 pendet
849 2584 871 2608 a
923 2571 1043 2609 verbo
1100 2568 1299 2620 „rogito“,
1347 2570 1392 2608 cf.
1442 2570 1491 2607 ad
1536 2569 1622 2608 Mil.

163 2641 280 2680 1201.
345 2642 452 2679 Asin.
501 2642 593 2679 396.
663 2639 765 2677 Men.
818 2640 907 2677 144.
977 2639 1065 2677 Ter.
1113 2638 1236 2676 Andr.
1303 2640 1392 2676 175.
1464 2638 1622 2676 Phorm.

158 2710 252 2748 490.
301 2711 394 2748 553.
443 2711 535 2748 675.
598 2708 655 2746 De
701 2708 836 2746 ordine
884 2708 1092 2746 verborum
1139 2722 1174 2745 v.
1222 2720 1342 2757 supra
1387 2706 1437 2744 ad
1476 2720 1513 2744 v.
1556 2709 1622 2745 36.

158 2798 213 2804 —
245 2780 338 2817 930.
385 2775 582 2828 „naugas“
625 2790 711 2815 cum
749 2775 778 2814 C
816 2775 967 2813 Ritsch.
1009 2775 1151 2825 Opusc.
1183 2775 1233 2813 ΙΙ.
1266 2789 1304 2826 p.
1339 2776 1419 2813 423
1453 2788 1537 2826 sqq.
1569 2794 1625 2800 —

160 2848 254 2886 931.
289 2847 481 2895 Zacynthi
519 2847 672 2897 scripsi,
715 2858 803 2882 nam
842 2844 1039 2882 ablativus
1078 2844 1248 2894 intelligi
1286 2857 1362 2881 non
1393 2848 1537 2894 potest.
1570 2864 1624 2870 —
