1963 3243
124 206 155 252 I,
180 208 210 251 Β,
238 207 413 242 172—188
767 204 961 240 Poenulus.
1529 211 1605 250 135

754 330 981 383 Milphio

1104 402 1268 457 Ecquid
1301 403 1430 445 facies
1462 404 1606 446 modi?

679 497 1053 549 Ayorastocles

128 569 266 613 Sicine
298 583 375 623 ego
407 575 449 611 te
481 582 605 611 orare
636 569 770 610 iussi?

756 670 814 712 M
819 670 952 722 ilphz·
964 683 985 711 o

858 741 1080 792 Quomodo
1113 756 1211 796 ergo
1244 743 1391 785 orem?

682 843 1055 897 Ayorastocles

1439 916 1579 969 Rogas
1592 917 1610 956 ἵ)

128 987 200 1030 Sic
230 988 342 1030 enim
375 988 552 1037 diceres,
586 987 786 1028 sceleste:
820 987 946 1029 buius
978 988 1192 1041 uoluptas.
1226 993 1267 1029 te
1301 987 1491 1030 obsecro.

129 1060 266 1102 Huius
297 1059 399 1110 mel,
431 1059 556 1101 huius
588 1072 681 1108 cor,
713 1059 840 1100 huius
871 1059 1095 1109 labellum,
1128 1059 1254 1100 huius
1286 1059 1452 1112 lingua,
1484 1059 1609 1100 huius

1143 1132 1322 1173 sanium.
1547 1142 1611 1176 385

129 1201 263 1244 Huius
294 1202 460 1253 delicia,
491 1201 620 1243 huius
655 1202 771 1244 salus
803 1216 996 1252 amoena,
1029 1202 1155 1244 huius
1186 1202 1418 1247 festiuitas.

130 1274 267 1316 Huius
298 1274 501 1324 colustra,
535 1273 661 1316 huius
693 1274 933 1316 dulciculus
966 1288 1130 1323 caseus,
1165 1275 1379 1327 mastigia.

130 1344 286 1400 [Huius
318 1360 403 1397 cor,
437 1345 565 1388 huius
599 1345 803 1395 studium,
836 1345 962 1395 huius
993 1347 1173 1394 sauium,
1205 1345 1437 1400 mastigia]

131 1404 285 1461 Omnia
314 1418 401 1469 illa,
433 1432 543 1471 quae
576 1417 747 1459 dicebas
778 1423 867 1468 tua,
900 1433 951 1460 ea
982 1432 1242 1461 memorares
1273 1432 1379 1460 mea.

738 1521 973 1574 Milphio

130 1591 334 1642 Obsecro,
364 1591 508 1634 hercle
539 1598 594 1642 te,
626 1591 827 1646 uoluptas
858 1593 986 1656 huius
1018 1599 1147 1646 atque
1181 1593 1323 1634 odium
1356 1606 1507 1643 meum,
1549 1603 1614 1637 390

130 1663 269 1705 Huius
301 1664 439 1706 amica
470 1665 597 1706 nimis
629 1669 785 1715 amata,
817 1678 912 1706 mea
942 1665 1114 1706 inimica
1145 1670 1187 1706 et
1218 1664 1444 1713 maleuola,

0 1742 7 1772 ῐ
130 1735 290 1778 Oculus
321 1735 459 1786 huius,
491 1736 707 1791 lippitudo
740 1750 845 1783 mea,
876 1736 959 1778 mel
991 1736 1130 1787 huius,
1161 1735 1218 1777 fel
1249 1750 1403 1782 meum,

130 1806 188 1849 Ut
217 1813 264 1849 tu
295 1807 396 1849 huic
426 1811 500 1850 aut
528 1809 642 1850 irata
672 1823 725 1850 ne
757 1809 816 1850 sis
849 1814 936 1858 aut,
969 1809 1003 1849 si
1033 1808 1077 1849 id
1108 1807 1201 1849 fieri
1232 1822 1318 1849 non
1350 1814 1506 1862 potest,

130 1877 286 1933 Capias
317 1880 469 1921 restim
506 1893 555 1922 ac
593 1887 635 1921 te
675 1881 913 1934 suspendas
951 1894 1045 1922 cum
1077 1894 1149 1922 ero
1182 1885 1224 1921 et
1255 1885 1405 1921 nostra
1436 1879 1609 1921 familia.

130 1950 239 1994 Nam
273 1951 375 1993 mihi
405 1952 492 1993 iam
522 1953 651 1993 uideo
683 1958 860 2006 propter
890 1958 932 1994 te
964 1951 1252 1994 uictitandum
1282 1950 1466 2003 sorbilo;
1548 1962 1613 1996 395

129 2022 198 2065 Ita
228 2037 304 2077 ego
335 2025 421 2065 iam
453 2025 580 2078 quasi
612 2029 847 2065 ostreatum
881 2030 1049 2078 tergum
1083 2023 1296 2065 ulceribus
1327 2023 1486 2076 gestito

0 2100 38 2161 ξ·
131 2094 314 2150 Propter
343 2109 536 2138 amorem
565 2100 774 2138 nostrum.

0 1974 18 1994 V
0 1792 21 1944 ·*·swv⁴

0 2010 20 2075 ‘Os

681 2197 1060 2251 Adelphasium

814 2269 989 2316 Amabo,
1023 2283 1118 2310 men
1150 2268 1376 2323 prohibere
1407 2267 1613 2322 postulas,

132 2340 194 2383 Ne
224 2346 267 2383 te
298 2341 510 2384 uerberet.
542 2342 680 2395 magis
709 2355 837 2395 quam
862 2355 914 2382 ne
939 2340 1122 2382 mendax
1148 2341 1214 2381 me
1239 2339 1474 2381 aduorsum
1501 2339 1613 2380 siet?

221 2499 287 2534 382
310 2498 456 2544 quuid
484 2498 512 2533 0
619 2499 684 2533 383
710 2509 835 2533 orares
952 2508 1021 2543 ego
1046 2509 1171 2543 rogem
1198 2498 1232 2532 A
1348 2498 1416 2532 385
1440 2497 1555 2531 salum
1580 2495 1615 2531 Β

131 2554 199 2590 386
222 2565 287 2591 om.
304 2555 332 2591 C
406 2555 522 2590 Huius
548 2555 709 2590 colustra
734 2555 838 2589 huius
864 2554 900 2589 Β
981 2555 1047 2589 387
1072 2564 1137 2589 οιη.
1165 2555 1208 2595 A,
1233 2555 1309 2589 nisi
1331 2553 1427 2598 quod
1450 2555 1616 2588 extremis

130 2613 289 2656 maximi
311 2614 561 2657 superscripta
586 2613 790 2647 dulciculus
816 2622 942 2646 caseus
1093 2612 1159 2646 3-59
1185 2617 1248 2645 tua
1274 2622 1352 2645 esse
1377 2622 1454 2644 eam
1481 2609 1527 2653 B,
1554 2617 1616 2644 tua

133 2677 213 2703 esee
238 2680 280 2702 ea
307 2668 336 2704 G
417 2671 482 2704 391
509 2670 628 2703 amica
651 2669 863 2703 mammiata
961 2668 1028 2702 392
1053 2668 1179 2702 oculos
1272 2667 1462 2711 leppitudo
1550 2668 1615 2702 393

132 2722 218 2760 huic
242 2725 337 2760 irata
454 2727 520 2760 394
545 2737 740 2770 suspensas
766 2735 941 2769 quomero
966 2723 1002 2758 B
1119 2725 1184 2758 396
1209 2723 1337 2767 Itaque
1362 2723 1433 2757 iam
1551 2725 1615 2758 397

132 2781 285 2816 menbra
310 2781 436 2817 hibere
460 2782 496 2817 Β
