1963 3243
129 216 171 261 V,
196 220 228 262 4,
253 218 383 252 78—91
774 217 970 253 Poenulus.
1542 224 1622 264 203

783 343 968 385 Han-no

969 413 1084 456 Satis
1116 416 1203 457 iam
1234 421 1335 458 sunt
1366 424 1620 462 maceratae.

128 486 239 537 Quin
273 486 479 540 eloquar?

682 557 1064 609 Ayorastocles

536 628 607 670 Sic
638 642 794 670 censeo
827 629 969 670 hercle
1001 635 1167 683 patrue.

681 723 1063 775 Adelphasium

1227 795 1389 838 Misera
1420 799 1563 844 timeo,

127 868 240 919 Quid
259 868 339 909 hoc
364 868 421 909 sit
445 867 608 920 negoti,
642 881 737 909 mea
762 881 907 917 soror3
940 868 1002 909 ita
1020 868 1194 922 stupida
1212 870 1303 910 sine
1323 870 1464 912 animo
1484 870 1621 912 adsto.

784 961 967 1003 Hanno

125 1035 355 1077 Aduortite
387 1034 590 1084 animum,
623 1033 836 1076 mulieres.
894 1034 1095 1084 Primum,
1130 1036 1166 1076 si
1197 1035 1239 1076 id
1271 1034 1363 1077 fieri
1396 1042 1554 1089 posset.

127 1107 190 1148 Ne
213 1105 391 1160 indigna
415 1105 604 1160 indignis
629 1106 671 1147 di
699 1106 865 1148 darent.
899 1106 943 1147 id
976 1120 1052 1159 ego
1086 1108 1301 1147 euenisset
1327 1107 1499 1158 uellem3
1538 1121 1624 1153 1250

125 1179 249 1221 Nunc
281 1178 396 1232 quod
430 1178 530 1219 boni
563 1177 666 1219 mihi
700 1178 743 1219 di
776 1177 955 1225 danunt,
990 1179 1114 1219 uobis
1148 1187 1411 1233 nostraeque
1444 1183 1583 1223 matri.

127 1251 212 1293 Eas
244 1250 308 1292 dis
340 1256 407 1292 est
439 1264 626 1304 aequom
657 1251 822 1303 gratias
854 1264 932 1291 nos
964 1264 1091 1303 agere
1125 1252 1425 1304 sempiternas.

127 1322 264 1372 Quom
301 1328 495 1364 nostram
526 1323 736 1376 pietatem
769 1321 1015 1376 adprobant
1056 1322 1349 1376 decorantque
1390 1323 1433 1365 di
1465 1324 1622 1366 inmor-

1148 1395 1271 1436 tales.

126 1466 213 1508 Uos
243 1480 365 1509 meae
399 1467 503 1509 estis
536 1466 689 1508 ambae
724 1466 836 1508 filiae
870 1472 910 1507 et
943 1467 1012 1507 hic
1045 1472 1111 1508 est
1143 1472 1351 1521 cognatus
1382 1473 1541 1517 noster,

130 1539 316 1581 Huiusce
347 1538 494 1580 fratris
526 1538 639 1580 filius
670 1538 992 1591 Agorastocles.

683 1633 1064 1684 Adelphasium

1060 1705 1236 1755 Amabo,
1538 1719 1626 1753 1255

128 1777 241 1819 Num
271 1777 315 1818 hi
347 1777 456 1819 falso
490 1777 710 1819 oblectant
741 1777 899 1830 gaudio
931 1778 1038 1819 nos'?

679 1873 1064 1925 Ayorastoeles

1083 1946 1138 1985 At
1169 1944 1230 1985 ita
1262 1958 1329 1985 me
1361 1944 1403 1985 di
1436 1952 1623 1996 seruent,

130 2015 189 2058 Ut
219 2015 288 2058 hic
321 2022 445 2071 pater
476 2020 541 2057 est
572 2021 731 2058 uoster.
792 2016 903 2058 Date
938 2031 1102 2058 manus.

687 2099 1065 2151 Adelphasium

1088 2171 1216 2213 Salue
1248 2172 1468 2225 insperate
1499 2171 1622 2213 nobis

129 2242 279 2295 Pater3
311 2243 525 2296 conplecti
556 2256 633 2284 nos
666 2243 769 2284 sine.

695 2323 1054 2364 Anterastilis

819 2394 972 2448 Cupite
1005 2401 1135 2449 atque
1169 2399 1418 2448 exspectate

130 2465 269 2516 Pater,
303 2466 445 2517 salue3
479 2467 632 2508 ambae
663 2466 776 2508 filiae
811 2481 980 2518 sumus3
1015 2466 1328 2520 amplectamur
1359 2465 1525 2508 ambae.

222 2626 308 2659 1246
333 2625 473 2659 satisim
498 2623 566 2659 BC
671 2625 756 2658 1247
782 2623 875 2668 Quoi
901 2624 935 2658 A
1040 2623 1100 2658 Sic
1126 2634 1191 2659 om.
1295 2635 1383 2667 ergo
1411 2623 1439 2658 C
1536 2625 1622 2659 1249

128 2681 246 2724 possit
324 2683 413 2716 1250
437 2682 585 2716 euenire
610 2679 679 2715 BC
757 2683 840 2715 1251
870 2680 907 2715 id
931 2680 968 2715 id
994 2687 1109 2715 anunt
1133 2679 1178 2722 Β,
1205 2681 1244 2715 di
1270 2680 1401 2715 danint
1428 2680 1457 2716 Ο
1536 2682 1622 2715 1252

129 2748 247 2783 aequo
272 2737 308 2772 Β
392 2739 478 2772 1256
504 2736 612 2772 Nunc
636 2736 672 2772 B
762 2737 953 2772 obiectant
1042 2749 1100 2771 me
1127 2738 1179 2772 ita
1269 2739 1354 2771 1257
1381 2739 1567 2782 insperato
1596 2737 1625 2772 C

131 2795 218 2829 1258
243 2795 463 2840 ecomplecti
556 2805 665 2828 nosse
690 2794 864 2838 necupite
958 2799 1130 2838 expetate
1155 2793 1191 2829 Β
1239 2814 1242 2816 -
1310 2795 1396 2829 1259
1422 2799 1508 2829 sunt
