1963 3243
355 194 407 233 62
1023 191 1146 226 Plauti
1471 189 1538 232 111,
1567 193 1594 226 1.
1623 191 1800 224 166-1'79

347 316 548 367 Remoue‚
563 316 634 358 abi
651 315 796 358 aufer“
812 333 820 367 3
839 317 1051 357 neminem
1069 329 1217 356 eorum
1231 315 1334 356 haec
1354 315 1613 356 adseuerare
1631 314 1796 356 audias

346 386 429 428 Sed
461 387 705 441 procellunt
737 401 782 429 se
808 392 850 429 et
873 387 1163 441 procumbunt
1188 387 1413 437 dimidiati,
1445 386 1546 427 dum
1573 389 1795 439 appetunt.

915 488 1228 530 Palaestrio

345 560 492 602 Bonus
523 560 632 603 bene
665 566 712 602 ut
743 560 880 602 malos
913 560 1145 613 descripsit
1175 559 1334 601 mores!

832 661 1301 715 Periplecomenus

1359 731 1486 774 Haud
1518 732 1800 774 centesimam

344 806 516 847 Partem
550 806 638 847 dixi
669 810 813 859 atque,
846 805 981 847 otium
1011 805 1075 847 rei
1106 805 1142 846 si
1173 805 1242 855 sit,
1272 818 1450 858 possum
1482 817 1744 858 expromere.

920 906 1229 949 Palaestrio

343 979 481 1032 Igitur
505 979 550 1021 id
575 979 694 1034 quod
719 980 874 1032 agitur,
901 978 1001 1020 huic
1026 979 1086 1020 rei
1112 979 1293 1032 primum
1318 979 1540 1032 praeuorti
1557 976 1715 1031 decet]
1733 989 1800 1023 '765

344 1050 468 1092 Nunc
483 1051 565 1093 hoc
582 1053 771 1093 animum
790 1052 1006 1093 aduortite
1025 1050 1164 1092 ambo.
1212 1050 1317 1092 Mihi
1345 1064 1451 1104 opus
1477 1055 1542 1092 est
1560 1064 1693 1105 opera
1709 1054 1797 1101 tua,

346 1122 713 1176 Periplecomene3
747 1138 845 1164 nam
878 1137 956 1175 ego
989 1124 1134 1164 inueni
1168 1123 1356 1176 lepidam
1388 1111 1728 1176 sycophantiam,

345 1194 427 1245 Qui
459 1195 743 1236 admutiletur
774 1195 896 1236 miles
926 1207 1062 1248 usque
1095 1196 1373 1245 caesariatus,
1404 1199 1536 1248 atque
1567 1195 1631 1236 uti

343 1266 455 1309 Huic
485 1269 651 1309 amanti
682 1263 732 1308 ac
762 1266 1081 1309 Philocomasio
1113 1266 1224 1308 hanc
1257 1266 1500 1308 ecficiamus
1532 1267 1714 1321 copiam,

345 1337 402 1379 Ut
433 1339 502 1380 hic
534 1352 627 1380 eam
660 1339 848 1381 abducat
878 1338 1135 1391 habeatque.
1425 1339 1428 1340 ⁷

843 1440 1302 1494 Periplecomenus

1043 1514 1148 1555 Dari
1178 1515 1319 1556 istanc
1349 1515 1560 1556 rationem
1591 1514 1702 1556 uolo.
1734 1524 1801 1558 770

918 1616 1230 1659 Palaestrio

347 1690 401 1731 At
432 1704 509 1743 ego
543 1689 647 1731 mihi
678 1688 850 1730 anulum
884 1688 977 1730 dari
1010 1690 1155 1730 istunc
1186 1694 1306 1730 tuum
1337 1688 1450 1731 uolo.

833 1791 1310 1844 Periplecomenus

1203 1863 1340 1915 Quam
1372 1863 1428 1905 ad
1458 1876 1548 1905 rem
1576 1864 1677 1905 usui
1708 1864 1799 1904 est?

916 1943 1230 1985 Palaestrio

347 2017 527 2067 Quando
559 2015 741 2066 habebo,
774 2017 906 2069 igitur
930 2017 1142 2058 rationem
1167 2030 1357 2058 mearum
1382 2015 1647 2057 fabricarum
1673 2015 1797 2057 dabo.

832 2118 1303 2173 Periplecomenus

349 2177 492 2229 Utere,
525 2177 687 2230 accipe.

918 2247 1230 2298 Palaestrio

634 2375 637 2377 ,
753 2328 910 2381 Accipe
942 2340 968 2368 a
999 2342 1065 2369 me
1097 2342 1268 2370 rursum
1301 2329 1511 2370 rationem
1544 2327 1645 2377 doli,

349 2404 486 2453 Quam
517 2401 700 2442 institui.

438 2517 500 2549 761
529 2514 648 2548 aufert
673 2511 700 2546 C
799 2511 944 2546 nemine
970 2511 1006 2546 Β
1100 2514 1167 2547 hac
1267 2515 1334 2549 763
1359 2513 1524 2557 decepsit
1548 2511 1594 2555 B,
1621 2512 1799 2557 descipsit

350 2573 379 2608 Ο
479 2571 678 2607 centesima
782 2569 848 2602 ’764
871 2570 1012 2604 resistit
1038 2569 1081 2613 Β,
1117 2572 1188 2605 reis
1218 2572 1299 2606 istit
1324 2570 1353 2605 C
1453 2571 1519 2604 765
1550 2570 1609 2603 hic
1642 2570 1798 2614 primum

449 2630 515 2663 766
541 2629 611 2663 huc
636 2629 671 2663 B
774 2629 840 2662 767
872 2628 1191 2671 Periplectomene
1298 2627 1418 2672 lepide
1524 2627 1590 2660 ’768
1623 2627 1800 2671 milesque

437 2687 503 2718 769
528 2686 795 2729 philocomasiu
876 2685 944 2719 hac
969 2689 1005 2718 et
1030 2684 1191 2719 fitiamus
1220 2685 1249 2720 G
1327 2687 1394 2719 '770
1420 2685 1540 2719 abduc
1564 2684 1618 2717 ita
1643 2684 1798 2727 beatque

348 2743 434 2776 darn,
550 2744 613 2776 771
642 2746 830 2787 quamatre
935 2743 1002 2775 772
1026 2743 1336 2776 rationemearum
1443 2744 1510 2777 7¹73
1535 2743 1639 2778 PLE*
1666 2744 1794 2788 accipe

439 2799 559 2833 rufum
587 2799 615 2833 Ο
