1963 3243
324 184 401 222 336
947 178 1140 213 Mercator.

324 328 378 334 --
411 310 504 348 574.
535 321 620 357 erqo
652 309 874 346 accuratius
904 309 1031 356 priori
1061 310 1265 346 sententiae
1296 308 1473 346 additum
1506 313 1620 345 esset.
1670 307 1773 355 „cm-

320 377 439 426 igitur
468 374 640 414 stamus“
673 377 813 426 inquit,
850 377 906 421 „si
936 377 1039 412 inter
1068 389 1138 414 nos
1169 377 1352 413 convenit
1375 376 1424 413 ad
1450 376 1654 414 macellum
1679 388 1771 413 eun-

321 445 407 482 dem
447 442 581 482 esse?·‘
620 464 664 469 —
712 446 804 482 575.
850 443 1046 482 Garamas
1084 443 1188 481 Cam.
1221 465 1275 469 —
1299 444 1439 491 pulcre
1475 447 1522 482 ut
1559 445 1692 489 simus,
1734 457 1770 480 v,

320 513 369 550 ad
408 512 521 562 Capt.
562 514 655 550 844.
688 532 742 538 -
775 513 854 550 578
885 512 1025 561 incipit
1062 526 1084 549 a
1120 512 1334 561 tribrachy,
1373 515 1483 550 cuius
1519 508 1768 560 „accen-tum“

319 585 552 630 aspernatus
582 581 627 618 R.
666 577 791 624 „iam“
825 579 980 618 addidit
1007 584 1099 630 post
1134 578 1270 629 “ego“‚
1294 593 1432 630 parum
1463 584 1567 630 apte.

433 855 527 892 580.
572 854 671 891 Dum
718 866 830 890 senes
873 853 1091 902 opsonandi
1135 858 1173 890 et
1217 855 1330 902 coqui
1374 852 1618 890 conducendi
1655 866 1771 890 causa

318 923 445 960 forum
477 927 629 972 petunt,
668 921 860 959 Charinus
899 922 1085 967 omnium,
1121 934 1209 971 quae
1240 926 1326 957 acta
1356 924 1467 966 sunt,
1491 922 1662 970 ignarus,
1702 921 1771 958 sed

319 992 435 1028 etiam
473 1004 576 1028 nunc
607 1003 768 1039 sperans
805 989 890 1027 fore
920 993 967 1027 ut
996 991 1110 1026 amici
1141 1001 1266 1039 opera
1297 989 1438 1026 mulier
1469 989 1544 1026 sibi
1576 993 1769 1036 servetur,

318 1061 420 1096 inter
457 1072 566 1108 spem
604 1062 643 1094 et
682 1062 827 1094 metum
866 1071 1091 1108 suspensus,
1131 1070 1218 1094 eum
1255 1059 1368 1094 anxie
1401 1060 1612 1105 exspectat.
1674 1057 1770 1095 Tro·

317 1123 462 1163 chaicis
503 1128 738 1175 septenariis
769 1139 884 1163 scena
914 1129 1063 1176 scripta
1094 1129 1165 1163 est.
1197 1144 1252 1149 —
1285 1125 1377 1163 584.
1409 1125 1575 1162 salutem
1604 1137 1646 1162 se
1677 1127 1768 1162 ami·

318 1196 413 1232 sisse
446 1195 552 1240 dicit,
593 1194 660 1230 sed
692 1206 768 1231 non
801 1207 952 1231 omnem
986 1207 1095 1243 spem
1129 1193 1330 1240 abiecisse,
1363 1207 1406 1230 ac
1437 1195 1596 1240 nescire,
1635 1197 1770 1230 utrum

318 1263 453 1300 redeat
491 1263 596 1300 salus
633 1276 681 1298 an
721 1276 814 1300 non.
844 1282 900 1286 —
934 1263 1026 1300 585.
1065 1263 1254 1308 opprimit,
1294 1263 1502 1310 pervincit,
1534 1274 1569 1298 V.
1602 1261 1652 1298 ad
1683 1261 1768 1299 Mil.

321 1324 440 1369 1203.
472 1351 526 1356 —
561 1332 652 1368 586.
691 1342 770 1368 non
807 1331 899 1368 abiit
934 1331 1066 1378 salus;
1103 1331 1184 1367 haec
1214 1329 1430 1367 Ritschelio
1468 1333 1649 1379 suspecta
1685 1330 1769 1366 sine

317 1413 447 1437 causa.
479 1419 532 1424 —
567 1400 659 1436 587.
694 1402 829 1438 tamen.
862 1400 1012 1436 etiamsi
1041 1399 1191 1448 scripsi,
1224 1399 1249 1435 i.
1282 1411 1314 1435 e.
1347 1403 1480 1434 tamen
1511 1400 1600 1442 etsi,
1621 1397 1668 1434 de
1691 1411 1768 1447 quo

316 1481 351 1505 v.
394 1468 441 1504 ad
481 1468 598 1505 Most.
639 1468 758 1504 1147.
820 1467 865 1505 R.
909 1466 1091 1513 „tandem
1128 1467 1327 1503 tametsi“.
1369 1486 1417 1490 —
1460 1466 1551 1503 588.
1593 1466 1658 1503 illi.
1721 1465 1766 1504 R.

319 1533 403 1584 „ei“
449 1549 581 1572 errore
619 1536 926 1585 typographico,
964 1539 1009 1572 ut
1048 1535 1219 1572 videtur.
1263 1554 1315 1560 —
1358 1536 1450 1572 590.
1490 1536 1571 1572 isne
1608 1533 1667 1570 ed.
1706 1547 1766 1583 pr.

315 1605 458 1642 Hiatur
496 1606 535 1641 in
574 1604 744 1641 diaeresi.
805 1604 900 1641 Mox
930 1616 1066 1640 versus
1108 1616 1154 1639 ex
1196 1603 1382 1640 inferiore
1420 1603 1507 1640 loco
1540 1603 1638 1639 male
1669 1615 1768 1653 prae-

314 1677 447 1722 reptos
479 1673 627 1710 delevit
651 1671 864 1709 Acidalius.
896 1690 951 1696 —
985 1672 1079 1709 591.
1109 1671 1216 1709 Num
1247 1671 1341 1718 quid
1370 1670 1430 1709 ed.
1462 1684 1543 1721 pr.;
1574 1672 1655 1719 spei
1683 1684 1767 1721 ego,

314 1754 383 1778 1100
408 1742 511 1778 0111111
534 1741 648 1778 facile
673 1741 756 1778 haec
780 1753 856 1778 vox
890 1740 1050 1777 auditur
1081 1744 1121 1776 et
1152 1754 1196 1777 eo
1228 1740 1337 1777 ducit
1367 1740 1543 1777 codicum
1573 1741 1770 1790 scriptura
1789 1749 1796 1752 '

317 1814 381 1856 „et
411 1804 487 1856 ei“,
533 1822 605 1858 pro
651 1808 792 1858 quibus
838 1807 943 1845 Cam.
995 1805 1159 1856 ,‚eheu“,
1205 1807 1248 1845 R.
1293 1808 1522 1858 simpliciter
1571 1806 1672 1855 „ei“.
1715 1827 1769 1833 —-

314 1879 556 1925 neutiquam.
596 1890 630 1914 v.
670 1877 719 1913 ad
759 1875 870 1926 Capt.
905 1877 997 1913 581.
1028 1895 1085 1900 -
1117 1877 1210 1914 592.
1245 1877 1343 1913 cedit
1372 1875 1499 1918 Both..
1538 1889 1574 1914 v.
1607 1876 1655 1914 ad
1687 1876 1768 1915 Mil.

315 1947 408 1983 895.
440 1965 494 1970 —
524 1945 671 1988 haereo,
713 1945 808 1994 quid
847 1945 998 1991 faciam,
1040 1945 1182 1990 nescio,
1215 1945 1263 1982 cf.
1298 1946 1389 1982 715.
1425 1945 1516 1982 729.
1548 1945 1596 1982 ad
1627 1945 1766 1994 Amph.

314 2013 408 2052 807.
469 2014 513 2051 R.
554 2018 720 2051 temere:
765 2013 926 2059 „haeret
963 2010 1074 2063 pes“.
1106 2032 1149 2037 —
1199 2015 1362 2060 quassat
1398 2016 1516 2060 caput
1553 2013 1767 2062 Eutychus,

314 2083 360 2119 cf.
393 2082 500 2120 Trin.
539 2083 664 2120 1169:
701 2081 826 2128 „Quid
852 2094 1014 2131 quassas
1037 2082 1183 2130 caput?
1230 2080 1308 2119 CH.
1353 2080 1560 2119 Cruciatur
1583 2095 1651 2119 cor
1673 2081 1767 2119 mihi

313 2156 352 2187 et
383 2148 557 2188 metuo“.

428 2220 521 2256 593.
567 2219 655 2256 Non
697 2216 812 2265 ,,011“,
852 2230 938 2266 quae
976 2217 1211 2254 exclamatio
1249 2216 1482 2255 admirantis
1521 2221 1592 2265 est,
1633 2230 1670 2254 v.
1718 2218 1768 2256 ad

312 2287 428 2325 Most.
463 2288 556 2334 331,
589 2287 816 2336 requiritur,
849 2286 918 2323 sed
933 2285 1016 2331 heu,
1050 2298 1173 2335 eoque
1204 2286 1358 2332 signum
1389 2287 1428 2322 in
1460 2283 1489 2322 C
1511 2287 1767 2336 praepositum

312 2355 432 2393 ducit.
464 2375 520 2380 —
551 2356 643 2394 594.
685 2354 826 2392 Hiatus
857 2354 1057 2403 legitimus
1094 2354 1134 2390 in
1173 2352 1349 2401 diaeresi;
1389 2354 1486 2390 nihil
1523 2353 1766 2392 mutandum.

314 2442 366 2447 -
401 2425 492 2462 595.
525 2424 656 2471 Neque
685 2423 792 2471 apud
819 2425 990 2460 mortuos
1019 2433 1136 2469 neque
1165 2421 1238 2466 hie,
1271 2423 1296 2458 i.
1324 2434 1356 2458 e.
1380 2435 1571 2471 nusquam
1597 2423 1766 2468 omnino,

314 2507 348 2528 v.
393 2493 484 2538 598,
523 2492 590 2529 sed
633 2490 825 2528 Charinus
867 2492 982 2527 aliter
1015 2491 1168 2540 accipit.
1202 2509 1256 2513 —
1287 2488 1563 2535 Inmortalitas,
1597 2490 1644 2527 cf.
1677 2489 1765 2528 Ter.

314 2560 433 2597 Andr.
468 2559 560 2598 960.
601 2578 644 2583 -
681 2560 773 2597 597.
806 2558 1086 2605 Inpetrabilwr,
1120 2559 1186 2608 qui
1212 2558 1334 2606 magis
1358 2556 1504 2594 efficiat
1527 2557 1631 2607 quod
1661 2557 1766 2604 velit,

314 2629 477 2675 felicior,
508 2641 544 2665 v.
577 2627 626 2664 ad
658 2627 776 2664 Most.
814 2628 933 2664 1142.
965 2629 1090 2670 uictas,
1131 2640 1165 2663 v.
1199 2625 1248 2662 ad
1280 2625 1362 2662 Mil.
1400 2626 1518 2662 1314.
1551 2625 1696 2671 nullas,
1728 2639 1764 2663 v.

313 2697 359 2732 al
397 2697 486 2734 168.
523 2715 570 2721 —
605 2695 679 2732 Die
716 2694 820 2732 Cam.
856 2714 905 2719 ——
941 2696 1033 2732 598.
1066 2694 1293 2740 Acherunti,
1326 2707 1360 2730 v.
1396 2693 1443 2730 ad
1467 2694 1608 2744 Amph.
1645 2695 1763 2732 1022.

313 2783 366 2788 —-
402 2765 494 2802 599.
533 2759 685 2801 Vitium
718 2763 865 2800 indicat
894 2763 1023 2800 hiatus
1054 2768 1144 2811 post
1175 2761 1293 2808 modo,
1322 2762 1541 2811 praesertim
1571 2761 1766 2812 producta
