1963 3243
287 195 370 235 282
923 190 1135 226 Pseudolus.

287 340 344 346 —-
378 321 496 359 1238.
539 316 821 368 emortualem,
861 320 924 356 ἇπ.
957 318 1043 369 ein„
1085 331 1161 368 quo
1192 319 1423 365 emoriatur,
1464 319 1576 368 quasi
1608 323 1771 357 mortem

288 388 363 426 sibi
395 389 631 426 consciscere
661 388 768 425 velit.
831 386 888 425 Cf.
920 387 969 424 ad
999 386 1138 424 Bacch.
1173 387 1271 424 843:
1308 382 1627 433 ,‚exanimalem“.

406 457 524 494 1239.
570 455 784 505 Postquam
822 455 948 492 Ballio
994 458 1033 491 et
1070 454 1230 504 Harpax
1274 453 1466 499 abierunt,
1507 453 1612 491 Simo
1643 466 1771 491 secum

288 524 475 573 loquitur.
537 524 570 560 A
600 525 681 561 sine
711 523 921 559 intervallo
945 535 1030 559 cum
1056 521 1374 560 antecedentibus
1399 522 1613 560 continuat.
1674 520 1772 558 Can-

287 592 355 629 tici
384 595 477 630 nota
514 592 554 628 in
594 590 679 628 cod.
712 589 740 627 C
766 589 939 628 additur.
969 608 1025 614 --
1056 586 1183 639 tetiyzss,
1216 590 1261 627 cf.
1294 591 1384 627 l2l.
1418 608 1467 614 --
1506 589 1623 626 1242.
1655 585 1774 627 inme

289 659 481 696 Kochium
512 662 665 696 secutus
696 657 810 703 Lor.;
853 655 1051 706 „inultus“
1087 656 1202 705 Epid.
1238 658 1315 695 328
1349 660 1408 694 est
1438 657 1665 706 impunitus.
1726 655 1772 695 R.
1850 681 1854 684 -

288 727 332 765 ab
361 728 557 764 omiserat.
609 744 656 750 —-
709 726 826 762 1243.
874 721 983 763 ultro
1023 721 1061 762 ei
1091 724 1136 761 R.
1177 744 1232 750 —
1281 726 1398 762 1244.
1446 722 1607 762 doctus&
1637 723 1681 762 R.
1722 742 1771 749 ·-

294 796 410 832 1245.
446 790 586 832 dolum
618 789 857 839 Troia-num,
900 806 977 842 quo
1010 793 1126 829 Troia
1158 796 1274 842 capta
1305 797 1375 840 est,
1410 805 1555 843 equum
1587 792 1771 840 ligneum.

289 863 383 900 Post
414 862 495 899 haec
524 861 657 898 hiatur
688 863 727 898 in
759 861 925 898 diaeresi.
996 856 1160 899 Ulixem
1191 860 1294 898 Cam.
1359 856 1594 898 Pseudolus
1625 860 1685 898 ed.
1713 873 1772 910 pr.

289 951 342 956 —
378 931 481 967 1246
514 931 691 980 spurium
721 928 840 966 habet
871 928 960 966 Lor.

405 999 524 1036 1247.
565 997 797 1045 Pseudolus,
832 998 899 1046 qui
929 1010 964 1034 v.
1003 997 1104 1034 1051
1139 995 1188 1032 ad
1219 997 1459 1042 convivium,
1503 995 1607 1045 apud
1639 995 1772 1034 Chari-

289 1080 380 1104 num
411 1071 522 1116 puto,
555 1065 829 1103 celebrandum
861 1064 1023 1110 abierat,
1056 1065 1162 1101 redit
1192 1063 1333 1109 ebrius,
1367 1067 1411 1101 ut
1441 1077 1527 1101 eum
1558 1064 1678 1114 pedes
1708 1066 1774 1102 vix

287 1135 483 1172 sustinere
514 1135 679 1184 possint.
750 1132 950 1170 Canticum
989 1133 1143 1169 creticis
1183 1131 1263 1168 fere
1303 1133 1473 1169 numeris
1511 1134 1774 1181 conscriptum

289 1207 362 1240 est.
428 1202 645 1240 1247--48
691 1201 911 1238 tetrametri
957 1199 1166 1237 bacchiaei.
1232 1201 1449 1237 1249-50
1495 1203 1588 1239 tetr.
1627 1196 1772 1238 cretici.

293 1272 394 1309 1251
444 1271 671 1307 hexameter
714 1268 956 1306 bacchiacus.
1037 1268 1255 1305 1252—54
1301 1269 1520 1305 tetrametri
1567 1267 1772 1306 bacchiaci.

293 1340 396 1377 1255
439 1351 495 1387 sq.
527 1342 699 1385 systema
736 1336 977 1375 trochaicum
1016 1349 1063 1373 ex
1101 1340 1287 1384 quattuor
1325 1336 1494 1384 dipodiis
1536 1337 1699 1384 integris
1737 1340 1776 1373 et

288 1407 527 1444 catalectica.
593 1405 810 1443 1257-58
850 1403 1000 1441 bacchii
1039 1416 1124 1441 cum
1160 1403 1327 1441 dimetro
1359 1405 1516 1441 cretico.
1581 1405 1685 1442 1262
1718 1404 1774 1441 di·

289 1480 412 1512 meter
453 1473 681 1512 bacchiacus
723 1485 808 1510 curn
847 1472 1152 1522 penthemimere
1193 1472 1371 1509 iambico.
1451 1473 1554 1509 1263
1595 1473 1776 1509 trimeter

292 1543 533 1580 bacchiacus.
606 1541 822 1579 1265-66
864 1540 941 1578 duo
981 1542 1202 1578 tetrametri
1242 1540 1437 1577 bacchiaci
1476 1552 1562 1576 cum
1602 1539 1776 1577 clausula

290 1611 467 1649 iambica.
532 1611 636 1647 1267
679 1608 793 1646 iamb.
827 1608 1005 1645 dimeter.
1071 1609 1175 1645 1268
1217 1610 1380 1645 creticus
1419 1621 1504 1645 cum
1536 1607 1663 1645 tribus
1692 1612 1774 1646 tro·
1812 1638 1820 1641 .
1894 1639 1898 1642 .

289 1679 418 1716 chaeis.
484 1679 587 1716 1269
626 1677 848 1715 trochaicus
886 1677 1120 1714 octonarius.
1186 1676 1403 1713 1270-72
1442 1676 1519 1713 duo
1556 1677 1776 1714 tetrametri

290 1747 486 1784 bacchiaci
525 1759 609 1783 cum
649 1745 823 1782 clausula
860 1744 1038 1781 iambica.
1121 1744 1223 1781 1273
1258 1748 1296 1780 et
1327 1745 1378 1780 74
1418 1747 1599 1781 constant
1638 1757 1684 1781 ex
1715 1743 1773 1781 di-

289 1818 416 1852 metro
455 1813 662 1851 bacchiaco
701 1817 739 1850 et
778 1812 1080 1862 penthemimere
1126 1811 1300 1849 iambico.
1382 1813 1484 1849 1275
1535 1815 1684 1849 constat
1728 1824 1776 1849 ex

290 1883 441 1920 duobus
459 1882 629 1919 bacchiis
647 1886 686 1918 et
702 1881 865 1930 reliquis
883 1881 1102 1930 anapaestis.
1157 1880 1259 1917 1276
1277 1883 1421 1928 septem
1447 1879 1618 1917 trochaei.
1670 1881 1773 1917 1277
1829 1888 1832 1891 “

287 1955 442 1988 tetram.
477 1950 719 1987 bacchiacus.
800 1949 904 1986 1278
947 1948 1111 1984 dimeter
1146 1949 1345 1985 iambicus,
1426 1948 1529 1985 1279
1563 1947 1654 1984 dim.
1687 1946 1773 1984 bac·

289 2020 443 2057 chineus
485 2031 567 2055 cum
609 2017 917 2066 penthemimere
958 2017 1133 2054 iambico.
1201 2016 1304 2052 1280
1337 2016 1516 2052 trimeter
1547 2015 1774 2052 bacchiacus

288 2100 374 2124 cum
407 2086 562 2135 dactylo
596 2088 635 2122 et
665 2084 846 2122 trochaeo.
914 2085 1015 2121 1281
1051 2083 1174 2121 troch.
1202 2084 1460 2133 septenarius.
1526 2083 1630 2120 1282
1655 2086 1694 2120 et
1721 2083 1771 2120 83

289 2157 471 2191 constant
502 2166 548 2190 ex
578 2153 751 2202 repetito
788 2152 1093 2201 penthemimere
1124 2151 1335 2188 trochaico.
1402 2151 1617 2189 1284-85
1650 2153 1773 2187 tetra-

287 2223 407 2259 metri
437 2221 647 2260 bacchiaci.
714 2221 930 2258 1286-87
963 2220 1153 2258 octonarii
1183 2218 1385 2256 trochaici.

407 2290 523 2327 1247.
561 2288 777 2326 Pseudolus
809 2289 1034 2338 expostulat
1066 2301 1149 2325 cum
1182 2287 1349 2337 pedibus
1380 2288 1471 2323 suis.
1535 2281 1674 2324 Sicine
1701 2281 1773 2323 hoc

287 2353 365 2406 stt?
396 2358 441 2395 cf.
468 2358 577 2394 Asin.
600 2357 689 2394 126.
723 2375 778 2380 -
814 2357 930 2394 1248.
964 2352 1090 2393 uoltis
1119 2355 1176 2402 ut,
1211 2356 1256 2392 cf.
1286 2356 1456 2404 Langen.
1484 2353 1602 2391 Beitr.
1621 2367 1658 2403 p.
1679 2353 1769 2391 326.

292 2445 339 2451 -
373 2422 572 2463 iacentem
604 2425 649 2465 D,
684 2424 742 2461 ed.
776 2437 846 2474 pr,
881 2424 928 2461 cf.
954 2423 1070 2461 Most.
1094 2424 1186 2461 322.
1215 2443 1269 2447 —
1306 2423 1408 2460 1249
1441 2435 1498 2471 sq.
1530 2421 1573 2458 In
1605 2424 1772 2470 utroque

288 2506 403 2530 versu
434 2493 596 2530 ultimus
628 2505 697 2540 pes
729 2491 974 2529 choriambus
1007 2497 1077 2529 est.
1142 2487 1332 2540 Peryitz'n
1359 2498 1540 2539 pavere,
1574 2488 1619 2525 cf.
1653 2487 1769 2525 Poen.

288 2562 384 2598 431.
436 2560 523 2597 Aul.
569 2561 644 2597 174
691 2573 720 2596 c.
761 2563 841 2597 not.
889 2579 943 2585 —-
989 2555 1281 2604 saeuiundum,
1330 2560 1400 2598 ira.
1447 2556 1492 2594 cf.
1527 2555 1640 2605 Epid.
1675 2555 1768 2592 656.

288 2628 373 2665 Cas.
407 2629 499 2666 618.
554 2628 641 2664 Ter.
675 2628 796 2665 Andr.
831 2628 922 2665 868.
978 2627 1126 2672 Herm.,
1160 2627 1204 2664 R..
1238 2626 1334 2662 male
1370 2621 1684 2667 ..seruiendum“.
1717 2640 1772 2647 -—

293 2696 393 2732 1251
443 2695 554 2733 affert
602 2695 739 2732 Donat..
787 2695 835 2732 ad
880 2694 968 2732 Ter.
1009 2693 1106 2732 Eun.
1140 2696 1177 2740 4,
1219 2696 1255 2737 5,
1301 2695 1314 2730 1
1364 2689 1536 2742 ..primo“
1585 2689 1767 2728 scribens.

287 2761 387 2808 Quia
417 2763 564 2800 ebrium
597 2764 715 2812 pedes
748 2763 985 2808 destituunt,
1032 2764 1162 2799 vinum
1205 2764 1404 2809 comparat
1443 2772 1528 2796 cum
1568 2759 1767 2802 luctatore,
