<?xml version="1.0" encoding="UTF-8"?>
<!DOCTYPE html PUBLIC "-//W3C//DTD XHTML 1.0 Transitional//EN"
    "http://www.w3.org/TR/xhtml1/DTD/xhtml1-transitional.dtd">
<html xmlns="http://www.w3.org/1999/xhtml" xml:lang="en" lang="en">
 <head>
  <title>
</title>
<meta http-equiv="Content-Type" content="text/html;charset=utf-8" />
  <meta name='ocr-system' content='tesseract 3.04.00' />
  <meta name='ocr-capabilities' content='ocr_page ocr_carea ocr_par ocr_line ocrx_word'/>
</head>
<body>
  <div class='ocr_page' id='page_1' title='image "./comoediaerecensu04plauuoft_0141.png"; bbox 0 0 1963 3243; ppageno 0'>
   <div class='ocr_carea' id='block_1_1' title="bbox 160 166 980 212">
    <p class='ocr_par' dir='ltr' id='par_1_1' title="bbox 160 166 980 212">
     <span class='ocr_line' id='line_1_1' title="bbox 160 166 980 212; baseline -0.001 -10"><span class='ocrx_word' id='word_1_1' title='bbox 160 168 191 212; x_wconf 82' lang='grc' dir='ltr'>Ι,</span> <span class='ocrx_word' id='word_1_2' title='bbox 219 169 246 211; x_wconf 88' lang='lat'>1,</span> <span class='ocrx_word' id='word_1_3' title='bbox 271 168 405 202; x_wconf 78' lang='lat'>43—66</span> <span class='ocrx_word' id='word_1_4' title='bbox 783 166 980 201; x_wconf 85' lang='lat' dir='ltr'>Mercator.</span> 
     </span>
    </p>
   </div>
   <div class='ocr_carea' id='block_1_2' title="bbox 146 292 1427 2013">
    <p class='ocr_par' dir='ltr' id='par_1_2' title="bbox 160 292 1269 420">
     <span class='ocr_line' id='line_1_2' title="bbox 165 292 1269 346; baseline -0.003 -10"><span class='ocrx_word' id='word_1_5' title='bbox 165 295 243 336; x_wconf 87' lang='lat' dir='ltr'>Res</span> <span class='ocrx_word' id='word_1_6' title='bbox 273 293 514 336; x_wconf 82' lang='lat' dir='ltr'>exsulatum</span> <span class='ocrx_word' id='word_1_7' title='bbox 545 293 598 334; x_wconf 80' lang='lat' dir='ltr'>ad</span> <span class='ocrx_word' id='word_1_8' title='bbox 632 292 749 333; x_wconf 81' lang='lat' dir='ltr'>illam</span> <span class='ocrx_word' id='word_1_9' title='bbox 783 292 891 333; x_wconf 80' lang='lat' dir='ltr'>clam</span> <span class='ocrx_word' id='word_1_10' title='bbox 925 292 1076 333; x_wconf 78' lang='lat' dir='ltr'>abibat</span> <span class='ocrx_word' id='word_1_11' title='bbox 1108 293 1269 346; x_wconf 74' lang='lat' dir='ltr'>patris3</span> 
     </span>
     <span class='ocr_line' id='line_1_3' title="bbox 160 364 1170 420; baseline -0.005 -10"><span class='ocrx_word' id='word_1_12' title='bbox 160 367 274 410; x_wconf 87' lang='lat' dir='ltr'>Leno</span> <span class='ocrx_word' id='word_1_13' title='bbox 306 366 580 420; x_wconf 88' lang='lat' dir='ltr'>inportunus,</span> <span class='ocrx_word' id='word_1_14' title='bbox 614 364 810 406; x_wconf 87' lang='lat' dir='ltr'>dominus</span> <span class='ocrx_word' id='word_1_15' title='bbox 841 365 932 405; x_wconf 88' lang='lat' dir='ltr'>eius</span> <span class='ocrx_word' id='word_1_16' title='bbox 967 364 1170 413; x_wconf 84' lang='lat' dir='ltr'>mulieris,</span> 
     </span>
    </p>

    <p class='ocr_par' dir='ltr' id='par_1_3' title="bbox 161 436 1387 563">
     <span class='ocr_line' id='line_1_4' title="bbox 162 436 1387 491; baseline -0.002 -11"><span class='ocrx_word' id='word_1_17' title='bbox 162 438 210 481; x_wconf 89' lang='lat' dir='ltr'>Ui</span> <span class='ocrx_word' id='word_1_18' title='bbox 242 452 419 486; x_wconf 80' lang='lat' dir='ltr'>sumina,</span> <span class='ocrx_word' id='word_1_19' title='bbox 451 442 497 478; x_wconf 92' lang='lat' dir='ltr'>ut</span> <span class='ocrx_word' id='word_1_20' title='bbox 529 436 719 491; x_wconf 86' lang='lat' dir='ltr'>quidque</span> <span class='ocrx_word' id='word_1_21' title='bbox 754 442 938 489; x_wconf 63' lang='lat' dir='ltr'>poti-rat..</span> <span class='ocrx_word' id='word_1_22' title='bbox 972 436 1169 489; x_wconf 78' lang='lat' dir='ltr'>rapiebat</span> <span class='ocrx_word' id='word_1_23' title='bbox 1200 436 1387 478; x_wconf 89' lang='lat' dir='ltr'>domum.</span> 
     </span>
     <span class='ocr_line' id='line_1_5' title="bbox 161 509 1097 563; baseline -0.003 -11"><span class='ocrx_word' id='word_1_24' title='bbox 161 510 411 561; x_wconf 76' lang='lat' dir='ltr'>Obiurigare</span> <span class='ocrx_word' id='word_1_25' title='bbox 445 515 568 563; x_wconf 83' lang='lat' dir='ltr'>pater</span> <span class='ocrx_word' id='word_1_26' title='bbox 599 509 707 550; x_wconf 86' lang='lat' dir='ltr'>haec</span> <span class='ocrx_word' id='word_1_27' title='bbox 738 514 886 550; x_wconf 87' lang='lat' dir='ltr'>noctes</span> <span class='ocrx_word' id='word_1_28' title='bbox 919 515 961 550; x_wconf 82' lang='lat' dir='ltr'>et</span> <span class='ocrx_word' id='word_1_29' title='bbox 992 509 1097 558; x_wconf 88' lang='lat' dir='ltr'>dies,</span> 
     </span>
    </p>

    <p class='ocr_par' dir='ltr' id='par_1_4' title="bbox 158 581 1427 924">
     <span class='ocr_line' id='line_1_6' title="bbox 160 581 1226 635; baseline -0.003 -10"><span class='ocrx_word' id='word_1_30' title='bbox 160 582 398 632; x_wconf 81' lang='lat' dir='ltr'>Perfidiam,</span> <span class='ocrx_word' id='word_1_31' title='bbox 430 582 688 623; x_wconf 83' lang='lat' dir='ltr'>iniustitiam</span> <span class='ocrx_word' id='word_1_32' title='bbox 721 581 919 624; x_wconf 88' lang='lat' dir='ltr'>lenonum</span> <span class='ocrx_word' id='word_1_33' title='bbox 953 596 1226 635; x_wconf 83' lang='lat' dir='ltr'>expromere:</span> 
     </span>
     <span class='ocr_line' id='line_1_7' title="bbox 160 654 1214 708; baseline -0.002 -11"><span class='ocrx_word' id='word_1_34' title='bbox 160 655 360 697; x_wconf 80' lang='lat' dir='ltr'><strong>Lacerari</strong></span> <span class='ocrx_word' id='word_1_35' title='bbox 391 654 535 696; x_wconf 91' lang='lat' dir='ltr'>ualide</span> <span class='ocrx_word' id='word_1_36' title='bbox 568 667 688 695; x_wconf 90' lang='lat' dir='ltr'>suam</span> <span class='ocrx_word' id='word_1_37' title='bbox 720 668 825 704; x_wconf 88' lang='lat' dir='ltr'>rem,</span> <span class='ocrx_word' id='word_1_38' title='bbox 857 654 973 696; x_wconf 91' lang='lat' dir='ltr'>illius</span> <span class='ocrx_word' id='word_1_39' title='bbox 1005 655 1214 708; x_wconf 87' lang='lat' dir='ltr'>augerier.</span> 
     </span>
     <span class='ocr_line' id='line_1_8' title="bbox 159 726 1427 781; baseline -0.001 -12"><span class='ocrx_word' id='word_1_40' title='bbox 159 726 332 769; x_wconf 89' lang='lat' dir='ltr'>Summo</span> <span class='ocrx_word' id='word_1_41' title='bbox 366 726 472 768; x_wconf 86' lang='lat' dir='ltr'>haec</span> <span class='ocrx_word' id='word_1_42' title='bbox 503 726 712 777; x_wconf 80' lang='lat' dir='ltr'>clamore3</span> <span class='ocrx_word' id='word_1_43' title='bbox 744 726 963 767; x_wconf 88' lang='lat' dir='ltr'>interdum</span> <span class='ocrx_word' id='word_1_44' title='bbox 996 740 1193 768; x_wconf 72' lang='lat' dir='ltr'>mussans</span> <span class='ocrx_word' id='word_1_45' title='bbox 1225 727 1427 781; x_wconf 86' lang='lat' dir='ltr'>conloqui</span> 
     </span>
     <span class='ocr_line' id='line_1_9' title="bbox 158 798 1186 851; baseline 0 -10"><span class='ocrx_word' id='word_1_46' title='bbox 158 799 366 849; x_wconf 83' lang='lat' dir='ltr'>Abnuere,</span> <span class='ocrx_word' id='word_1_47' title='bbox 398 799 591 851; x_wconf 84' lang='lat' dir='ltr'>negitare</span> <span class='ocrx_word' id='word_1_48' title='bbox 625 798 734 840; x_wconf 92' lang='lat' dir='ltr'>adeo</span> <span class='ocrx_word' id='word_1_49' title='bbox 767 813 832 840; x_wconf 92' lang='lat' dir='ltr'>me</span> <span class='ocrx_word' id='word_1_50' title='bbox 866 806 1014 840; x_wconf 88' lang='lat' dir='ltr'>natum</span> <span class='ocrx_word' id='word_1_51' title='bbox 1047 814 1186 841; x_wconf 85' lang='lat' dir='ltr'>suum.</span> 
     </span>
     <span class='ocr_line' id='line_1_10' title="bbox 158 870 1099 924; baseline 0 -11"><span class='ocrx_word' id='word_1_52' title='bbox 158 870 471 914; x_wconf 89' lang='lat' dir='ltr'>Conclamitare</span> <span class='ocrx_word' id='word_1_53' title='bbox 503 876 597 912; x_wconf 88' lang='lat' dir='ltr'>tota</span> <span class='ocrx_word' id='word_1_54' title='bbox 627 871 732 912; x_wconf 92' lang='lat' dir='ltr'>urbe</span> <span class='ocrx_word' id='word_1_55' title='bbox 764 876 807 912; x_wconf 93' lang='lat' dir='ltr'>et</span> <span class='ocrx_word' id='word_1_56' title='bbox 838 871 1099 924; x_wconf 83' lang='lat' dir='ltr'>praedicere,</span> 
     </span>
    </p>

    <p class='ocr_par' dir='ltr' id='par_1_5' title="bbox 157 943 1051 986">
     <span class='ocr_line' id='line_1_11' title="bbox 157 943 1051 986; baseline -0.002 0"><span class='ocrx_word' id='word_1_57' title='bbox 157 943 311 986; x_wconf 86' lang='lat' dir='ltr'>Omnes</span> <span class='ocrx_word' id='word_1_58' title='bbox 343 949 548 985; x_wconf 85' lang='lat' dir='ltr'>canerent</span> <span class='ocrx_word' id='word_1_59' title='bbox 579 943 831 985; x_wconf 81' lang='lat' dir='ltr'>mutuitanti</span> <span class='ocrx_word' id='word_1_60' title='bbox 864 943 1051 986; x_wconf 89' lang='lat' dir='ltr'>credere.</span> 
     </span>
    </p>

    <p class='ocr_par' dir='ltr' id='par_1_6' title="bbox 154 1015 1396 1360">
     <span class='ocr_line' id='line_1_12' title="bbox 156 1015 1119 1070; baseline 0 -13"><span class='ocrx_word' id='word_1_61' title='bbox 156 1017 353 1057; x_wconf 78' lang='lat' dir='ltr'>Amorem</span> <span class='ocrx_word' id='word_1_62' title='bbox 385 1015 545 1057; x_wconf 91' lang='lat' dir='ltr'>multos</span> <span class='ocrx_word' id='word_1_63' title='bbox 576 1015 716 1057; x_wconf 82' lang='lat' dir='ltr'>inlexe</span> <span class='ocrx_word' id='word_1_64' title='bbox 747 1016 790 1057; x_wconf 91' lang='lat' dir='ltr'>in</span> <span class='ocrx_word' id='word_1_65' title='bbox 823 1016 1119 1070; x_wconf 90' lang='lat' dir='ltr'>dispendium;</span> 
     </span>
     <span class='ocr_line' id='line_1_13' title="bbox 155 1087 1172 1142; baseline 0 -13"><span class='ocrx_word' id='word_1_66' title='bbox 155 1087 531 1142; x_wconf 87' lang='lat' dir='ltr'>Intemperantem‚</span> <span class='ocrx_word' id='word_1_67' title='bbox 563 1102 648 1130; x_wconf 89' lang='lat' dir='ltr'>non</span> <span class='ocrx_word' id='word_1_68' title='bbox 680 1088 936 1140; x_wconf 93' lang='lat' dir='ltr'>modestum,</span> <span class='ocrx_word' id='word_1_69' title='bbox 968 1089 1172 1130; x_wconf 91' lang='lat' dir='ltr'>iniurium</span> 
     </span>
     <span class='ocr_line' id='line_1_14' title="bbox 155 1159 1396 1215; baseline 0 -13"><span class='ocrx_word' id='word_1_70' title='bbox 155 1160 356 1211; x_wconf 79' lang='lat' dir='ltr'>Trahere,</span> <span class='ocrx_word' id='word_1_71' title='bbox 388 1159 612 1202; x_wconf 74' lang='lat' dir='ltr'>exhaurire</span> <span class='ocrx_word' id='word_1_72' title='bbox 644 1174 711 1202; x_wconf 91' lang='lat' dir='ltr'>me</span> <span class='ocrx_word' id='word_1_73' title='bbox 744 1160 858 1214; x_wconf 90' lang='lat' dir='ltr'>quod</span> <span class='ocrx_word' id='word_1_74' title='bbox 892 1162 1058 1215; x_wconf 87' lang='lat' dir='ltr'>quirem</span> <span class='ocrx_word' id='word_1_75' title='bbox 1091 1160 1145 1202; x_wconf 91' lang='lat' dir='ltr'>ab</span> <span class='ocrx_word' id='word_1_76' title='bbox 1178 1174 1222 1202; x_wconf 90' lang='lat' dir='ltr'>se</span> <span class='ocrx_word' id='word_1_77' title='bbox 1256 1161 1396 1203; x_wconf 88' lang='lat' dir='ltr'>domo.</span> 
     </span>
     <span class='ocr_line' id='line_1_15' title="bbox 155 1233 1330 1288; baseline 0 -14"><span class='ocrx_word' id='word_1_78' title='bbox 155 1233 334 1275; x_wconf 84' lang='lat' dir='ltr'>Ratione</span> <span class='ocrx_word' id='word_1_79' title='bbox 368 1247 571 1287; x_wconf 87' lang='lat' dir='ltr'>pessuma</span> <span class='ocrx_word' id='word_1_80' title='bbox 602 1247 627 1274; x_wconf 85' lang='lat' dir='ltr'>a</span> <span class='ocrx_word' id='word_1_81' title='bbox 658 1247 725 1275; x_wconf 93' lang='lat' dir='ltr'>me</span> <span class='ocrx_word' id='word_1_82' title='bbox 757 1247 819 1284; x_wconf 89' lang='lat' dir='ltr'>ea,</span> <span class='ocrx_word' id='word_1_83' title='bbox 853 1248 966 1288; x_wconf 89' lang='lat' dir='ltr'>quae</span> <span class='ocrx_word' id='word_1_84' title='bbox 998 1234 1118 1288; x_wconf 92' lang='lat' dir='ltr'>ipsus</span> <span class='ocrx_word' id='word_1_85' title='bbox 1150 1238 1330 1287; x_wconf 84' lang='lat' dir='ltr'>optuma</span> 
     </span>
     <span class='ocr_line' id='line_1_16' title="bbox 154 1304 1037 1360; baseline 0.002 -14"><span class='ocrx_word' id='word_1_86' title='bbox 154 1304 301 1347; x_wconf 88' lang='lat' dir='ltr'>Omnis</span> <span class='ocrx_word' id='word_1_87' title='bbox 332 1305 504 1347; x_wconf 90' lang='lat' dir='ltr'>labores</span> <span class='ocrx_word' id='word_1_88' title='bbox 536 1306 775 1347; x_wconf 87' lang='lat' dir='ltr'>inuenisset</span> <span class='ocrx_word' id='word_1_89' title='bbox 805 1306 1037 1360; x_wconf 86' lang='lat' dir='ltr'>perferens,</span> 
     </span>
    </p>

    <p class='ocr_par' dir='ltr' id='par_1_7' title="bbox 153 1375 967 1420">
     <span class='ocr_line' id='line_1_17' title="bbox 153 1375 967 1420; baseline -0.001 -2"><span class='ocrx_word' id='word_1_90' title='bbox 153 1375 326 1419; x_wconf 84' lang='lat' dir='ltr'>Amoris</span> <span class='ocrx_word' id='word_1_91' title='bbox 357 1378 401 1419; x_wconf 95' lang='lat' dir='ltr'>ui</span> <span class='ocrx_word' id='word_1_92' title='bbox 433 1376 704 1419; x_wconf 87' lang='lat' dir='ltr'>diffunditari</span> <span class='ocrx_word' id='word_1_93' title='bbox 736 1392 786 1420; x_wconf 90' lang='lat' dir='ltr'>ac</span> <span class='ocrx_word' id='word_1_94' title='bbox 818 1378 967 1420; x_wconf 91' lang='lat' dir='ltr'>didier.</span> 
     </span>
    </p>

    <p class='ocr_par' dir='ltr' id='par_1_8' title="bbox 155 1447 1192 1505">
     <span class='ocr_line' id='line_1_18' title="bbox 155 1447 1192 1505; baseline 0.001 -14"><span class='ocrx_word' id='word_1_95' title='bbox 155 1447 403 1491; x_wconf 89' lang='lat' dir='ltr'>Conuicium</span> <span class='ocrx_word' id='word_1_96' title='bbox 434 1455 502 1492; x_wconf 89' lang='lat' dir='ltr'>tot</span> <span class='ocrx_word' id='word_1_97' title='bbox 532 1464 599 1492; x_wconf 93' lang='lat' dir='ltr'>me</span> <span class='ocrx_word' id='word_1_98' title='bbox 632 1464 766 1493; x_wconf 90' lang='lat' dir='ltr'>annos</span> <span class='ocrx_word' id='word_1_99' title='bbox 798 1451 884 1492; x_wconf 87' lang='lat' dir='ltr'>iam</span> <span class='ocrx_word' id='word_1_100' title='bbox 916 1465 961 1493; x_wconf 91' lang='lat' dir='ltr'>se</span> <span class='ocrx_word' id='word_1_101' title='bbox 993 1464 1192 1505; x_wconf 82' lang='lat' dir='ltr'>pascere3</span> 
     </span>
    </p>

    <p class='ocr_par' dir='ltr' id='par_1_9' title="bbox 153 1520 1095 1576">
     <span class='ocr_line' id='line_1_19' title="bbox 153 1520 1095 1576; baseline 0.002 -13"><span class='ocrx_word' id='word_1_102' title='bbox 153 1520 275 1572; x_wconf 88' lang='lat' dir='ltr'>Quod</span> <span class='ocrx_word' id='word_1_103' title='bbox 306 1523 388 1564; x_wconf 89' lang='lat' dir='ltr'>nisi</span> <span class='ocrx_word' id='word_1_104' title='bbox 420 1522 614 1576; x_wconf 83' lang='lat' dir='ltr'>puderet,</span> <span class='ocrx_word' id='word_1_105' title='bbox 646 1538 700 1565; x_wconf 91' lang='lat' dir='ltr'>ne</span> <span class='ocrx_word' id='word_1_106' title='bbox 732 1523 902 1566; x_wconf 89' lang='lat' dir='ltr'>luberet</span> <span class='ocrx_word' id='word_1_107' title='bbox 931 1525 1095 1565; x_wconf 91' lang='lat' dir='ltr'>uiuere.</span> 
     </span>
    </p>

    <p class='ocr_par' dir='ltr' id='par_1_10' title="bbox 150 1593 1350 1795">
     <span class='ocr_line' id='line_1_20' title="bbox 152 1593 1350 1650; baseline 0 -14"><span class='ocrx_word' id='word_1_108' title='bbox 152 1593 266 1644; x_wconf 90' lang='lat' dir='ltr'>Sese,</span> <span class='ocrx_word' id='word_1_109' title='bbox 298 1595 513 1650; x_wconf 86' lang='lat' dir='ltr'>extemplo</span> <span class='ocrx_word' id='word_1_110' title='bbox 546 1610 595 1636; x_wconf 80' lang='lat' dir='ltr'>ex</span> <span class='ocrx_word' id='word_1_111' title='bbox 628 1595 806 1650; x_wconf 89' lang='lat' dir='ltr'>ephebis</span> <span class='ocrx_word' id='word_1_112' title='bbox 838 1602 1071 1650; x_wconf 86' lang='lat' dir='ltr'>postquam</span> <span class='ocrx_word' id='word_1_113' title='bbox 1104 1596 1350 1643; x_wconf 79' lang='lat' dir='ltr'>excesserit,</span> 
     </span>
     <span class='ocr_line' id='line_1_21' title="bbox 150 1666 1194 1722; baseline 0.002 -14"><span class='ocrx_word' id='word_1_114' title='bbox 150 1666 242 1708; x_wconf 87' lang='lat' dir='ltr'>Non</span> <span class='ocrx_word' id='word_1_115' title='bbox 274 1673 322 1709; x_wconf 92' lang='lat' dir='ltr'>ut</span> <span class='ocrx_word' id='word_1_116' title='bbox 353 1682 431 1722; x_wconf 87' lang='lat' dir='ltr'>ego</span> <span class='ocrx_word' id='word_1_117' title='bbox 463 1669 596 1710; x_wconf 83' lang='lat' dir='ltr'>amori</span> <span class='ocrx_word' id='word_1_118' title='bbox 630 1682 770 1722; x_wconf 91' lang='lat' dir='ltr'>neque</span> <span class='ocrx_word' id='word_1_119' title='bbox 804 1667 996 1710; x_wconf 88' lang='lat' dir='ltr'>desidiae</span> <span class='ocrx_word' id='word_1_120' title='bbox 1028 1670 1071 1710; x_wconf 91' lang='lat' dir='ltr'>in</span> <span class='ocrx_word' id='word_1_121' title='bbox 1105 1669 1194 1711; x_wconf 90' lang='lat' dir='ltr'>otio</span> 
     </span>
     <span class='ocr_line' id='line_1_22' title="bbox 150 1737 1128 1795; baseline 0.002 -15"><span class='ocrx_word' id='word_1_122' title='bbox 150 1737 332 1794; x_wconf 87' lang='lat' dir='ltr'>Operam</span> <span class='ocrx_word' id='word_1_123' title='bbox 365 1740 549 1792; x_wconf 89' lang='lat' dir='ltr'>dedisse,</span> <span class='ocrx_word' id='word_1_124' title='bbox 580 1755 720 1795; x_wconf 89' lang='lat' dir='ltr'>neque</span> <span class='ocrx_word' id='word_1_125' title='bbox 751 1746 1014 1795; x_wconf 86' lang='lat' dir='ltr'>potestatem</span> <span class='ocrx_word' id='word_1_126' title='bbox 1045 1741 1128 1783; x_wconf 92' lang='lat' dir='ltr'>sibi</span> 
     </span>
    </p>

    <p class='ocr_par' dir='ltr' id='par_1_11' title="bbox 146 1810 1318 2013">
     <span class='ocr_line' id='line_1_23' title="bbox 149 1810 1292 1868; baseline 0.002 -15"><span class='ocrx_word' id='word_1_127' title='bbox 149 1810 319 1864; x_wconf 82' lang='lat' dir='ltr'>Fuisse3</span> <span class='ocrx_word' id='word_1_128' title='bbox 351 1813 458 1855; x_wconf 88' lang='lat' dir='ltr'>adeo</span> <span class='ocrx_word' id='word_1_129' title='bbox 489 1819 584 1855; x_wconf 88' lang='lat' dir='ltr'>arte</span> <span class='ocrx_word' id='word_1_130' title='bbox 618 1814 856 1856; x_wconf 90' lang='lat' dir='ltr'>cohibitum</span> <span class='ocrx_word' id='word_1_131' title='bbox 889 1828 982 1856; x_wconf 91' lang='lat' dir='ltr'>esse</span> <span class='ocrx_word' id='word_1_132' title='bbox 1013 1827 1057 1855; x_wconf 81' lang='lat' dir='ltr'>se</span> <span class='ocrx_word' id='word_1_133' title='bbox 1088 1828 1114 1855; x_wconf 90' lang='lat' dir='ltr'>a</span> <span class='ocrx_word' id='word_1_134' title='bbox 1145 1819 1292 1868; x_wconf 82' lang='lat' dir='ltr'>patre3</span> 
     </span>
     <span class='ocr_line' id='line_1_24' title="bbox 149 1883 1235 1940; baseline 0.002 -15"><span class='ocrx_word' id='word_1_135' title='bbox 149 1883 284 1926; x_wconf 86' lang='lat' dir='ltr'>Multo</span> <span class='ocrx_word' id='word_1_136' title='bbox 316 1900 444 1940; x_wconf 88' lang='lat' dir='ltr'>opere</span> <span class='ocrx_word' id='word_1_137' title='bbox 475 1886 681 1927; x_wconf 89' lang='lat' dir='ltr'>inmundo</span> <span class='ocrx_word' id='word_1_138' title='bbox 713 1887 877 1928; x_wconf 90' lang='lat' dir='ltr'>rustico</span> <span class='ocrx_word' id='word_1_139' title='bbox 910 1901 954 1928; x_wconf 89' lang='lat' dir='ltr'>se</span> <span class='ocrx_word' id='word_1_140' title='bbox 987 1887 1235 1936; x_wconf 84' lang='lat' dir='ltr'>exercitum,</span> 
     </span>
     <span class='ocr_line' id='line_1_25' title="bbox 146 1955 1318 2013; baseline 0.002 -16"><span class='ocrx_word' id='word_1_141' title='bbox 146 1955 294 2011; x_wconf 90' lang='lat' dir='ltr'>Neque</span> <span class='ocrx_word' id='word_1_142' title='bbox 324 1959 406 2000; x_wconf 91' lang='lat' dir='ltr'>nisi</span> <span class='ocrx_word' id='word_1_143' title='bbox 438 1960 589 2013; x_wconf 90' lang='lat' dir='ltr'>quinto</span> <span class='ocrx_word' id='word_1_144' title='bbox 622 1973 734 2000; x_wconf 87' lang='lat' dir='ltr'>anno</span> <span class='ocrx_word' id='word_1_145' title='bbox 767 1973 938 2013; x_wconf 89' lang='lat' dir='ltr'>quoque</span> <span class='ocrx_word' id='word_1_146' title='bbox 970 1959 1145 2001; x_wconf 88' lang='lat' dir='ltr'>solitum</span> <span class='ocrx_word' id='word_1_147' title='bbox 1179 1959 1318 2000; x_wconf 91' lang='lat' dir='ltr'>uisere</span> 
     </span>
    </p>
   </div>
   <div class='ocr_carea' id='block_1_3' title="bbox 1536 172 1612 210">
    <p class='ocr_par' dir='ltr' id='par_1_12' title="bbox 1536 172 1612 210">
     <span class='ocr_line' id='line_1_26' title="bbox 1536 172 1612 210; baseline 0.013 -1"><span class='ocrx_word' id='word_1_148' title='bbox 1536 172 1612 210; x_wconf 81' lang='lat'>135</span> 
     </span>
    </p>
   </div>
   <div class='ocr_carea' id='block_1_4' title="bbox 1570 450 1612 480">
    <p class='ocr_par' dir='ltr' id='par_1_13' title="bbox 1570 450 1612 480">
     <span class='ocr_line' id='line_1_27' title="bbox 1570 450 1612 480; baseline 0 0"><span class='ocrx_word' id='word_1_149' title='bbox 1570 450 1612 480; x_wconf 81' lang='lat'>45</span> 
     </span>
    </p>
   </div>
   <div class='ocr_carea' id='block_1_5' title="bbox 1568 810 1611 843">
    <p class='ocr_par' dir='ltr' id='par_1_14' title="bbox 1568 810 1611 843">
     <span class='ocr_line' id='line_1_28' title="bbox 1568 810 1611 843; baseline 0.023 -1"><span class='ocrx_word' id='word_1_150' title='bbox 1568 810 1611 843; x_wconf 88' lang='lat'>50</span> 
     </span>
    </p>
   </div>
   <div class='ocr_carea' id='block_1_6' title="bbox 1566 1172 1608 1203">
    <p class='ocr_par' dir='ltr' id='par_1_15' title="bbox 1566 1172 1608 1203">
     <span class='ocr_line' id='line_1_29' title="bbox 1566 1172 1608 1203; baseline 0 0"><span class='ocrx_word' id='word_1_151' title='bbox 1566 1172 1608 1203; x_wconf 88' lang='lat'>55</span> 
     </span>
    </p>
   </div>
   <div class='ocr_carea' id='block_1_7' title="bbox 1562 1533 1606 1565">
    <p class='ocr_par' dir='ltr' id='par_1_16' title="bbox 1562 1533 1606 1565">
     <span class='ocr_line' id='line_1_30' title="bbox 1562 1533 1606 1565; baseline 0 0"><span class='ocrx_word' id='word_1_152' title='bbox 1562 1533 1606 1565; x_wconf 88' lang='grc'>60</span> 
     </span>
    </p>
   </div>
   <div class='ocr_carea' id='block_1_8' title="bbox 1557 1896 1602 1929">
    <p class='ocr_par' dir='ltr' id='par_1_17' title="bbox 1557 1896 1602 1929">
     <span class='ocr_line' id='line_1_31' title="bbox 1557 1896 1602 1929; baseline -0.022 0"><span class='ocrx_word' id='word_1_153' title='bbox 1557 1896 1602 1929; x_wconf 83' lang='grc'>65</span> 
     </span>
    </p>
   </div>
   <div class='ocr_carea' id='block_1_9' title="bbox 146 2109 1599 2268">
    <p class='ocr_par' dir='ltr' id='par_1_18' title="bbox 146 2109 1599 2268">
     <span class='ocr_line' id='line_1_32' title="bbox 235 2109 1598 2156; baseline 0 -12"><span class='ocrx_word' id='word_1_154' title='bbox 235 2111 278 2144; x_wconf 88' lang='grc'>43</span> <span class='ocrx_word' id='word_1_155' title='bbox 302 2109 380 2145; x_wconf 74' lang='lat' dir='ltr'>Rex</span> <span class='ocrx_word' id='word_1_156' title='bbox 473 2110 624 2146; x_wconf 76' lang='lat' dir='ltr'>exultafi</span> <span class='ocrx_word' id='word_1_157' title='bbox 650 2110 679 2146; x_wconf 80' lang='grc' dir='ltr'><em>Ο</em></span> <span class='ocrx_word' id='word_1_158' title='bbox 768 2111 840 2144; x_wconf 89' lang='lat' dir='ltr'>iam</span> <span class='ocrx_word' id='word_1_159' title='bbox 939 2112 983 2145; x_wconf 86' lang='lat'>45</span> <span class='ocrx_word' id='word_1_160' title='bbox 1008 2110 1052 2146; x_wconf 90' lang='lat' dir='ltr'>Ui</span> <span class='ocrx_word' id='word_1_161' title='bbox 1078 2115 1200 2146; x_wconf 85' lang='lat' dir='ltr'>sumat</span> <span class='ocrx_word' id='word_1_162' title='bbox 1227 2123 1373 2156; x_wconf 90' lang='lat' dir='ltr'>quoque</span> <span class='ocrx_word' id='word_1_163' title='bbox 1398 2110 1444 2154; x_wconf 91' lang='lat' dir='ltr'>B,</span> <span class='ocrx_word' id='word_1_164' title='bbox 1471 2110 1598 2146; x_wconf 85' lang='lat' dir='ltr'>Uisum</span> 
     </span>
     <span class='ocr_line' id='line_1_33' title="bbox 146 2167 1599 2213; baseline 0.001 -13"><span class='ocrx_word' id='word_1_165' title='bbox 146 2167 341 2211; x_wconf 74' lang='lat' dir='ltr'>atquicque</span> <span class='ocrx_word' id='word_1_166' title='bbox 357 2167 386 2202; x_wconf 87' lang='lat' dir='ltr'><strong><em>C</em></strong></span> <span class='ocrx_word' id='word_1_167' title='bbox 476 2167 594 2212; x_wconf 90' lang='lat' dir='ltr'>rapib’</span> <span class='ocrx_word' id='word_1_168' title='bbox 610 2167 646 2202; x_wconf 93' lang='lat' dir='ltr'><strong><em>B</em></strong></span> <span class='ocrx_word' id='word_1_169' title='bbox 726 2169 770 2202; x_wconf 86' lang='grc'>46</span> <span class='ocrx_word' id='word_1_170' title='bbox 784 2167 1006 2211; x_wconf 71' lang='lat' dir='ltr'>Obiurgaret</span> <span class='ocrx_word' id='word_1_171' title='bbox 1021 2167 1067 2211; x_wconf 88' lang='lat' dir='ltr'>B,</span> <span class='ocrx_word' id='word_1_172' title='bbox 1090 2168 1276 2213; x_wconf 86' lang='lat' dir='ltr'>Obiugare</span> <span class='ocrx_word' id='word_1_173' title='bbox 1299 2168 1329 2204; x_wconf 83' lang='lat' dir='ltr'><strong><em>G</em></strong></span> <span class='ocrx_word' id='word_1_174' title='bbox 1405 2170 1448 2202; x_wconf 82' lang='lat'>47</span> <span class='ocrx_word' id='word_1_175' title='bbox 1469 2180 1599 2213; x_wconf 87' lang='lat' dir='ltr'>expro-</span> 
     </span>
     <span class='ocr_line' id='line_1_34' title="bbox 146 2223 1596 2268; baseline 0.001 -11"><span class='ocrx_word' id='word_1_176' title='bbox 146 2230 260 2258; x_wconf 86' lang='lat' dir='ltr'>meret</span> <span class='ocrx_word' id='word_1_177' title='bbox 284 2223 319 2259; x_wconf 93' lang='grc' dir='ltr'><strong><em>Β</em></strong></span> <span class='ocrx_word' id='word_1_178' title='bbox 411 2227 454 2260; x_wconf 86' lang='grc'>49</span> <span class='ocrx_word' id='word_1_179' title='bbox 478 2236 601 2259; x_wconf 87' lang='lat' dir='ltr'>mussa</span> <span class='ocrx_word' id='word_1_180' title='bbox 615 2224 653 2268; x_wconf 91' lang='lat' dir='ltr'>C&#39;,</span> <span class='ocrx_word' id='word_1_181' title='bbox 681 2225 843 2260; x_wconf 89' lang='lat' dir='ltr'>missaB</span> <span class='ocrx_word' id='word_1_182' title='bbox 936 2228 980 2260; x_wconf 88' lang='lat'>50</span> <span class='ocrx_word' id='word_1_183' title='bbox 1003 2225 1242 2260; x_wconf 87' lang='lat' dir='ltr'>AbnueretB</span> <span class='ocrx_word' id='word_1_184' title='bbox 1335 2227 1514 2260; x_wconf 87' lang='lat' dir='ltr'>neeitaria</span> <span class='ocrx_word' id='word_1_185' title='bbox 1528 2226 1596 2259; x_wconf 90' lang='lat' dir='ltr'>deo</span> 
     </span>
    </p>
   </div>
   <div class='ocr_carea' id='block_1_10' title="bbox 144 2278 1462 2328">
    <p class='ocr_par' dir='ltr' id='par_1_19' title="bbox 144 2278 1462 2328">
     <span class='ocr_line' id='line_1_35' title="bbox 144 2278 1462 2328; baseline 0.002 -14"><span class='ocrx_word' id='word_1_186' title='bbox 144 2278 189 2323; x_wconf 88' lang='grc' dir='ltr'><strong><em>Β,</em></strong></span> <span class='ocrx_word' id='word_1_187' title='bbox 213 2282 371 2324; x_wconf 78' lang='lat' dir='ltr'>negitari</span> <span class='ocrx_word' id='word_1_188' title='bbox 398 2283 492 2318; x_wconf 90' lang='lat' dir='ltr'>adeo</span> <span class='ocrx_word' id='word_1_189' title='bbox 519 2282 548 2316; x_wconf 89' lang='lat' dir='ltr'><strong><em>C</em></strong></span> <span class='ocrx_word' id='word_1_190' title='bbox 637 2284 677 2316; x_wconf 87' lang='lat'>51</span> <span class='ocrx_word' id='word_1_191' title='bbox 713 2281 1008 2318; x_wconf 87' lang='lat' dir='ltr'>Conclamitaret</span> <span class='ocrx_word' id='word_1_192' title='bbox 1039 2282 1075 2318; x_wconf 94' lang='grc' dir='ltr'><strong><em>Β</em></strong></span> <span class='ocrx_word' id='word_1_193' title='bbox 1168 2284 1404 2328; x_wconf 89' lang='lat' dir='ltr'>praediceret</span> <span class='ocrx_word' id='word_1_194' title='bbox 1426 2283 1462 2317; x_wconf 92' lang='grc' dir='ltr'><strong><em>Β</em></strong></span> 
     </span>
    </p>
   </div>
   <div class='ocr_carea' id='block_1_11' title="bbox 1555 2285 1599 2317">
    <p class='ocr_par' dir='ltr' id='par_1_20' title="bbox 1555 2285 1599 2317">
     <span class='ocr_line' id='line_1_36' title="bbox 1555 2285 1599 2317; baseline 0 0"><span class='ocrx_word' id='word_1_195' title='bbox 1555 2285 1599 2317; x_wconf 86' lang='grc'>52</span> 
     </span>
    </p>
   </div>
   <div class='ocr_carea' id='block_1_12' title="bbox 145 2339 1597 2441">
    <p class='ocr_par' dir='ltr' id='par_1_21' title="bbox 145 2339 1597 2441">
     <span class='ocr_line' id='line_1_37' title="bbox 145 2339 1597 2383; baseline 0.001 -10"><span class='ocrx_word' id='word_1_196' title='bbox 145 2341 311 2374; x_wconf 77' lang='lat' dir='ltr'>tenerent</span> <span class='ocrx_word' id='word_1_197' title='bbox 401 2340 585 2374; x_wconf 85' lang='lat' dir='ltr'>mutuanti</span> <span class='ocrx_word' id='word_1_198' title='bbox 598 2339 644 2383; x_wconf 91' lang='lat' dir='ltr'>B,</span> <span class='ocrx_word' id='word_1_199' title='bbox 669 2344 775 2374; x_wconf 89' lang='lat' dir='ltr'>mutu</span> <span class='ocrx_word' id='word_1_200' title='bbox 800 2340 896 2374; x_wconf 87' lang='lat' dir='ltr'>tanti</span> <span class='ocrx_word' id='word_1_201' title='bbox 910 2339 938 2375; x_wconf 84' lang='lat'><em>0</em></span> <span class='ocrx_word' id='word_1_202' title='bbox 1028 2342 1071 2375; x_wconf 88' lang='lat'>53</span> <span class='ocrx_word' id='word_1_203' title='bbox 1084 2340 1216 2375; x_wconf 85' lang='lat' dir='ltr'>inlexit</span> <span class='ocrx_word' id='word_1_204' title='bbox 1309 2342 1351 2374; x_wconf 90' lang='lat'>55</span> <span class='ocrx_word' id='word_1_205' title='bbox 1367 2339 1548 2375; x_wconf 84' lang='lat' dir='ltr'>Traheret</span> <span class='ocrx_word' id='word_1_206' title='bbox 1561 2339 1597 2374; x_wconf 95' lang='grc' dir='ltr'><strong><em>Β</em></strong></span> 
     </span>
     <span class='ocr_line' id='line_1_38' title="bbox 232 2396 1596 2441; baseline 0.001 -11"><span class='ocrx_word' id='word_1_207' title='bbox 232 2396 378 2431; x_wconf 86' lang='lat' dir='ltr'>exurire</span> <span class='ocrx_word' id='word_1_208' title='bbox 477 2408 627 2441; x_wconf 91' lang='lat' dir='ltr'>querem</span> <span class='ocrx_word' id='word_1_209' title='bbox 662 2397 694 2431; x_wconf 92' lang='grc' dir='ltr'><strong><em>Β</em></strong></span> <span class='ocrx_word' id='word_1_210' title='bbox 787 2397 935 2432; x_wconf 90' lang='lat' dir='ltr'>domum</span> <span class='ocrx_word' id='word_1_211' title='bbox 1031 2399 1073 2432; x_wconf 87' lang='lat'>56</span> <span class='ocrx_word' id='word_1_212' title='bbox 1098 2397 1292 2432; x_wconf 83' lang='lat' dir='ltr'>Rationem</span> <span class='ocrx_word' id='word_1_213' title='bbox 1319 2409 1527 2441; x_wconf 81' lang='lat' dir='ltr'>pessumam</span> <span class='ocrx_word' id='word_1_214' title='bbox 1554 2410 1596 2433; x_wconf 86' lang='lat' dir='ltr'>ea</span> 
     </span>
    </p>
   </div>
   <div class='ocr_carea' id='block_1_13' title="bbox 145 2451 1593 2547">
    <p class='ocr_par' dir='ltr' id='par_1_22' title="bbox 145 2451 1593 2547">
     <span class='ocr_line' id='line_1_39' title="bbox 145 2451 1510 2499; baseline 0.004 -14"><span class='ocrx_word' id='word_1_215' title='bbox 145 2451 222 2497; x_wconf 81' lang='lat' dir='ltr'>eaq’</span> <span class='ocrx_word' id='word_1_216' title='bbox 237 2451 283 2496; x_wconf 86' lang='grc' dir='ltr'><strong><em>Β,</em></strong></span> <span class='ocrx_word' id='word_1_217' title='bbox 307 2453 465 2489; x_wconf 87' lang='lat' dir='ltr'>Ratione</span> <span class='ocrx_word' id='word_1_218' title='bbox 490 2466 662 2499; x_wconf 88' lang='lat' dir='ltr'>pessuma</span> <span class='ocrx_word' id='word_1_219' title='bbox 688 2465 803 2499; x_wconf 89' lang='lat' dir='ltr'>eaque</span> <span class='ocrx_word' id='word_1_220' title='bbox 827 2454 857 2489; x_wconf 84' lang='lat'><em>0</em></span> <span class='ocrx_word' id='word_1_221' title='bbox 944 2455 1058 2499; x_wconf 89' lang='lat' dir='ltr'>ipsius</span> <span class='ocrx_word' id='word_1_222' title='bbox 1081 2454 1117 2490; x_wconf 91' lang='grc' dir='ltr'><strong><em>Β</em></strong></span> <span class='ocrx_word' id='word_1_223' title='bbox 1209 2457 1253 2489; x_wconf 83' lang='grc'>57</span> <span class='ocrx_word' id='word_1_224' title='bbox 1276 2455 1463 2490; x_wconf 87' lang='lat' dir='ltr'>inuenisse</span> <span class='ocrx_word' id='word_1_225' title='bbox 1480 2454 1510 2490; x_wconf 89' lang='lat' dir='ltr'>C&#39;</span> 
     </span>
     <span class='ocr_line' id='line_1_40' title="bbox 1445 2512 1593 2547; baseline 0.007 -1"><span class='ocrx_word' id='word_1_226' title='bbox 1445 2512 1593 2547; x_wconf 87' lang='lat' dir='ltr'>diedere</span> 
     </span>
    </p>
   </div>
   <div class='ocr_carea' id='block_1_14' title="bbox 143 2508 1367 2553">
    <p class='ocr_par' dir='ltr' id='par_1_23' title="bbox 143 2508 1367 2553">
     <span class='ocr_line' id='line_1_41' title="bbox 143 2508 1367 2553; baseline 0.002 -9"><span class='ocrx_word' id='word_1_227' title='bbox 143 2508 294 2553; x_wconf 72' lang='lat' dir='ltr'>perfer-is</span> <span class='ocrx_word' id='word_1_228' title='bbox 386 2513 429 2545; x_wconf 84' lang='lat'>58</span> <span class='ocrx_word' id='word_1_229' title='bbox 443 2511 536 2545; x_wconf 90' lang='lat' dir='ltr'>Mori</span> <span class='ocrx_word' id='word_1_230' title='bbox 551 2512 606 2546; x_wconf 90' lang='lat' dir='ltr'>sui</span> <span class='ocrx_word' id='word_1_231' title='bbox 621 2510 837 2546; x_wconf 78' lang='lat' dir='ltr'>difunditari</span> <span class='ocrx_word' id='word_1_232' title='bbox 851 2512 895 2552; x_wconf 90' lang='lat' dir='ltr'>B,</span> <span class='ocrx_word' id='word_1_233' title='bbox 911 2512 1034 2547; x_wconf 91' lang='lat' dir='ltr'>Mores</span> <span class='ocrx_word' id='word_1_234' title='bbox 1049 2512 1126 2546; x_wconf 84' lang='lat' dir='ltr'>uidi</span> <span class='ocrx_word' id='word_1_235' title='bbox 1140 2511 1322 2546; x_wconf 81' lang='lat' dir='ltr'>funditari</span> <span class='ocrx_word' id='word_1_236' title='bbox 1338 2511 1367 2546; x_wconf 87' lang='lat' dir='ltr'><strong><em>G</em></strong></span> 
     </span>
    </p>
   </div>
   <div class='ocr_carea' id='block_1_15' title="bbox 144 2563 1500 2785">
    <p class='ocr_par' dir='ltr' id='par_1_24' title="bbox 144 2563 1500 2785">
     <span class='ocr_line' id='line_1_42' title="bbox 144 2563 1458 2613; baseline 0.002 -13"><span class='ocrx_word' id='word_1_237' title='bbox 144 2563 180 2608; x_wconf 81' lang='lat' dir='ltr'>C,</span> <span class='ocrx_word' id='word_1_238' title='bbox 204 2566 264 2601; x_wconf 85' lang='lat' dir='ltr'>die</span> <span class='ocrx_word' id='word_1_239' title='bbox 287 2566 392 2602; x_wconf 84' lang='lat' dir='ltr'>heret</span> <span class='ocrx_word' id='word_1_240' title='bbox 404 2567 440 2602; x_wconf 91' lang='grc' dir='ltr'><strong><em>Β</em></strong></span> <span class='ocrx_word' id='word_1_241' title='bbox 534 2570 576 2603; x_wconf 85' lang='grc'>59</span> <span class='ocrx_word' id='word_1_242' title='bbox 591 2567 805 2603; x_wconf 88' lang='lat' dir='ltr'>Coniurium</span> <span class='ocrx_word' id='word_1_243' title='bbox 820 2568 866 2613; x_wconf 90' lang='lat' dir='ltr'>B,</span> <span class='ocrx_word' id='word_1_244' title='bbox 889 2569 1107 2604; x_wconf 85' lang='lat' dir='ltr'>Conuirium</span> <span class='ocrx_word' id='word_1_245' title='bbox 1123 2568 1152 2603; x_wconf 89' lang='lat' dir='ltr'><strong><em>C</em></strong></span> <span class='ocrx_word' id='word_1_246' title='bbox 1242 2569 1272 2602; x_wconf 89' lang='lat' dir='ltr'>si</span> <span class='ocrx_word' id='word_1_247' title='bbox 1286 2576 1458 2613; x_wconf 88' lang='lat' dir='ltr'>pasceret</span> 
     </span>
     <span class='ocr_line' id='line_1_43' title="bbox 144 2621 1456 2671; baseline 0.004 -15"><span class='ocrx_word' id='word_1_248' title='bbox 144 2621 285 2658; x_wconf 82' lang='lat' dir='ltr'>luderet</span> <span class='ocrx_word' id='word_1_249' title='bbox 366 2636 408 2658; x_wconf 91' lang='lat' dir='ltr'>ne</span> <span class='ocrx_word' id='word_1_250' title='bbox 423 2625 569 2660; x_wconf 88' lang='lat' dir='ltr'>luderet</span> <span class='ocrx_word' id='word_1_251' title='bbox 583 2626 724 2659; x_wconf 88' lang='lat' dir='ltr'>uiueret</span> <span class='ocrx_word' id='word_1_252' title='bbox 738 2626 772 2660; x_wconf 93' lang='lat' dir='ltr'><em>B</em></span> <span class='ocrx_word' id='word_1_253' title='bbox 863 2628 903 2661; x_wconf 87' lang='lat'>61</span> <span class='ocrx_word' id='word_1_254' title='bbox 932 2626 1108 2671; x_wconf 83' lang='lat' dir='ltr'>exphebis</span> <span class='ocrx_word' id='word_1_255' title='bbox 1123 2625 1158 2660; x_wconf 91' lang='lat' dir='ltr'><em>B</em></span> <span class='ocrx_word' id='word_1_256' title='bbox 1251 2627 1456 2661; x_wconf 81' lang='lat' dir='ltr'>excesseris</span> 
     </span>
     <span class='ocr_line' id='line_1_44' title="bbox 145 2677 1458 2727; baseline 0.003 -13"><span class='ocrx_word' id='word_1_257' title='bbox 145 2677 272 2715; x_wconf 80' lang='lat' dir='ltr'>Nonne</span> <span class='ocrx_word' id='word_1_258' title='bbox 364 2683 456 2716; x_wconf 84' lang='lat' dir='ltr'>mori</span> <span class='ocrx_word' id='word_1_259' title='bbox 550 2683 705 2717; x_wconf 85' lang='lat' dir='ltr'>insidiae</span> <span class='ocrx_word' id='word_1_260' title='bbox 729 2682 766 2716; x_wconf 91' lang='lat' dir='ltr'><strong><em>B</em></strong></span> <span class='ocrx_word' id='word_1_261' title='bbox 864 2685 908 2718; x_wconf 89' lang='grc'>63</span> <span class='ocrx_word' id='word_1_262' title='bbox 942 2684 1106 2719; x_wconf 86' lang='lat' dir='ltr'>dedisset</span> <span class='ocrx_word' id='word_1_263' title='bbox 1207 2687 1394 2727; x_wconf 84' lang='lat' dir='ltr'>potestam</span> <span class='ocrx_word' id='word_1_264' title='bbox 1430 2683 1458 2718; x_wconf 85' lang='lat' dir='ltr'><strong><em>C</em></strong></span> 
     </span>
     <span class='ocr_line' id='line_1_45' title="bbox 144 2734 1500 2785; baseline 0.004 -14"><span class='ocrx_word' id='word_1_265' title='bbox 144 2734 288 2772; x_wconf 81' lang='lat' dir='ltr'>Fuisset</span> <span class='ocrx_word' id='word_1_266' title='bbox 310 2737 347 2772; x_wconf 98' lang='grc' dir='ltr'><strong><em>Β</em></strong></span> <span class='ocrx_word' id='word_1_267' title='bbox 439 2743 536 2774; x_wconf 84' lang='lat' dir='ltr'>esset</span> <span class='ocrx_word' id='word_1_268' title='bbox 561 2738 596 2773; x_wconf 94' lang='lat' dir='ltr'><strong><em>B</em></strong></span> <span class='ocrx_word' id='word_1_269' title='bbox 689 2751 729 2774; x_wconf 88' lang='lat' dir='ltr'>se</span> <span class='ocrx_word' id='word_1_270' title='bbox 754 2750 822 2774; x_wconf 89' lang='lat' dir='ltr'>om.</span> <span class='ocrx_word' id='word_1_271' title='bbox 915 2742 959 2776; x_wconf 88' lang='lat'>65</span> <span class='ocrx_word' id='word_1_272' title='bbox 973 2742 1132 2775; x_wconf 87' lang='lat' dir='ltr'>rusticos</span> <span class='ocrx_word' id='word_1_273' title='bbox 1148 2739 1177 2775; x_wconf 84' lang='lat' dir='ltr'><strong><em>C</em></strong></span> <span class='ocrx_word' id='word_1_274' title='bbox 1265 2740 1309 2774; x_wconf 88' lang='lat'>66</span> <span class='ocrx_word' id='word_1_275' title='bbox 1323 2739 1450 2785; x_wconf 75' lang='lat' dir='ltr'>Neque</span> <span class='ocrx_word' id='word_1_276' title='bbox 1464 2740 1500 2776; x_wconf 94' lang='grc' dir='ltr'><strong><em>Β</em></strong></span> 
     </span>
    </p>
   </div>
   <div class='ocr_carea' id='block_1_16' title="bbox 229 2794 1390 2844">
    <p class='ocr_par' dir='ltr' id='par_1_25' title="bbox 229 2794 1390 2844">
     <span class='ocr_line' id='line_1_46' title="bbox 229 2794 1390 2844; baseline 0.003 -16"><span class='ocrx_word' id='word_1_277' title='bbox 229 2794 312 2829; x_wconf 88' lang='lat' dir='ltr'>misi</span> <span class='ocrx_word' id='word_1_278' title='bbox 337 2794 367 2830; x_wconf 83' lang='lat' dir='ltr'><strong><em>G</em></strong></span> <span class='ocrx_word' id='word_1_279' title='bbox 454 2797 578 2842; x_wconf 86' lang='lat' dir='ltr'>quicto</span> <span class='ocrx_word' id='word_1_280' title='bbox 602 2796 638 2832; x_wconf 92' lang='lat' dir='ltr'><em>B</em></span> <span class='ocrx_word' id='word_1_281' title='bbox 730 2798 891 2843; x_wconf 87' lang='lat' dir='ltr'>positum</span> <span class='ocrx_word' id='word_1_282' title='bbox 916 2804 936 2835; x_wconf 80' lang='lat' dir='ltr'>e</span> <span class='ocrx_word' id='word_1_283' title='bbox 959 2797 1005 2843; x_wconf 92' lang='lat' dir='ltr'>B,</span> <span class='ocrx_word' id='word_1_284' title='bbox 1031 2799 1193 2844; x_wconf 88' lang='lat' dir='ltr'>positum</span> <span class='ocrx_word' id='word_1_285' title='bbox 1219 2798 1338 2832; x_wconf 86' lang='lat' dir='ltr'>uisere</span> <span class='ocrx_word' id='word_1_286' title='bbox 1361 2795 1390 2832; x_wconf 85' lang='lat'><em>0</em></span> 
     </span>
    </p>
   </div>
   <div class='ocr_carea' id='block_1_17' title="bbox 0 2926 214 3236">
    <p class='ocr_par' dir='ltr' id='par_1_26' title="bbox 0 2926 214 3236">
     <span class='ocr_line' id='line_1_47' title="bbox 0 2926 214 3236; baseline 0 7"><span class='ocrx_word' id='word_1_287' title='bbox 0 2926 214 3236; x_wconf 95' lang='lat' dir='ltr'> </span> 
     </span>
    </p>
   </div>
   <div class='ocr_carea' id='block_1_18' title="bbox 1548 2570 1594 2719">
    <p class='ocr_par' dir='ltr' id='par_1_27' title="bbox 1548 2570 1594 2719">
     <span class='ocr_line' id='line_1_48' title="bbox 1549 2570 1594 2604; baseline -0.022 0"><span class='ocrx_word' id='word_1_288' title='bbox 1549 2570 1594 2604; x_wconf 88' lang='grc'>60</span> 
     </span>
     <span class='ocr_line' id='line_1_49' title="bbox 1549 2629 1593 2662; baseline 0.023 -1"><span class='ocrx_word' id='word_1_289' title='bbox 1549 2629 1593 2662; x_wconf 84' lang='grc'>62</span> 
     </span>
     <span class='ocr_line' id='line_1_50' title="bbox 1548 2686 1591 2719; baseline -0.023 0"><span class='ocrx_word' id='word_1_290' title='bbox 1548 2686 1591 2719; x_wconf 86' lang='grc'>64</span> 
     </span>
    </p>
   </div>
  </div>
 </body>
</html>
