1963 3243
243 253 322 293 lOO
920 250 1042 284 Plauti
1485 250 1531 295 V,
1563 253 1590 294 1,
1615 252 1726 286 5-27

239 375 444 428 Magnum
460 373 542 416 hoe
559 374 712 415 uitium
733 375 832 416 uino
858 378 945 416 est:
977 374 1107 427 pedes
1133 378 1282 428 captat
1308 376 1508 428 primum,
1537 376 1725 418 luctator

1257 445 1462 488 dolosust.

238 517 437 559 Profecto
470 516 626 571 edepol
658 531 738 571 ego
770 531 884 558 nunc
914 517 1048 570 probe
1078 517 1217 559 habeo
1248 518 1509 570 madulsam3

238 589 307 630 Ita
337 589 457 630 uictu
489 594 708 638 emurato,
741 589 804 629 ita
834 588 1057 630 munditiis
1089 589 1230 642 dignis

238 660 393 714 Itaque
424 661 468 701 in
500 660 593 702 loco
625 660 784 702 festiuo
817 674 962 702 sumus
993 661 1152 702 festiue
1185 661 1361 714 accepti.

240 731 354 780 Quid
384 746 490 785 opus
523 737 588 773 est
619 747 686 774 me
717 732 876 773 multas
908 745 1035 784 agere
1068 732 1303 786 ambages?
1641 744 1727 778 1255

238 803 332 846 Hoc
364 808 430 845 est
459 803 623 845 homini
655 817 783 856 quam
817 804 870 845 ob
902 818 993 845 rem
1023 805 1161 846 uitam
1191 808 1318 846 amet.

238 876 319 918 Hic
351 889 499 919 omnes
531 876 793 929 uoluptates,
828 877 975 917 omnes
1007 880 1257 917 uenustates
1288 880 1398 918 sunt.
1464 901 1468 904 >

238 948 341 991 Deis
373 961 630 1002 proxumum
661 961 754 989 esse
788 947 979 989 arbitror
1009 946 1128 1000 [nam
1158 948 1232 989 ubi
1264 961 1414 990 amans
1447 947 1715 1001 eomplexust

238 1021 480 1071 Amantem,
513 1020 588 1061 ubi
618 1019 674 1061 ad
706 1019 832 1060 labra
862 1018 1022 1060 labella
1052 1019 1263 1071 adiungit,
1643 1029 1728 1062 1259

238 1091 324 1133 [bi
365 1091 477 1133 alter
517 1092 704 1133 alterum
735 1091 918 1144 bilingui
949 1090 1194 1132 manufesto
1225 1092 1338 1132 inter
1369 1105 1411 1132 se
1442 1085 1727 1144 prehendunt,

239 1163 323 1205 Ubi
353 1177 540 1204 mamma
570 1163 845 1205 mammicula
876 1163 1135 1216 opprimitur
1173 1163 1260 1204 alia
1296 1167 1372 1204 aut
1410 1163 1445 1204 si
1484 1162 1606 1203 lubet
1636 1175 1728 1202 cor-

660 1292 662 1294 p
1258 1248 1365 1288 pora
1389 1231 1727 1287 conduplicant‚]

238 1307 370 1349 Manu
402 1307 589 1348 candida
622 1307 878 1349 cantharum
910 1306 1165 1348 dulciferum

237 1379 477 1432 Propinare
511 1380 829 1421 amicissumam
860 1379 1064 1429 amicam3

241 1449 409 1504 [Neque
433 1450 494 1492 ibi
517 1465 613 1494 esse
639 1451 773 1493 alium
797 1449 872 1492 alii
897 1450 996 1491 odio
1017 1463 1097 1491 neo
1123 1449 1352 1491 molestum
1367 1463 1446 1491 nec
1461 1447 1728 1491 sermonibus

1257 1520 1493 1574 morologis
1523 1518 1626 1574 uti3]

240 1595 471 1648 Unguenta
502 1600 632 1650 atque
666 1594 831 1646 odores,
862 1593 1104 1644 lemniscos‚
1135 1592 1319 1634 corollas
1643 1602 1730 1635 1265

237 1667 342 1709 Dari
368 1666 560 1720 dapsilis,
580 1665 682 1719 [non
700 1667 812 1708 enim
832 1679 962 1719 parce
988 1663 1158 1719 promi‚]
1177 1665 1226 1705 de
1245 1664 1364 1705 uictu
1391 1667 1534 1705 cetero
1557 1676 1611 1704 ne
1634 1663 1729 1715 quis
1798 1705 1805 1708 ,

1257 1750 1324 1777 me
1356 1739 1492 1788 roget.

239 1809 333 1852 Hoc
365 1824 441 1864 ego
474 1810 600 1852 modo
632 1815 764 1864 atque
797 1823 894 1851 erus
925 1810 1065 1850 minor

237 1881 362 1923 Hunc
395 1882 505 1923 diem
538 1883 800 1935 sumpsimus
833 1880 1071 1934 prothyme‚

238 1953 478 2008 Postquam
516 1968 624 2007 opus
666 1967 806 1995 meum
848 1966 970 1994 omne
1011 1957 1060 1994 ut
1100 1951 1221 1993 uolui
1252 1951 1503 2004 perpetraui
1532 1948 1729 1991 hostibus

1259 2022 1431 2075 fugatis.

237 2097 340 2139 Illos
373 2097 631 2139 adcubantis
663 2097 853 2151 potantis
886 2097 1075 2138 amantis
1645 2103 1731 2137 1270

241 2167 349 2210 Cum
378 2169 529 2210 scortis
561 2169 720 2223 reliqui
753 2173 798 2211 et
828 2183 970 2210 meum
1003 2172 1192 2209 scortum
1223 2166 1383 2207 ibidem

241 2241 372 2282 Cordi
403 2245 535 2294 atque
568 2242 710 2282 animo
745 2254 822 2282 suo
855 2239 1143 2293 obsequentis.

240 2312 323 2354 Sed
354 2317 587 2366 postquam
619 2313 858 2362 exsurrexi,
891 2316 1018 2353 orant
1049 2310 1146 2352 med
1177 2315 1224 2351 ut
1255 2309 1419 2352 saltem.

333 2487 415 2519 1251
443 2486 584 2529 capitat
609 2485 637 2519 C
767 2485 853 2518 1253
871 2489 961 2527 post
982 2485 1224 2527 insequentem
1244 2483 1349 2525 ponit
1373 2480 1405 2514 A
1545 2479 1730 2514 mauditiis

240 2543 341 2585 digni
371 2543 416 2576 ah
441 2541 487 2585 B,
512 2544 656 2585 magnis
682 2541 873 2576 munditiis
902 2541 930 2575 O
1046 2541 1130 2574 1255
1158 2545 1212 2574 est
1239 2549 1303 2574 om.
1328 2538 1399 2573 BC
1491 2538 1576 2570 1257
1601 2536 1730 2580 uolup-

239 2603 336 2632 tates
361 2599 398 2632 in
423 2599 494 2633 hoc
521 2611 646 2633 omues
781 2599 866 2632 1260
891 2598 1008 2630 altera
1034 2596 1192 2631 alterum
1216 2595 1251 2629 B
1372 2595 1488 2628 inters
1512 2593 1557 2635 B,
1583 2593 1680 2627 inter
1706 2592 1736 2628 Ο

242 2658 325 2689 1261
353 2656 562 2689 mammiam
587 2655 731 2690 anicula
871 2653 985 2687 allant
1011 2653 1055 2695 B,
1085 2653 1188 2687 alant
1215 2652 1244 2687 Ο
1393 2651 1477 2684 1262
1503 2649 1730 2693 canpharum

242 2713 329 2745 1263
356 2712 591 2746 mieissimam
608 2711 818 2746 amicitiam
906 2712 990 2744 1264
1016 2711 1087 2744 alio
1115 2709 1200 2743 odio
1225 2708 1275 2742 ibi
1302 2719 1370 2742 nec
1448 2706 1678 2749 morolongis
1706 2704 1734 2740 0

244 2770 328 2802 1265
353 2768 574 2812 Uuuguenta
600 2768 628 2802 G
707 2768 818 2802 lemni
844 2778 905 2800 cos
930 2766 975 2810 B,
1004 2766 1179 2800 lentiscos
1205 2764 1234 2799 C
1316 2764 1402 2797 1266
1432 2762 1478 2797 de
1503 2773 1568 2797 om.
1645 2763 1731 2797 1268

239 2825 416 2869 pothyme
513 2826 597 2858 1272
623 2824 742 2859 Corde
838 2824 923 2857 1273
949 2834 1006 2856 me
1032 2822 1068 2856 id
1095 2826 1136 2856 ut
