1963 3243
56 232 76 268 y.
95 280 98 283 .
115 192 254 274 ‚iffi-4,
277 225 413 262 59..67
799 225 996 261 Poenulus.
1563 232 1640 272 201

57 398 67 402 ,.
807 351 993 394 Hanno

50 429 90 471 .“
153 421 218 466 Ite
247 422 292 465 in
322 422 412 474 ius3
443 435 497 464 ne
529 423 771 465 moramini.

710 518 1090 571 Ayorastoczes

824 589 1054 632 Antestare
1085 603 1152 631 me
1184 593 1316 644 atque
1348 589 1469 633 duce.

802 683 883 725 Ha
894 697 921 724 n
932 698 960 725 n
974 697 996 725 o

153 753 244 809 Ego
275 758 319 797 te
349 754 619 797 antestabor.

709 834 1091 888 Ayorastocles

425 904 582 948 Postea
612 905 726 948 hanc
757 905 915 948 amabo
947 911 1079 960 atque
1111 906 1378 961 amplexabo.

811 997 996 1041 Hanno

156 1065 262 1122 [Sed
290 1067 400 1111 illud
440 1068 615 1123 quidem
653 1068 774 1111 uolui
814 1069 976 1121 dicere3
1029 1069 1159 1112 immo
1197 1069 1340 1112 hercle
1380 1069 1489 1122 dixi,
1537 1071 1650 1126 quod

1178 1140 1414 1195 uolebam‚]

153 1210 395 1254 Moramini.
456 1211 505 1254 In
535 1213 602 1254 ius
633 1226 711 1254 uos
742 1226 864 1262 uoco,
896 1213 980 1255 nisi
1011 1211 1258 1256 honestiust
1289 1213 1512 1268 prehendi.
1566 1225 1653 1261 1230

715 1314 1094 1367 Adelphasium

55 1383 77 1438 ‘sp
155 1385 269 1437 Quid
301 1385 345 1428 in
378 1386 448 1429 ius
479 1400 611 1429 uocas
643 1387 750 1429 nos?
783 1386 886 1440 quid
920 1386 998 1428 tibi
1031 1386 1264 1430 debemus?

709 1488 1094 1542 Ayorastocles

858 1569 862 1573 ·
1303 1545 1430 1589 Dicet
1459 1546 1536 1588 illi.

711 1632 1094 1684 Adelphasium

157 1703 302 1746 Etiam
332 1717 401 1746 me
433 1717 554 1746 meae
584 1703 748 1746 latrant
779 1704 936 1746 canes?

712 1794 1094 1848 Ayorastocles

975 1867 1028 1907 At
1058 1871 1106 1908 tu
1137 1865 1280 1908 hercle
1313 1865 1550 1909 adludia-to.

100 1954 107 1961 ·
159 1937 272 1980 Dato
303 1937 410 1980 mihi
441 1952 521 1993 pro
554 1937 640 1980 offa
671 1939 852 1988 sanium,
884 1953 962 1992 pro
996 1952 1092 1980 osse
1122 1937 1315 1991 linguam
1347 1937 1521 1981 obicito.

156 2008 225 2052 Ita
255 2009 368 2052 hanc
400 2023 549 2052 canem
581 2010 739 2052 faciam
772 2009 852 2052 tibi
885 2010 979 2052 oleo
1011 2009 1372 2064 tranquilliorem.

809 2111 998 2154 Hanno

155 2167 233 2220 Ite,
264 2169 300 2211 si
330 2169 418 2212 itis.

714 2252 1093 2305 Adelphasium

446 2323 562 2375 Quid
593 2338 671 2366 nos
703 2323 883 2365 fecimus
915 2323 1023 2364 tibi?

812 2424 997 2466 Hanno

1060 2495 1194 2537 Fures
1227 2495 1329 2537 estis
1361 2495 1527 2538 ambae.
1564 2507 1651 2541 1235

249 2632 337 2666 1227
361 2631 420 2666 Ite
443 2632 570 2667 incure
594 2643 641 2667 ne
665 2643 805 2666 moram
830 2632 880 2666 mi
906 2630 942 2665 Β
1029 2634 1219 2678 antetsffae
1244 2630 1278 2664 A
1359 2631 1445 2665 1228
1469 2629 1590 2665 amalo
1613 2629 1650 2665 Β

146 2731 152 2738 ο
248 2689 337 2723 1229
362 2687 450 2733 quid
476 2689 580 2723 uolui
606 2688 695 2723 dece
719 2687 755 2722 B
849 2687 925 2722 dixi
950 2686 1073 2721 hercle
1098 2685 1164 2721 Bo
1263 2687 1349 2721 1230
1373 2697 1459 2722 suos
1485 2697 1579 2722 uoco
1603 2685 1650 2729 Β,

155 2755 251 2780 uoco
275 2755 344 2779 uos
368 2743 399 2780 0
589 2742 1025 2789 honestiussiprehaeudi
1050 2742 1086 2777 B
1283 2744 1366 2778 1231
1393 2743 1431 2778 in
1456 2753 1589 2778 suocas
1613 2741 1650 2777 B

85 2839 89 2845 ¹
159 2800 247 2836 1232
268 2811 328 2836 me
352 2811 419 2837 om.
445 2801 479 2835 A
573 2801 641 2836 thu
666 2800 703 2836 Β
797 2801 884 2835 1235
908 2799 963 2834 Ite
989 2799 1083 2834 sittis
