1963 3243
344 167 395 205 54
1005 162 1127 198 Plauti
1512 162 1580 205 111,
1607 165 1636 205 1,
1661 165 1795 198 39—53
1889 182 1900 185 x

915 288 946 328 P
959 288 1007 329 le
1017 302 1044 329 u
1056 302 1074 329 s
1085 289 1098 328 i
1109 301 1132 329 c
1142 288 1155 328 l
1166 303 1188 330 e
1198 302 1217 329 s

343 357 419 400 Pol
437 358 482 400 id
500 358 673 412 quidem
692 359 891 412 experior
907 360 968 400 ita
986 373 1078 400 esse
1103 363 1151 400 ut
1175 359 1412 412 praedicas,
1435 358 1696 410 Palaestri03
1728 370 1796 420 635

343 428 454 470 Nam
486 429 731 482 benignitas
763 429 937 482 quidem
968 429 1093 471 huius
1124 430 1282 483 oppido
1314 429 1679 471 adulescentulist.

838 587 1300 639 Periplecomenus

342 659 488 710 Immo,
520 658 688 712 hospes,
721 659 858 711 magis
890 673 1018 713 quom
1049 660 1259 713 periclum
1298 659 1439 711 facies,
1476 660 1612 712 magis
1642 673 1794 702 nosces

1456 745 1593 773 meam

343 800 599 843 Comitatem
632 815 736 855 erga
766 807 808 843 te
839 807 1068 843 amantem.

920 948 1221 991 Pleusicles

1142 1021 1283 1072 'Quid
1314 1035 1424 1076 opus
1456 1027 1560 1064 nota
1590 1023 1797 1065 noscere?
1854 1057 1859 1061 .

831 1168 1310 1222 Periplecomenus

344 1237 402 1281 Ut
432 1239 547 1293 apud
579 1242 616 1281 te
647 1239 890 1294 exemplum
915 1240 1169 1294 experiundi
1193 1241 1368 1293 habeas,
1398 1256 1452 1283 ne
1477 1257 1662 1296 quaeras
1679 1243 1796 1286 foris.

343 1309 453 1352 Nam
490 1312 576 1353 nisi
618 1312 692 1366 qui
728 1312 820 1366 ipse
860 1314 1042 1364 amauit,
1088 1327 1216 1367 aegre
1259 1315 1443 1355 amantis
1481 1315 1697 1368 ingenium
1734 1316 1796 1356 in-

1418 1387 1559 1439 spicit.
1731 1398 1798 1432 640

342 1453 399 1495 Et
444 1468 522 1508 ego
568 1456 726 1497 amoris
773 1456 1045 1510 aliquantum
1090 1457 1230 1500 habeo
1269 1457 1548 1511 humorisque
1587 1460 1716 1501 etiam
1754 1460 1798 1501 in

1415 1543 1596 1584 corpore

342 1597 594 1652 Nequedum
628 1602 777 1642 exarui
809 1615 860 1642 ex
891 1602 1082 1644 amoenis
1112 1602 1241 1644 rebus
1274 1607 1318 1642 et
1349 1602 1622 1655 uoluptariis.

345 1669 424 1712 Uel
455 1671 685 1714 cauillator
716 1672 882 1714 facetus
913 1674 984 1715 uel
1015 1674 1202 1716 conuiua
1235 1673 1481 1715 commodus

343 1742 461 1784 Idem
494 1758 580 1794 ero,
614 1759 752 1798 neque
785 1759 862 1799 ego
894 1746 1121 1788 oblocutor
1153 1760 1245 1787 sum
1278 1746 1405 1788 alteri
1435 1747 1479 1787 in
1511 1748 1728 1790 conuiuio.

342 1815 702 1859 Incommoditate
735 1818 953 1861 abstinere
985 1833 1050 1860 me
1078 1818 1195 1871 apud
1222 1819 1431 1860 conuiuas
1457 1819 1704 1861 commodos
1733 1831 1801 1865 645

345 1885 611 1930 Conmemini
644 1895 687 1931 et
718 1904 839 1932 meae
872 1892 1080 1932 orationis
1112 1892 1268 1932 iustam
1302 1895 1471 1944 partem
1506 1892 1708 1945 persequi

345 1958 400 2000 Et
431 1974 571 2002 meam
605 1967 772 2015 partem
805 1963 956 2004 itidem
987 1969 1146 2012 tacere,
1178 1976 1305 2015 quom
1338 1962 1478 2004 aliena
1508 1968 1573 2004 est
1604 1964 1755 2006 oratio.

344 2031 533 2074 Minume
567 2039 764 2086 sputator
794 2041 987 2077 screator
1018 2040 1122 2083 surh,
1165 2034 1315 2076 itidem
1349 2035 1536 2076 minume
1568 2035 1800 2085 muccidus,

343 2102 446 2145 Post
463 2104 623 2158 Ephesi
640 2120 733 2147 sum
753 2113 892 2157 natus,
912 2121 1096 2148 noenum
1119 2108 1159 2148 in
1179 2107 1341 2160 Apulis,
1359 2120 1542 2149 noenum
1562 2107 1798 2149 Aminulae.

433 2310 500 2344 635
525 2309 630 2362 PQR.
703 2315 799 2346 esset
823 2311 858 2346 Β
937 2313 1002 2346 635
1028 2323 1080 2356 sq.
1107 2312 1344 2356 experior...
1361 2311 1509 2356 quidem
1536 2321 1602 2346 om.
1633 2311 1661 2346 G
1735 2313 1802 2347 636

345 2365 637 2402 adolescentules
663 2367 710 2410 B,
736 2369 1013 2405 adolescentule
1039 2368 1067 2403 C
1157 2370 1225 2404 637
1252 2368 1353 2404 PER.
1380 2379 1444 2404 om.
1539 2369 1667 2412 hospis
1692 2368 1728 2403 Β

345 2423 548 2467 periculum
654 2436 736 2460 mea
839 2427 905 2460 638
938 2425 1147 2461 Comitante
1178 2426 1335 2460 merced.
1367 2425 1412 2468 B,
1446 2426 1648 2460 comitante
1679 2437 1802 2461 merce

343 2485 381 2515 te
408 2480 439 2516 G
527 2487 646 2517 nos-ta
671 2483 812 2518 scireB
903 2484 970 2518 639
994 2488 1031 2517 te
1058 2495 1122 2519 om.
1217 2493 1331 2526 negas
1356 2482 1449 2520 foris
1468 2481 1514 2525 B,
1541 2483 1645 2526 negis
1671 2482 1759 2517 foris
1775 2483 1804 2517 C

433 2539 501 2573 640
525 2537 615 2573 Nam
643 2540 713 2584 ipsi
738 2540 837 2584 quod
851 2541 931 2584 ipse
944 2540 990 2583 B,
1016 2539 1108 2575 Nam
1136 2541 1197 2585 qui
1223 2542 1301 2584 ipse
1329 2539 1357 2574 Ο
1446 2541 1508 2574 641
1538 2541 1670 2574 amaris
1686 2539 1715 2575 C

344 2607 401 2630 me
427 2596 537 2630 etiam
630 2599 696 2632 642
722 2598 856 2632 amoris
871 2598 988 2642 pebus
1005 2597 1034 2633 G
1122 2599 1188 2632 643
1213 2597 1442 2633 cauilatorB
1532 2598 1599 2631 644
1623 2597 1717 2631 Item

343 2664 463 2697 neque
489 2654 693 2690 obliuiscor
717 2653 754 2688 Β
851 2655 917 2689 645
943 2655 1134 2689 conuiuias
1160 2656 1345 2699 quomodo
1449 2655 1516 2688 646
1542 2653 1802 2688 Commeminit

435 2721 562 2754 parem
589 2711 617 2745 C
719 2712 786 2745 64¹7
812 2715 954 2746 taceret
1052 2712 1119 2745 648
1145 2711 1308 2746 Minimis
1334 2715 1485 2755 putatur
1517 2711 1712 2746 scrahator

342 2769 409 2802 649
434 2778 511 2802 non
536 2769 637 2802 enim
663 2768 701 2802 in
727 2768 845 2812 apulis
870 2779 945 2803 non
971 2768 1208 2802 suminimula
