1963 3243
756 230 796 265 V.
821 231 1009 266 373—418.
1544 239 1624 277 247

141 362 238 403 tem,
279 360 442 397 amicum
476 362 643 401 certum,
686 361 716 396 si
750 373 862 409 quem
896 357 1054 397 habes“.
1095 381 1147 385 —
1190 363 1281 399 392.
1329 362 1546 412 utrumque
1578 366 1624 410 A,

141 430 165 466 i.
197 442 229 465 e.
262 431 536 477 utrorumque3
582 433 709 465 certos
748 428 795 465 ab
834 428 992 465 incertis
1031 431 1205 478 separari
1240 430 1335 466 vult.
1369 450 1422 455 —
1455 432 1546 468 393.
1581 431 1622 468 R.

145 497 299 546 „Atque
330 508 521 545 exquaere
552 508 598 532 ex
630 495 707 532 illis
739 496 911 533 multis“.
959 496 1084 546 Gepp.
1111 496 1223 533 stud.
1248 496 1281 533 11
1309 510 1344 546 p.
1367 499 1436 535 59:
1473 499 1625 548 „Atque

141 565 301 614 exquire
332 577 378 600 ex
410 564 486 601 illis
517 576 635 600 unum
668 565 802 601 amicis
835 566 900 613 qui
932 569 1058 601 certus
1091 563 1205 602 siet“.

254 632 409 669 Titulus
447 645 554 669 novae
586 644 728 676 scenae,
776 645 862 681 quae
893 631 1058 670 diverbii
1091 637 1185 669 nota
1216 633 1480 681 significatur,
1527 635 1565 671 in
1600 634 1628 671 B

141 703 279 747 exstat,
311 701 348 736 in
375 700 409 737 A
433 703 471 736 et
495 699 522 737 C
547 701 676 749 spatia
704 705 909 749 apparent.
940 719 988 725 —
1025 702 1116 738 395.
1148 697 1237 739 *illic
1266 698 1371 746 hinc,
1405 702 1451 738 cf.
1478 702 1525 738 ad
1545 702 1627 738 Mil.

144 769 235 807 587.
261 786 306 794 —-
344 769 434 805 397.
468 763 660 816 dapsilis,
693 767 835 815 largas,
868 768 912 805 cf.
946 769 1063 805 1266.
1111 769 1198 806 Aul.
1223 770 1312 807 160.
1338 789 1392 794 -
1423 765 1629 807 lubentias

142 838 287 887 optime
311 850 382 874 em.
404 836 445 873 R.
472 855 526 861 —-
554 836 645 873 398.
670 836 825 884 parata
849 836 985 883 codd.;
1025 836 1244 885 „paratast‘'
1274 837 1318 874 R.
1337 837 1579 887 Scripturam
1596 838 1629 875 A

142 907 259 942 etiam
301 905 406 942 Low.
439 904 550 942 Anal.
584 918 623 954 p.
660 905 736 942 167
775 908 991 942 ceterorum
1033 905 1206 942 codicum
1248 907 1453 954 scripturae
1494 907 1630 943 cedere

141 973 283 1011 debere
314 977 463 1019 censet3
503 974 568 1022 qui
600 977 727 1009 aut-em
761 973 798 1009 in
831 973 967 1010 eodeni
999 975 1176 1022 sequitur
1208 986 1362 1020 versus,
1404 973 1472 1010 ubi
1504 975 1631 1022 prima

141 1042 248 1078 verbi
280 1054 449 1092 persona
479 1054 548 1078 nec
581 1054 665 1078 cum
698 1041 1018 1079 antecedentibus
1049 1055 1118 1078 nec
1144 1054 1229 1079 cuni
1255 1041 1508 1091 sequentibus
1536 1055 1628 1079 cou-

141 1123 282 1159 gruens
316 1109 592 1159 interponitur,
628 1110 833 1146 manifesto
865 1112 1022 1160 spurius
1055 1114 1125 1147 est.
1150 1129 1206 1134 —
1232 1111 1310 1148 399
1336 1123 1390 1159 sq.
1418 1109 1464 1147 cf.
1490 1109 1628 1147 Bacch.

143 1179 244 1216 347:
281 1177 455 1218 ..Exorsa
480 1178 572 1214 haec
599 1177 678 1215 tela
704 1190 778 1214 non
804 1178 904 1214 male
931 1178 1087 1216 omnino
1112 1176 1281 1215 mihist“.
1343 1174 1630 1224 cletexundam,

141 1259 176 1283 v.
210 1246 258 1283 ad
293 1246 428 1296 Amph.
465 1247 557 1283 290.
590 1266 644 1270 —
675 1246 770 1283 401.
803 1242 934 1294 quasi,
966 1259 1001 1283 v.
1025 1247 1114 1283 199.
1143 1265 1198 1269 —-
1232 1242 1433 1293 7,ΐαῖ)αῐιι,ς,
1467 1251 1631 1292 ceratas,

142 1314 190 1352 ad
221 1312 495 1352 scribendum“
525 1313 660 1351 Lamb.
688 1333 737 1338 —
765 1315 858 1352 402.
890 1312 1044 1362 reperit
1067 1315 1111 1351 A.
1139 1333 1195 1338 -—
1218 1315 1312 1351 403.
1339 1314 1449 1351 Hunc
1474 1327 1631 1351 versum

141 1382 350 1430 Kiessling.
384 1382 486 1420 Mus.
518 1382 591 1419 Rh.
624 1381 757 1419 XXIII
788 1395 826 1432 p.
860 1383 940 1421 419
973 1387 1012 1420 et·
1043 1382 1134 1420 Lor.
1167 1382 1415 1429 damnarunt,
1460 1395 1530 1419 nec
1561 1394 1630 1431 ego

142 1464 220 1488 nou
250 1451 419 1488 libenter
451 1463 495 1487 eo
527 1463 712 1487 carerem.
745 1470 799 1475 —
837 1451 931 1488 404.
964 1448 1102 1488 minas
1133 1451 1178 1487 A.
1212 1469 1265 1475 —
1298 1451 1392 1488 406.
1435 1450 1479 1487 R.
1513 1463 1630 1499 quum

141 1518 290 1557 EGOM
320 1520 360 1556 in
391 1520 423 1555 A
454 1519 631 1567 legisset,
678 1522 828 1556 mutato
867 1519 1004 1556 ordine
1043 1519 1101 1556 ed.
1133 1530 1236 1572 „ego
1269 1532 1328 1555 me
1366 1519 1442 1555 iam
1481 1518 1631 1567 pridem

141 1587 270 1625 huic“.
340 1587 425 1636 Ego
457 1590 540 1624 tres
573 1601 707 1625 versus
738 1588 904 1625 406—8
936 1591 975 1624 et
1005 1587 1042 1624 h.
1074 1587 1098 1624 1.
1131 1600 1269 1637 parum
1302 1591 1414 1636 aptos
1445 1599 1514 1623 nec
1545 1599 1629 1623 cum

141 1659 273 1694 cetera
302 1655 435 1693 fabula
466 1657 740 1693 convenientes
781 1651 846 1704 (cf.
881 1653 979 1702 426)
1012 1668 1096 1692 cum
1130 1655 1371 1704 Ladewigio,
1405 1654 1632 1704 Geppertio,

142 1724 335 1762 Lorenzio
364 1737 438 1775 pro
469 1725 613 1774 spuriis
644 1724 781 1761 habeo.
813 1742 868 1748 —
899 1724 992 1761 407.
1027 1720 1089 1761 Ac
1119 1722 1164 1760 R.
1200 1741 1246 1747 —
1280 1719 1435 1760 inicere
1465 1723 1510 1759 A.
1544 1721 1628 1758 tra-

139 1789 299 1842 yulam,
344 1797 427 1830 rete
457 1793 730 1843 piscatorium,
770 1805 805 1829 v.
839 1792 887 1829 ad
917 1791 1032 1841 Epid.
1069 1793 1159 1829 688.
1192 1810 1248 1815 -—
1285 1791 1364 1828 409
1398 1789 1501 1827 redit
1532 1790 1633 1827 infra

144 1862 242 1907 792,
290 1866 430 1899 neutro
467 1864 598 1898 tamen
636 1861 719 1898 loco
759 1861 933 1910 spurius,
982 1875 1014 1897 v.
1056 1860 1105 1897 ad
1144 1860 1252 1896 Asin.
1300 1860 1389 1896 185.
1435 1878 1490 1883 —
1537 1858 1631 1895 410.

144 1930 282 1967 Hiatus
312 1930 352 1966 in
384 1941 543 1966 caesura.
577 1948 632 1953 —-
662 1930 756 1966 411.
797 1923 1047 1977 Calliphone,
1081 1940 1156 1964 non
1192 1923 1488 1976 „Calliphonte“
1524 1925 1628 1963 dice-

142 1998 239 2035 bant
269 1998 525 2047 antiquiores,
558 2011 593 2034 v.
619 1996 726 2034 Neue
751 1996 945 2034 Formenl.
978 1996 996 2032 I
1020 2009 1057 2045 p.
1089 1996 1163 2033 149
1189 2008 1245 2044 sq.
1278 2013 1332 2018 —
1363 1996 1457 2032 412.
1491 1993 1629 2031 Senem

143 2065 319 2112 divitem,
353 2067 465 2115 quasi
497 2066 572 2102 iam
605 2069 814 2112 mortuum,
846 2077 930 2101 cum
963 2064 1141 2113 sepulcro
1173 2066 1394 2112 comparat3
1434 2063 1471 2098 in
1503 2061 1631 2112 sepul-

144 2135 219 2171 cris
257 2138 388 2172 autem
430 2135 581 2183 antiqui
621 2147 698 2170 non
736 2144 824 2169 raro
863 2132 1170 2181 pretiosissimas
1213 2144 1273 2168 res
1315 2129 1543 2167 condebant.
1578 2149 1632 2154 —

144 2203 239 2240 414.
271 2199 416 2251 lemme,
451 2202 497 2240 cf.
530 2202 615 2239 Mil.
652 2201 770 2238 1084.

257 2272 350 2308 415.
397 2270 501 2308 Simo
542 2284 660 2307 senex
697 2272 842 2318 praeter
881 2274 1027 2304 ceteros
1067 2281 1200 2304 omnes
1239 2266 1361 2303 filium
1399 2277 1509 2301 suum
1541 2277 1628 2314 pro—

145 2340 278 2388 digum
309 2343 349 2376 et
380 2341 502 2377 amori
527 2339 699 2375 deditum
726 2350 807 2374 esse
834 2337 1023 2386 queritur.
1050 2354 1105 2359 —
1130 2330 1359 2380 damnosis,
1394 2346 1427 2369 v.
1455 2333 1503 2369 ad
1519 2332 1630 2369 Curc.

145 2408 240 2445 471.
301 2406 479 2444 Alterum
510 2404 551 2444 Si
582 2420 628 2443 ex
652 2407 683 2442 A
714 2406 887 2442 accessit.
914 2423 968 2428 —
999 2404 1093 2440 416.
1127 2400 1314 2447 dictator,
1347 2401 1392 2438 cf.
1412 2400 1518 2437 Trin.
1538 2400 1631 2437 695.

146 2474 387 2514 Dictatorem
406 2475 570 2512 Athenis
595 2473 691 2519 fieri,
725 2473 919 2511 Romanos
950 2471 1078 2508 Plauti
1111 2470 1290 2520 aequales,
1324 2470 1389 2518 qui
1421 2469 1486 2505 vix
1519 2467 1632 2504 alium

146 2556 262 2594 quam
307 2556 413 2581 suam
459 2542 738 2592 rempublicam
785 2542 882 2577 satis
928 2543 1136 2585 noverant,
1184 2550 1259 2574 non
1306 2535 1541 2574 offendebat.
1579 2555 1635 2560 —

146 2607 323 2649 Athenis
352 2607 531 2656 Atticis,
572 2609 620 2646 cf.
654 2609 736 2646 Mil.
776 2609 864 2645 100.
905 2626 959 2632 —
997 2607 1091 2643 417.
1131 2602 1354 2643 antecedat.
1415 2603 1474 2650 R.‚
1513 2615 1633 2652 quum

146 2679 187 2716 in
218 2680 251 2716 A
281 2680 405 2717 maius
443 2679 666 2715 litterarum
705 2677 875 2726 spatium
915 2677 1039 2712 visum
1079 2677 1201 2710 esset:
1253 2670 1546 2723 „anteueniat“.
1578 2689 1633 2695 —

148 2748 243 2785 418.
289 2743 406 2785 solus
435 2742 617 2784 sermoni
648 2739 837 2781 omnibus
868 2742 931 2781 est
959 2743 1011 2780 A.
1064 2742 1088 2777 i.
1121 2755 1152 2777 e.
1186 2741 1224 2777 in
1257 2740 1427 2777 omnium
1458 2752 1524 2776 ore
1556 2743 1633 2784 est3

147 2815 194 2854 cf.
213 2814 288 2852 Cic.
308 2814 416 2853 Verr.
441 2813 488 2862 ΙΙ,
518 2815 578 2862 14,
605 2815 676 2851 35:
712 2817 821 2860 „erat
851 2813 890 2848 in
920 2823 1098 2848 sermone
1130 2808 1243 2845 res‘·.'
1297 2807 1368 2845 Ed.
1386 2819 1467 2858 pn:
1503 2806 1632 2854 „solus
