1963 3243
88 215 131 258 [L
156 217 186 259 2,
212 217 350 251 77-90
645 217 749 252 Miles
774 217 972 260 gloriosus.
1494 223 1542 261 19

656 343 972 386 Palaestrio

1415 418 1540 463 Tace.

86 487 193 528 Dum
213 488 252 528 in
273 489 488 540 regionem
507 487 767 528 astutiarum
787 502 976 529 mearum
995 493 1038 529 te
1057 488 1228 535 induco,
1256 494 1300 529 ut
1330 490 1443 530 scias
1475 501 1542 533 235

86 558 208 600 quta
239 573 404 600 mecum
438 573 533 600 mea
564 559 758 600 consilia.

572 683 1049 734 Periplecomenus

806 755 938 798 Salua
969 770 1112 798 sumes
1143 756 1349 798 indidem.

658 880 964 924 Palaestrio

79 954 189 996 Erus
221 968 339 996 meus
370 954 593 1009 elephanti
624 954 741 995 corio
774 954 1115 1001 circumtentust,
1148 968 1234 996 non
1268 968 1359 1000 suo.

79 1026 228 1081 Neque
246 1026 380 1068 habet
398 1026 492 1080 plus
509 1026 751 1080 sapientiae
770 1039 900 1080 quam
919 1025 1041 1080 lapis.

569 1150 1046 1204 Periplecomenus

1016 1216 1020 1221 ’
1094 1223 1277 1277 Egomet
1299 1225 1410 1267 istuc
1434 1227 1537 1268 scio.

649 1314 962 1357 Palaestrio

76 1386 201 1429 Nunc
234 1388 295 1429 sic
326 1388 538 1429 rationem
571 1388 792 1440 incipisso.
854 1387 978 1428 Hanc
1008 1387 1233 1429 instituam
1267 1389 1486 1439 astutiam,

76 1459 135 1502 Ut
174 1458 490 1501 Philocomasio
537 1459 638 1501 huic
684 1473 874 1502 sororem
921 1460 1135 1513 geminam
1183 1474 1434 1514 germanam
1473 1461 1533 1502 al-

1158 1537 1295 1574 teram
1469 1545 1536 1578 240

76 1604 223 1646 Dicam
256 1603 436 1646 Athenis
468 1605 699 1646 aduenisse
732 1618 827 1646 cum
859 1609 1054 1646 amatore
1087 1605 1233 1657 aliquo
1266 1619 1355 1655 suo,

74 1676 177 1719 Tam
203 1677 383 1719 similem
410 1691 537 1731 quam
565 1677 666 1718 lacte
687 1677 791 1718 lacti
816 1681 902 1728 est;
927 1676 1042 1731 apud
1069 1678 1105 1718 te
1131 1691 1204 1718 eos
1229 1677 1297 1718 hic
1323 1677 1534 1718 diuortier

74 1749 223 1792 Dicam
242 1749 443 1804 hospitio.

563 1841 1041 1896 Periplecomenus

442 1913 574 1968 Euge,
593 1928 712 1969 euge,
728 1914 884 1969 lepide.
935 1913 1083 1955 Laudo
1103 1919 1374 1955 conmentum
1393 1919 1529 1956 tuum.

645 2040 958 2081 Palaestrio

71 2110 141 2162 Ut,
172 2113 207 2154 si
238 2112 328 2154 illic
360 2113 697 2154 concriminatus
730 2113 788 2154 sit
818 2111 1053 2153 aduorsum
1087 2111 1269 2153 militem

71 2184 192 2227 Meus
217 2199 463 2236 conseru0s‚
495 2199 590 2227 eam
615 2185 778 2227 uidisse
804 2184 872 2226 hic
897 2198 994 2226 cum
1019 2183 1161 2226 alieno
1186 2183 1432 2235 oscularier‚
1465 2195 1530 2228 245

71 2258 259 2311 Arguam
290 2257 394 2299 hanc
424 2257 588 2300 uidisse
619 2257 738 2312 apud
768 2262 812 2299 te
844 2262 997 2300 contra
1028 2270 1285 2298 conseruom
1317 2270 1456 2298 meum

70 2327 177 2371 Cum
208 2343 284 2371 suo
318 2335 514 2372 amatore
545 2330 866 2385 amplexantem
897 2335 1028 2383 atque
1060 2327 1342 2370 osculantem.

161 2491 227 2524 236
251 2489 444 2524 consiliam
471 2488 499 2524 C
578 2489 718 2523 saluam
743 2499 890 2523 sumaes
973 2490 1039 2522 237
1064 2489 1334 2523 circumtentus
1360 2499 1439 2521 sum

71 2549 138 2582 238
163 2547 345 2592 sapientia
369 2553 462 2591 equa
532 2547 677 2590 aegomi
702 2551 784 2581 stuc
811 2546 887 2580 scio
908 2545 952 2589 B,
978 2557 1070 2589 aego
1095 2546 1182 2580 mist
1206 2546 1330 2580 nescio
1355 2545 1384 2580 C
1462 2544 1528 2579 239

70 2606 204 2650 incipis
227 2615 305 2639 som
398 2605 465 2638 240
489 2603 820 2648 philochomasiom
845 2603 941 2638 hanc
1035 2603 1154 2651 altera
1242 2604 1303 2636 241
1332 2603 1530 2636 aduenissa

71 2668 108 2697 et
200 2666 364 2696 amatore
392 2660 421 2695 G
510 2660 647 2704 aliquid
673 2665 764 2705 quot
789 2671 854 2694 suo
948 2661 1014 2694 242
1038 2659 1128 2693 Tum
1156 2660 1310 2694 similem
1337 2663 1411 2694 tam
1439 2659 1527 2694 lacti

72 2722 131 2754 est
199 2724 234 2753 te.
255 2729 320 2754 om.
402 2718 593 2753 deuortier
668 2719 734 2751 244
758 2717 1054 2758 congriminatus
1079 2716 1108 2751 G
1173 2718 1239 2751 245
1265 2729 1344 2751 eum
1371 2717 1529 2751 uidisset

161 2777 227 2811 245
251 2788 303 2820 sq.
329 2775 488 2810 osculari
514 2787 598 2810 eum
629 2785 781 2818 arguam
808 2775 850 2817 B,
878 2774 1037 2809 osculari
1069 2785 1148 2808 eam
1175 2785 1328 2818 arguum
1353 2774 1381 2808 G
1461 2775 1527 2808 246

72 2834 166 2869 banc
190 2844 256 2869 om.
348 2835 414 2867 247
440 2837 646 2867 amatorem
739 2837 888 2876 atquem
915 2831 950 2866 Β

1211 2898 1254 2933 20
