1963 3243
285 237 338 276 54
963 229 1084 265 Plauti
1523 229 1550 273 1,
1575 230 1606 271 3,
1631 220 1768 263 41—'54

875 354 1184 397 Pseudolus

975 425 1129 468 seruos
1161 430 1228 468 est
1257 425 1358 467 huic
1388 425 1529 467 lenoni
1562 423 1712 478 Syrus;

284 499 392 541 Eum
424 513 517 541 esse
550 514 616 542 me
647 500 800 541 dicam.
862 498 992 552 Syrus
1025 512 1131 539 sum.

916 587 1133 641 Harpax

1061 658 1220 713 Syrus?

882 749 1180 791 Pseudolus

1199 820 1249 862 Id
1281 825 1347 862 est
1377 833 1531 862 nomen
1561 818 1677 861 mihi.
1703 830 1770 864 640

921 908 1026 949 Har
1073 922 1133 949 ax

290 979 436 1022 Uerba
466 980 605 1022 multa
628 980 829 1032 facimus3
862 994 960 1022 erus
983 923 1141 1021 silizuus
1165 977 1279 1019 domi
1307 982 1383 1027 est,
1416 977 1519 1031 quin
1543 990 1769 1032 prouocas,

285 1051 343 1094 Ut
372 1051 417 1092 id
441 1065 567 1104 agam
592 1051 708 1106 quod
731 1052 887 1093 missus
913 1051 997 1092 huc
1022 1064 1129 1099 sum,
1162 1049 1372 1104 quidquid
1397 1054 1460 1091 est
1482 1062 1637 1090 nomen
1661 1048 1769 1090 tibi?

881 1141 1181 1183 Pseudolus

287 1213 332 1256 Si
362 1214 476 1255 intus
509 1217 636 1265 esset,
669 1227 907 1255 euocarem.
970 1213 1130 1255 Uerum
1162 1212 1197 1253 si
1230 1211 1333 1252 dare
1364 1212 1431 1253 uis
1461 1210 1577 1259 mihi,

285 1285 423 1339 Magis
455 1285 643 1327 solutum
675 1285 756 1327 erit
787 1298 915 1338 quam
948 1285 984 1326 si
1015 1285 1100 1338 ipsi
1132 1283 1312 1326 dederis.

918 1375 1136 1429 Harpax

1188 1446 1244 1487 At
1275 1445 1387 1486 enim
1419 1446 1510 1487 sein
1541 1444 1646 1499 quid
1678 1443 1774 1485 est?

285 1519 483 1562 Reddere
508 1519 603 1569 hoc,
629 1533 715 1560 non
739 1517 931 1572 perdere,
958 1532 1056 1559 erus
1077 1532 1142 1559 me
1158 1518 1307 1568 iussit3
1339 1531 1438 1558 nam
1457 1521 1575 1558 certo
1592 1516 1682 1558 scio
1707 1527 1774 1560 645

285 1591 379 1634 Hoc
409 1591 565 1633 febrim
596 1590 677 1632 tibi
709 1604 820 1642 esse,
854 1591 958 1644 quia
987 1604 1071 1631 non
1102 1590 1204 1630 licet
1235 1589 1318 1630 huc
1350 1589 1508 1630 inicere
1540 1588 1743 1641 ungulas3

287 1663 378 1716 Ego
410 1664 495 1704 nisi
527 1663 610 1716 ipsi
639 1661 829 1704 Ballioni
858 1675 1079 1703 nummum
1112 1661 1284 1702 credam
1315 1661 1487 1701 nemini.

876 1755 908 1796 P
922 1770 939 1796 s
952 1769 974 1797 e
985 1770 1013 1797 u
1025 1756 1051 1797 d
1065 1770 1088 1797 o
1100 1756 1151 1797 lu
1162 1770 1181 1797 s

285 1829 341 1871 At
371 1828 460 1870 illio
490 1842 604 1870 nuno
634 1827 921 1881 negotiosust3
953 1841 1020 1868 res
1052 1827 1196 1880 agitur
1226 1826 1340 1880 apud
1371 1825 1569 1868 iudicem.

924 1917 1141 1971 Harpax

286 1991 340 2032 Di
370 1991 478 2032 bene
510 1991 703 2032 uortant!
736 1995 782 2032 at
813 2003 904 2043 ego,
938 1989 1109 2043 quando
1143 2003 1239 2030 eum
1271 2003 1363 2031 esse
1395 1988 1579 2030 censebo
1612 1987 1739 2037 domi,

286 2062 490 2114 Redier03
521 2067 570 2104 tu
603 2062 830 2115 epistulam
861 2061 971 2102 hanc
999 2075 1024 2102 a
1049 2075 1115 2102 me
1143 2062 1290 2114 accipe
1315 2067 1445 2114 atque
1469 2060 1532 2101 illi
1558 2059 1681 2111 dato3
1707 2069 1775 2104 650

286 2134 399 2176 Nam
429 2135 528 2176 istic
562 2133 801 2188 symbolust
831 2134 944 2174 inter
974 2147 1095 2174 erum
1125 2146 1268 2174 meum
1292 2136 1335 2173 et
1358 2136 1477 2173 tuum
1505 2131 1557 2173 de
1582 2130 1772 2172 muliere.

880 2227 1180 2269 Pseudolus

289 2299 384 2342 Scio
427 2299 641 2354 equidem.
719 2298 800 2349 Qui
840 2303 1068 2352 argentum
1114 2297 1303 2339 adferret
1348 2301 1480 2351 atque
1527 2310 1775 2351 expressam

1304 2383 1535 2422 imagmem

377 2519 444 2552 639
469 2517 586 2553 Surus
612 2518 656 2558 A,
683 2516 786 2552 Sirus
813 2517 842 2552 Ο
921 2519 988 2551 640
1013 2516 1125 2551 Surus
1150 2517 1203 2551 bis
1229 2515 1262 2550 A
1345 2517 1409 2550 641
1438 2515 1538 2550 domi
1563 2518 1621 2549 est
1645 2518 1729 2549 tuus
1751 2513 1779 2549 Ο

286 2575 354 2609 642
379 2586 450 2618 quo
476 2573 543 2609 BG
652 2574 712 2609 hic
736 2573 805 2610 BC
905 2573 942 2607 P.
971 2572 1147 2618 quicquid
1262 2572 1330 2606 643
1355 2571 1419 2606 PS.
1445 2581 1508 2607 om.
1613 2572 1680 2606 644
1705 2571 1776 2606 erit

288 2631 450 2666 solutum
568 2631 599 2666 si
625 2641 690 2666 om.
717 2630 784 2665 BC
903 2631 961 2664 sin
987 2629 1055 2665 BC
1174 2630 1242 2664 645
1267 2640 1350 2664 erus
1374 2629 1475 2663 misit
1499 2639 1574 2663 nou
1599 2627 1667 2663 BG

289 2691 415 2722 ecerto
441 2686 476 2722 Β
580 2689 647 2730 646
673 2687 792 2722 febrin
817 2685 884 2722 BG
975 2686 1046 2721 hoo
1071 2685 1140 2721 BC
1228 2686 1296 2720 648
1320 2686 1536 2730 negotiosus
1562 2689 1618 2720 est
1710 2684 1776 2719 649

289 2744 450 2778 censabo
476 2743 512 2778 B
613 2745 677 2778 651
705 2743 953 2788 symbolumst
977 2743 1021 2786 A,
1048 2743 1244 2778 simbolum
1271 2746 1328 2777 est
1351 2741 1421 2777 BC
1514 2742 1580 2776 652
1605 2740 1775 2785 equidem

289 2804 331 2835 ut
356 2801 419 2844 qui
