1963 3243
301 241 377 280 158
975 245 1098 279 Plauti
1451 232 1525 278 111,
1549 235 1582 277 9,
1609 235 1734 278 95-4,
1758 235 1780 268 8

906 359 1164 400 Advocati

296 433 406 484 Quid
438 433 474 474 si
506 445 732 473 euocemus
763 430 847 472 huc
876 430 992 472 foras
1024 430 1362 482 Agorastoclem,

297 505 354 547 Ut
384 505 503 558 ipsus
535 504 660 545 testis
691 503 747 543 sit
779 501 860 543 sibi
893 502 1201 544 certissumus?

296 576 413 617 Heus
445 580 504 626 tu,
538 575 611 627 qui
641 573 779 615 furem
812 577 975 627 captas,
1007 573 1209 626 egredere
1242 573 1374 623 ocius,

295 646 354 689 Ut
384 651 476 688 tute
507 647 722 699 inspectes
755 659 909 686 aurum
940 645 1083 686 lenoni
1115 645 1221 686 dari.

495 891 931 935 AGORASTOCLES
965 891 1344 934 ADULESCENS.
1406 892 1581 933 IIDEM.

847 1028 1232 1081 Agorastocles

300 1102 411 1152 Quid
444 1102 533 1143 θεῖ’.)
567 1101 674 1155 quid
705 1100 851 1150 uoltis,
883 1100 1049 1141 testes?

903 1202 1169 1244 Aduocati

1110 1273 1266 1327 Specta
1297 1274 1350 1314 ad
1384 1273 1618 1324 dexteram,

296 1347 412 1389 Tuus
445 1360 591 1394 seruos
623 1360 776 1387 aurum
808 1347 890 1400 ipsi
923 1346 1064 1386 lenoni
1098 1345 1231 1387 dabit.

870 1447 1214 1489 Collabiscus

297 1524 397 1574 Age,
430 1522 578 1574 accipe
610 1520 692 1561 hoc
724 1520 802 1571 sis3
834 1520 903 1561 hic
934 1524 1032 1560 sunt
1064 1520 1278 1560 numerati
1310 1519 1430 1560 aurei

295 1593 494 1635 Trecenti
526 1593 700 1641 nummi,
736 1593 808 1645 qui
841 1597 1054 1633 uocantur
1086 1591 1308 1645 Philippei,

294 1666 404 1707 Hinc
436 1679 501 1706 me
533 1677 738 1718 procura3
770 1678 953 1717 propere
986 1664 1115 1705 hosce
1149 1663 1317 1704 absumi
1347 1662 1459 1704 uolo.

955 1765 1125 1819 Lycus

293 1838 460 1892 Edepol
490 1837 628 1879 fecisti
660 1838 887 1891 prodigum
920 1851 1115 1890 promum
1145 1836 1238 1878 tibi.

294 1911 394 1963 Age,
428 1924 576 1951 eamus
608 1910 735 1950 intro.

866 1987 1212 2029 Collabiscus

797 2059 854 2100 Te
889 2074 1058 2113 sequor.

951 2162 1120 2215 Lycus

1107 2234 1209 2286 Age.
1243 2247 1334 2285 age,
1368 2231 1554 2273 ambula.

293 2306 357 2348 Ibi
390 2319 501 2359 quae
532 2309 633 2346 suut
662 2306 829 2360 reliqua
860 2305 947 2346 alia
978 2305 1281 2346 fabulabimur.

382 2464 448 2498 '706
473 2462 515 2497 H.
543 2473 607 2498 om.
703 2462 960 2506 agorastoclen
985 2461 1021 2496 B
1114 2461 1323 2506 Sequuntur
1347 2463 1387 2496 in
1411 2460 1461 2494 A:

518 2518 612 2562 Quin
638 2530 792 2563 sequere
818 2530 875 2552 me
900 2519 1007 2553 intro.
1058 2518 1139 2552 Duc
1164 2530 1222 2552 me
1249 2529 1338 2560 ergo
1363 2518 1472 2552 intro.

519 2575 558 2610 Si
584 2576 715 2610 exierit
739 2576 834 2618 leno,
862 2576 950 2619 quid
977 2579 1052 2609 tum
1079 2576 1264 2609 hominem
1289 2571 1541 2618 interrogem?

292 2634 357 2667 707
383 2634 459 2677 ipse
485 2632 552 2667 BC
631 2633 720 2667 certi
749 2643 872 2666 sumus
901 2631 929 2666 G
1010 2632 1074 2665 708
1099 2632 1178 2675 quis
1206 2636 1245 2665 tu
1270 2643 1346 2665 rem
1373 2631 1408 2664 B
1490 2630 1554 2663 709
1580 2627 1668 2662 dare

1703 892 1780 934 DU

1716 1285 1784 1317 '710

1715 1846 1782 1879 '715

294 2690 380 2724 Tum
405 2689 441 2723 B
473 2689 577 2724 addit
607 2683 875 2733 agorastocles,
911 2699 993 2723 mox
1027 2688 1231 2723 uncialibus
1264 2688 1426 2722 miniatis
1461 2683 1779 2720 ADVLESCENS

295 2745 416 2780 IDEM
467 2746 530 2779 DV
623 2747 686 2779 711
717 2746 828 2779 (labat,
910 2746 975 2778 712
1001 2746 1050 2778 sis
1078 2757 1114 2779 se
1139 2745 1172 2780 ic
1256 2746 1321 2778 713
1347 2753 1495 2778 numme
1521 2741 1551 2776 C'
1622 2740 1780 2786 philippi

291 2804 356 2836 714
383 2814 538 2847 propera
565 2801 594 2836 C
698 2802 764 2835 ¹717
788 2801 915 2845 Ibique
941 2801 1083 2846 reliqua
