1963 3243
297 162 379 201 266
867 161 973 196 Miles
999 161 1194 203 gloriosus.

297 287 554 326 Tubilustriis
599 288 723 325 tubae:
771 290 991 338 quinquare
1036 295 1164 327 autem
1211 291 1380 328 lustrare
1417 296 1489 339 est,
1530 307 1565 329 v.
1609 291 1770 329 Charis.

296 356 314 392 I
347 365 387 404 p.
421 357 486 393 62.
549 356 630 393 Ηοο
669 356 733 393 die
774 357 835 393 vel
875 357 934 393 his
966 357 1104 395 diebus
1136 359 1254 394 etiam
1286 359 1472 408 privatim
1505 360 1766 396 lustrationes

296 423 454 461 habitas
493 436 576 460 esse
615 424 823 470 credimus,
871 425 1137 474 privatimque
1182 427 1242 471 iis,
1291 428 1358 474 qui
1397 426 1620 473 lustrando,
1662 439 1764 476 prae-

297 492 507 538 cantando⁷
548 492 801 529 vaticinando
841 494 962 529 vitam
1003 493 1294 535 sustentabant,
1325 507 1487 531 munera
1518 496 1763 532 missaesse.

295 579 351 585 ——
398 560 492 597 694.
537 559 810 597 Praeoantrz'ci
839 561 883 606 A,
931 564 976 597 ut
1021 561 1096 597 iam
1138 561 1324 608 Scaliger,
1358 562 1405 599 cf.
1454 562 1553 600 Non.
1587 575 1624 611 p.
1660 562 1764 599 494:

301 628 450 674 „Varro
482 627 577 665 Cato
609 628 670 664 vel
703 628 750 664 de
780 628 916 664 liberis
949 627 1181 665 educandis:
1215 634 1257 666 ut
1290 630 1437 666 faciant
1466 631 1690 679 pleraeque,
1721 633 1766 666 ut

296 696 512 733 adhibeant
550 698 826 745 praecantrices
865 710 933 733 nec
972 696 1125 733 medico
1165 697 1420 734 ostendant“.
1484 698 1571 734 Br.:
1617 697 1761 743 „Prae-

299 761 547 802 cantatrici“.
603 783 644 787 —
683 765 899 802 coniectricz‘
939 763 1106 810 camer„
1147 765 1194 802 cf.
1237 766 1381 814 Amph.
1427 767 1552 802 1144:
1590 767 1766 811 „coniec-

298 830 474 879 torem“;
513 832 579 869 sed
622 832 787 868 feminas
829 833 867 869 in
909 833 1100 869 eiusmodi
1139 833 1258 870 rebus
1290 833 1476 870 mulieres
1509 833 1760 870 adhibebant.

302 919 349 925 -
386 901 463 938 695
499 899 612 937 affert
643 900 750 937 Fest.
782 914 820 950 p.
857 902 958 938 330:
1011 900 1252 948 „Flagitium
1286 906 1355 939 est.
1387 903 1419 939 si
1446 901 1543 941 n‘ihil
1569 902 1762 947 mittetur,

300 982 399 1018 quae
437 968 636 1016 superclio
675 966 834 1018 spicit“.
899 968 1070 1006 Verbum
1114 968 1415 1016 substantivum,
1449 970 1553 1019 quod
1585 971 1702 1006 etiam
1735 968 1763 1006 C

298 1038 416 1075 habet
448 1043 484 1074 et
517 1037 690 1075 editores
722 1038 984 1086 retinuerunt,
1018 1037 1130 1074 abest
1162 1037 1209 1073 ab
1243 1039 1272 1073 A
1291 1037 1332 1082 B,
1361 1043 1479 1075 recte.
1530 1038 1761 1087 Haruspica,

299 1108 331 1144 si
362 1107 462 1143 nihil
493 1107 526 1142 ei
561 1106 747 1152 mittitur,
779 1105 994 1154 supercilio,
1027 1106 1050 1142 i.
1085 1120 1116 1142 e.
1164 1105 1291 1142 fronte
1325 1109 1540 1148 contracta,
1570 1106 1764 1153 slayitz'um

298 1175 418 1222 spicit,
479 1175 560 1210 sive
623 1175 822 1223 praesagit.
913 1173 1130 1223 Flagitium
1201 1178 1259 1210 est
1312 1174 1419 1223 quod
1473 1187 1544 1210 nos
1599 1174 1764 1210 dicimus

305 1241 561 1289 „Scanda1e“,
602 1243 649 1279 cf.
696 1242 803 1279 Trin.
854 1243 955 1279 614:
1022 1242 1256 1291 „Flagitium
1304 1242 1460 1291 quidem
1508 1242 1638 1278 hercle
1683 1240 1761 1287 fiet,

299 1312 373 1349 nisi
421 1311 490 1347 dos
537 1310 696 1348 dabitur
748 1309 937 1359 uirgini“.
991 1330 1038 1335 --
1090 1310 1144 1347 De
1192 1310 1330 1347 ordine
1375 1310 1586 1347 verborum
1631 1322 1666 1346 V.
1715 1308 1764 1346 ad

302 1381 395 1418 691.
458 1379 534 1416 Pro
579 1377 751 1416 mittetur
796 1378 907 1415 Both.
961 1376 1213 1425 ‚,mittatur“;
1261 1391 1336 1415 non
1383 1391 1493 1427 opus.
1565 1377 1620 1415 De
1665 1381 1762 1414 tem-

300 1461 439 1497 porum
483 1449 758 1485 consecutione
797 1461 832 1484 v.
872 1448 975 1484 infra
1017 1448 1111 1484 892.
1155 1466 1202 1472 -
1248 1447 1339 1484 696.
1372 1446 1613 1494 plicatricem
1651 1459 1698 1482 ex
1728 1446 1761 1482 A

301 1516 476 1554 Studem.
519 1516 649 1552 Herm.
691 1516 719 1552 I.
760 1529 798 1565 p.
841 1516 933 1561 289,
967 1517 1038 1565 qui*
1065 1516 1214 1552 confert
1247 1514 1491 1564 vestiplicam
1524 1514 1631 1551 Trin.
1666 1514 1759 1551 252.

299 1584 461 1622 Colerus
512 1581 766 1633 „piatricem“
816 1585 1029 1632 scripserat
1075 1597 1122 1620 ex
1168 1583 1282 1620 Festo
1329 1596 1366 1632 p.
1417 1584 1518 1620 213:
1583 1582 1762 1628 „Pistrix

301 1653 507 1690 dicebatur
552 1652 736 1690 sacerdos
782 1666 868 1702 quae
913 1653 1073 1701 expiare
1119 1657 1204 1688 erat
1250 1652 1378 1697 solita,
1428 1664 1541 1700 quam
1693 1650 1760 1687 alii

301 1734 444 1771 sagam,
478 1722 544 1757 alii
576 1722 831 1770 expiatricem
863 1718 1044 1757 vocant“.
1080 1739 1127 1745 -
1162 1731 1241 1757 non
1263 1721 1399 1766 potest,
1433 1732 1483 1756 sc.
1516 1717 1623 1765 fieri;
1655 1717 1759 1756 v.ad
1791 1746 1796 1749 -

301 1790 441 1839 Amph.
487 1791 578 1827 169.
618 1809 671 1815 —-
713 1790 923 1834 clementer,
963 1789 1185 1833 moderate3
1219 1793 1262 1825 ut
1293 1788 1356 1825 hic
1387 1787 1654 1824 immoderatae
1683 1786 1760 1823 lar-

302 1860 454 1907 gitioni,
495 1859 550 1895 ita
589 1859 682 1895 alibi
724 1858 964 1895 festinationi
1003 1857 1230 1906 opponitur,
1264 1870 1297 1894 v.
1331 1856 1446 1906 Epid.
1483 1856 1574 1893 206.
1637 1855 1757 1891 Merc.

302 1929 398 1965 940.
460 1927 582 1964 Stich.
625 1928 716 1964 533.
780 1926 909 1963 Etiam
950 1926 1067 1962 colles
1110 1926 1323 1962 clement-er
1365 1936 1528 1971 surgere
1561 1924 1756 1960 dicuntur.

303 2017 357 2021 —
390 1997 482 2034 697.
516 1996 678 2039 ceraria,
711 2008 798 2043 quae
830 2007 958 2031 ceram
991 1994 1141 2043 praebet
1173 1989 1244 2041 (P),
1270 2006 1344 2042 qua
1378 2005 1469 2029 num
1497 1991 1543 2028 ad
1569 1989 1759 2028 sacrificia

303 2070 370 2102 aut
408 2065 666 2101 lustrationes
706 2069 775 2100 aut
813 2062 861 2099 ad
902 2076 1017 2111 quam
1057 2063 1170 2099 aliam
1211 2075 1290 2098 rem
1324 2074 1422 2109 opus
1454 2061 1573 2097 fuerit
1605 2062 1757 2108 ignoro,

303 2136 354 2171 A:
400 2134 612 2180 ,‚ceriaria“
661 2135 867 2181 corrupte;
898 2144 988 2168 num
1025 2128 1265 2177 „fertaria“?
1299 2142 1321 2165 a
1352 2129 1468 2173 ferto,
1502 2141 1645 2176 genere
1676 2127 1757 2172 libi,

302 2202 408 2252 quod
448 2215 533 2238 oum
580 2206 687 2237 strue
734 2200 809 2236 diis
856 2198 1108 2236 offerebatur.
1184 2197 1276 2244 Quae
1323 2198 1493 2234 editores
1539 2200 1757 2242 tentarunt,

305 2272 461 2308 omnino
493 2268 750 2318 improbanda
782 2273 884 2313 sunt,
919 2267 1028 2304 velut
1059 2268 1225 2316 gei-aria,
1259 2266 1360 2314 quod
1388 2265 1483 2302 nihil
1502 2269 1571 2310 est,
1599 2265 1758 2312 toraria,

303 2352 418 2390 quam
467 2337 709 2386 ὠλενοτρόφον
754 2337 1084 2382 interpretantur,
1140 2334 1302 2384 γεραιρά,
1354 2334 1459 2382 quod
1507 2333 1554 2369 ad
1601 2331 1758 2370 Graecas

303 2409 514 2456 religiones
559 2407 746 2456 pertinet,
795 2418 829 2441 v.
870 2404 979 2441 Dem.
1021 2402 1146 2440 Neaer.
1189 2403 1252 2439 73.
1315 2401 1371 2438 Ne
1411 2403 1562 2438 turaria
1601 2401 1758 2450 quidem

304 2476 401 2513 mihi
439 2476 580 2524 placet.
620 2493 667 2498 —
714 2473 806 2510 699.
852 2472 953 2520 Quid
991 2473 1035 2508 A.
1077 2490 1131 2495 —
1173 2471 1265 2507 700.
1304 2469 1440 2507 horam
1479 2468 1544 2514 R.;
1591 2465 1755 2515 „huius“

305 2545 422 2581 etiam
455 2544 500 2581 A.
536 2562 587 2567 --
618 2543 773 2587 damna,
817 2541 862 2578 cf.
903 2541 952 2577 ad
984 2539 1095 2577 Curc.
1129 2540 1223 2576 471.
1260 2557 1306 2562 -
1343 2539 1436 2575 701.
1467 2539 1572 2575 serat
1601 2536 1758 2581 Lamb.;

309 2610 490 2659 „serant“
534 2615 659 2647 exstat
701 2611 815 2646 etiam
857 2610 895 2645 in
938 2610 980 2645 A.
1014 2628 1069 2632 —
1100 2609 1194 2646 702.
1236 2606 1291 2644 Da·
1320 2605 1386 2643 tibi
1408 2606 1570 2653 propitii
1598 2607 1700 2651 swrbi,
1733 2605 1757 2642 i.

304 2694 335 2718 e.
371 2693 503 2716 sanam
536 2684 705 2716 mentem
738 2677 870 2722 habes,
903 2677 948 2714 cf.
983 2677 1069 2714 Ter.
1106 2676 1260 2713 Phorm.
1295 2675 1394 2712 636:
1461 2674 1598 2719 „Satin
1630 2673 1686 2709 illi
1720 2672 1759 2710 di

304 2753 397 2785 suut
426 2746 645 2797 propitii?⁴'
692 2748 715 2783 i.
750 2760 780 2783 e.
812 2758 902 2782 num
936 2759 1039 2783 sanae
1070 2745 1211 2782 mentis
1242 2739 1328 2780 est‘?
1389 2742 1524 2780 Senec.
1557 2740 1631 2791 Ep.
1667 2741 1758 2787 110,
