1963 3243
302 225 381 264 182
981 220 1104 256 manti
1524 219 1570 265 v,
1594 207 1626 264 2,
1651 191 1862 280 42-ὦῇ

948 345 988 387 Η
997 359 1024 387 a
1032 359 1096 387 nn
1107 359 1132 387 o

297 416 637 461 Mesharbucca?
707 421 709 423 ’

930 487 1022 529 Mil
1032 503 1059 542 p
1069 487 1098 529 h
1107 489 1122 529 i
1132 501 1156 529 o

695 559 815 602 Istuc
844 558 926 601 tibi
957 560 1014 600 sit
1043 559 1190 613 potius
1221 572 1349 613 quam
1378 558 1496 600 mihi.

850 661 1232 715 Agorastocles

300 732 414 783 Quid
443 732 534 774 ait?

930 803 1157 858 Milphio

584 874 787 917 Miseram
818 888 909 917 esse
941 874 1165 928 praedicat
1194 874 1379 916 buccam
1411 860 1504 916 sib'i.
1701 884 1789 919 1000
1817 900 1820 914 .»
1839 862 1842 866 ’
1855 859 1858 863 ’

300 947 504 989 Fortasse
533 946 727 989 medicos
757 960 836 988 nos
868 959 963 988 esse
995 947 1262 990 arbitrarier.
1637 944 1652 960 '
1847 934 1855 939 ”

842 1048 1238 1102 Agorastocles

301 1120 348 1163 Si
377 1121 435 1162 ita
465 1123 542 1171 est,
573 1134 687 1174 nega
717 1134 833 1172 esse;
863 1120 963 1162 nolo
995 1133 1073 1172 ego
1105 1133 1251 1161 errare
1282 1119 1506 1173 hospitem.

299 1191 442 1235 Audin
471 1192 550 1234 tu?

957 1278 1036 1320 Ha
1043 1292 1073 1320 ‘n
1080 1292 1109 1319 n
1118 1291 1140 1319 o

628 1349 1054 1392 Rufeennucoistam.

851 1451 1241 1505 Agorastocles

1117 1523 1186 1565 Sic
1215 1523 1314 1565 uolo

299 1596 514 1649 Profecto,
544 1609 653 1639 uera
683 1599 839 1638 cuncta
869 1595 970 1636 huic
1000 1594 1252 1648 expedirier.

301 1669 436 1722 Roga,
467 1681 570 1710 num
601 1666 706 1722 quid
737 1681 845 1721 opus
876 1667 933 1709 sit
944 1666 964 1707 ἱ)

931 1769 1156 1823 Milphio

761 1896 765 1897 ⁷
1017 1840 1093 1891 Tu,
1125 1841 1201 1894 qui
1231 1853 1384 1882 zonam
1414 1853 1500 1880 non
1529 1837 1678 1888 habes,
1704 1847 1790 1882 1005
1835 1895 1850 1897 „

303 1913 416 1964 Quid
446 1913 490 1954 in
521 1912 632 1956 hanc
662 1913 844 1955 uenistis
876 1911 1027 1954 urbem
1057 1916 1134 1954 aut
1164 1911 1267 1965 quid
1300 1910 1540 1965 quaeritis?
1821 1902 1835 1923 ’·

952 2014 992 2056 Η
1002 2027 1029 2055 a
1039 2028 1065 2054 n
1076 2028 1104 2055 n
1117 2027 1141 2055 o

302 2071 556 2127 Muphursa.

846 2141 1242 2197 Agorastocles

633 2214 747 2266 Quid
777 2215 868 2258 ait‘?

956 2307 996 2349 H
1006 2321 1104 2350 ann
1117 2321 1142 2349 o

918 2380 1280 2422 Miuulechianna.

855 2480 1240 2535 Agorastocles

1242 2561 1253 2571 ¹
1328 2551 1452 2602 ,Quid
1481 2550 1630 2593 uenit?

395 2681 462 2716 999
485 2681 734 2718 meharboeca
757 2680 827 2716 ΒΟ
895 2681 982 2715 1002
1005 2679 1058 2714 ita
1083 2689 1151 2715 om.
1225 2680 1312 2714 1003
1338 2678 1366 2714 B
1391 2677 1490 2714 Audi
1508 2677 1575 2714 BG
1641 2676 1676 2712 X
1697 2676 1805 2721 m

305 2737 426 2773 rufein
449 2738 496 2782 A,
523 2737 631 2774 rufen
659 2737 688 2774 O
769 2737 933 2783 nyccho.
949 2739 1064 2772 sstam
1088 2736 1122 2771 A
1202 2737 1289 2771 1005
1315 2746 1444 2770 sonam
1467 2734 1523 2770 A*
1587 2734 1674 2770 1006
1697 2729 1821 2778 Quid*-

305 2794 370 2831 hin
393 2794 490 2831 hanc
513 2793 550 2828 B
642 2795 731 2830 1007
755 2793 1054 2830 Muiulechiauna
1079 2792 1110 2830 G
1774 2791 1790 2822 s*
