1963 3243
333 212 412 249 214
1004 205 1126 240 Plauti
1530 198 1582 248 Ὗ,
1607 208 1641 249 4,
1667 207 1779 243 8-13

918 332 1194 385 Eutychus

329 408 411 458 Qui
442 407 555 449 bono
587 412 688 448 sunt
719 419 875 458 genere
907 405 1011 454 nati,
1043 405 1082 445 sa·
1113 410 1215 445 sunt
1246 404 1418 457 ingenio
1451 404 1580 455 malo,

331 480 492 533 Suapte
517 479 645 532 culpa
667 491 824 532 genere
849 477 1023 527 cedunt,
1047 490 1181 530 genus
1207 476 1376 531 ingenio
1392 488 1515 530 quom
1531 475 1778 529 inprobant.

930 602 966 643 D
980 616 1002 643 e
1012 616 1052 643 m
1062 603 1075 643 i
1085 615 1112 656 p
1121 601 1151 643 h
1164 616 1188 643 o

332 662 492 704 Uerum
523 661 595 703 1110
625 659 743 702 dicit.

886 738 919 780 L
929 753 955 792 y
966 738 1058 779 sim
1069 751 1095 779 a
1107 751 1128 779 0
1139 737 1204 779 hu
1217 752 1236 779 s

737 811 836 853 Tibi
867 825 969 863 ergo
1002 810 1120 852 dicit.

920 931 1198 990 Eutychus

1113 1007 1178 1049 Eo
1209 1007 1317 1050 illud
1349 1013 1415 1051 est
1444 1015 1597 1051 uerum
1630 1010 1788 1074 magis3

331 1085 441 1125 Nam
471 1089 516 1124 te
546 1085 656 1124 istac
688 1087 831 1124 aetate
862 1081 980 1122 haud
1012 1094 1198 1135 aequom
1229 1080 1372 1122 fuerat
1401 1080 1491 1123 filio
1522 1086 1599 1123 tuo
1719 1092 1789 1127 960

332 1156 611 1198 Adulescenti
643 1155 807 1196 amanti
840 1154 1024 1196 amicam
1056 1155 1222 1208 eripere
1255 1158 1445 1209 emptam
1477 1158 1658 1207 argento
1689 1167 1782 1196 suo.

931 1280 1188 1333 Demipho

333 1354 445 1405 Quid
475 1359 524 1395 tu
557 1354 648 1396 ais?
710 1352 887 1394 Charini
919 1353 1103 1393 amicast
1133 1352 1240 1393 illa?

925 1478 1202 1533 Eutychus

1259 1550 1318 1592 Ut
1349 1551 1598 1593 dissimulat
1628 1551 1788 1593 malus!
1851 1528 1868 1547 ‘-

935 1631 1081 1672 Demi
1128 1631 1191 1672 ho

332 1706 409 1747 Ille
443 1706 619 1760 quidem
651 1704 770 1745 illam
805 1718 897 1745 sese
930 1645 1131 1744 aneillagi
1165 1704 1294 1744 matri
1327 1704 1482 1745 emisse
1515 1704 1697 1745 dixerat.

925 1829 1201 1883 Eutychus

333 1903 572 1957 Propterea
602 1903 736 1956 igitur
766 1906 815 1943 tu
847 1902 1089 1952 mercatu’s‚
1122 1915 1260 1944 nouos
1284 1907 1466 1954 amator,
1501 1906 1628 1944 uetus
1654 1901 1786 1956 puer?

887 2027 1239 2082 Lysimachus

334 2102 524 2155 Optume
561 2100 726 2152 hercle3
767 2114 897 2154 perge
927 2113 1070 2152 porro.
1132 2100 1222 2153 Ego
1263 2100 1475 2143 adsistam
1507 2100 1608 2142 hinc
1639 2099 1789 2142 altrin-

1421 2186 1558 2215 secus.
1723 2182 1788 2217 965

335 2245 502 2296 Quibus
535 2253 601 2288 est
633 2246 758 2287 dictis
791 2245 963 2299 dignus,
996 2259 1136 2299 usque
1169 2259 1394 2287 oneremus
1425 2245 1567 2287 ambo.

936 2371 971 2412 D
983 2385 1005 2412 e
1017 2385 1057 2412 m
1067 2372 1080 2412 i
1090 2386 1117 2425 p
1129 2371 1157 2412 h
1168 2385 1191 2413 o

1491 2428 1648 2470 Nullus
1683 2440 1790 2469 sum.

927 2508 1204 2562 Eutychus

337 2581 447 2623 Filio
481 2597 557 2622 suo
592 2583 664 2636 qui
697 2581 915 2622 innocenti
948 2581 1051 2623 fecit
1083 2587 1250 2622 tantam
1284 2581 1508 2631 iniuriam3

427 2719 494 2753 957
529 2720 607 2753 nati
639 2723 724 2753 sunt
840 2718 907 2752 958
940 2727 1076 2760 genere
1101 2717 1257 2761 capiunt
1280 2727 1396 2760 genus
1422 2716 1614 2759 ingenium
1726 2714 1794 2750 960

338 2779 463 2810 aetate
578 2777 642 2811 961
675 2778 838 2819 emptam
872 2777 1027 2817 argento
1053 2774 1199 2818 eripere
1313 2774 1380 2807 962
1404 2773 1558 2808 charine
1583 2772 1744 2807 atnicast
1766 2768 1795 2805 G
1855 2803 1898 2816 ,Χ
1931 2758 1938 2822 ’,ι

428 2834 494 2866 965
519 2844 632 2876 porro
659 2844 722 2868 om.
818 2842 907 2876 ergo
935 2830 965 2866 Ο
1054 2831 1188 2866 alterin
1213 2842 1317 2865 secus
