1963 3243
347 185 400 224 30
1008 182 1130 216 Plauti
1577 182 1626 225 11,
1651 184 1682 226 4,
1710 184 1796 218 1—9

500 354 668 397 SERUI
696 354 850 396 IDEM.
911 351 1380 395 PHILOCOMASIUM
1411 351 1643 394 MULIER.

922 477 1224 519 Palaestrio

342 551 578 605 Praecepta
608 550 738 592 facito
770 555 819 592 ut
848 550 1106 592 memineris.

837 651 1292 693 Philocomasium

1174 722 1351 763 Totiens
1382 736 1553 765 monere
1584 723 1791 764 mirumst.

910 824 1222 867 Palaestrio

341 901 397 942 At
427 905 571 941 metuo
602 903 650 940 ut
680 899 786 940 satis
819 899 877 939 sis
910 896 1104 938 subdola.

835 999 1290 1040 Philocomasium

1165 1069 1278 1112 Cedo
1310 1071 1379 1112 uel
1411 1071 1571 1121 decem,
1603 1071 1790 1114 edocebo

339 1147 528 1188 Minume
560 1144 695 1186 malas
725 1148 774 1184 ut
805 1144 894 1185 sint
925 1143 1076 1193 malae,
1106 1143 1210 1184 mihi
1241 1142 1358 1184 solae
1391 1143 1504 1196 quod
1535 1143 1725 1197 superfit.

910 1245 940 1286 P
952 1245 1069 1287 alae
1082 1259 1100 1286 s
1114 1246 1219 1287 trio

339 1323 426 1374 Age
449 1333 562 1361 nunc
589 1320 672 1360 iam
698 1319 846 1359 insiste
871 1318 913 1358 in
939 1317 1081 1368 dolos3
1114 1331 1192 1370 ego
1219 1317 1296 1358 abs
1323 1321 1365 1358 te
1398 1317 1545 1370 procul
1579 1318 1789 1359 recedam.

339 1392 447 1442 Quid
467 1394 531 1433 ais
548 1397 606 1442 tu,
625 1390 852 1432 Sceledre?

924 1469 1211 1511 Sceledrus

564 1542 686 1583 Hanc
703 1555 789 1582 rem
810 1554 922 1593 gero.
969 1541 1120 1582 Habeo
1139 1540 1267 1590 auris,
1284 1540 1472 1593 loquere,
1492 1541 1592 1594 quid
1614 1542 1689 1582 uis.
1724 1553 1790 1586 360

916 1643 1217 1684 Palaestrio

336 1717 472 1760 Credo
491 1732 568 1771 ego
586 1718 696 1759 istoc
720 1715 916 1769 exemplo
940 1714 1020 1757 tibi
1045 1729 1139 1756 esse
1165 1715 1431 1768 pereundum
1455 1719 1579 1758 extra
1602 1721 1786 1770 portam,

337 1790 550 1844 Dispessis
581 1788 781 1830 manibus
813 1787 1058 1842 patibulum
1092 1801 1221 1840 quom
1254 1786 1446 1829 habebis.

920 1888 1203 1931 Sceledrus

1308 1946 1548 1996 Quamnam
1580 1946 1634 1988 ob
1665 1948 1785 1989 rem?

906 2027 1216 2067 Palaestrio

337 2102 516 2156 Respice
549 2101 649 2142 (lum
681 2100 735 2142 ad
766 2100 956 2151 laeuam;
989 2099 1087 2152 quis
1118 2098 1245 2140 illaec
1277 2102 1342 2139 est
1374 2098 1555 2139 mulier?

919 2202 945 2243 S
961 2201 1108 2242 celed
1122 2215 1208 2242 rus

1333 2258 1414 2299 Pro
1446 2257 1489 2299 di
1519 2258 1783 2309 inmortales,

335 2319 408 2360 Eri
440 2318 724 2360 concubinast
754 2316 860 2358 haec
890 2315 1077 2370 quidem.

537 2453 693 2486 EIDEM
719 2449 1127 2486 PHILOCOMASIUM
1153 2449 1298 2485 SERUI
1324 2450 1356 2484 11
1383 2449 1574 2485 MULIER
1601 2449 1628 2484 G

426 2512 490 2544 356
515 2510 621 2543 tolles
647 2509 712 2544 BC
813 2519 964 2542 munera
990 2507 1024 2541 B
1126 2509 1191 2541 357
1219 2511 1256 2541 ut
1280 2518 1345 2542 om.
1373 2508 1404 2541 A
1506 2507 1595 2541 dece
1621 2507 1784 2542 edocebo

336 2568 380 2608 B,
414 2568 492 2601 (lice
526 2578 584 2601 me
618 2566 759 2601 docebo
789 2565 818 2600 G
916 2567 982 2599 358
1008 2565 1157 2598 Memini
1183 2564 1252 2599 BG
1352 2575 1424 2608 quo
1449 2563 1516 2598 BC
1616 2566 1682 2599 359
1712 2566 1782 2599 iam

335 2636 431 2658 nunc
457 2624 521 2658 BC
600 2625 665 2657 360
690 2622 784 2666 Quid
811 2627 891 2656 astu
912 2621 957 2660 B.
984 2622 1071 2665 quid
1098 2626 1173 2655 stas
1195 2622 1223 2655 C
1302 2621 1444 2656 celebre
1469 2621 1503 2654 B
1584 2622 1652 2656 hac
1680 2621 1709 2657 C

334 2683 395 2715 361
424 2682 517 2714 istuc
543 2680 608 2714 BC
706 2692 785 2715 esse
811 2679 972 2714 eundum
999 2683 1163 2713 actutum
1192 2681 1220 2712 si
1247 2683 1353 2713 extra
1377 2684 1524 2721 portam
1550 2684 1603 2712 est
1631 2678 1696 2713 BC

336 2739 400 2771 362
432 2737 622 2780 Dispensis
655 2739 697 2780 A,
736 2737 921 2781 Dispersis
947 2735 1016 2770 BG
1115 2736 1229 2769 habet
1254 2736 1309 2769 uis
1335 2735 1380 2777 B,
1421 2735 1554 2769 uidetis
1581 2736 1611 2768 A
1717 2737 1783 2770 363

335 2795 451 2828 allena
480 2793 510 2827 B
602 2794 663 2828 illa
688 2795 755 2828 hec
780 2793 816 2827 B
908 2793 956 2827 (Ιῦ
983 2793 1012 2827 0
