<?xml version="1.0" encoding="UTF-8"?>
<!DOCTYPE html PUBLIC "-//W3C//DTD XHTML 1.0 Transitional//EN"
    "http://www.w3.org/TR/xhtml1/DTD/xhtml1-transitional.dtd">
<html xmlns="http://www.w3.org/1999/xhtml" xml:lang="en" lang="en">
 <head>
  <title>
</title>
<meta http-equiv="Content-Type" content="text/html;charset=utf-8" />
  <meta name='ocr-system' content='tesseract 3.04.00' />
  <meta name='ocr-capabilities' content='ocr_page ocr_carea ocr_par ocr_line ocrx_word'/>
</head>
<body>
  <div class='ocr_page' id='page_1' title='image "./comoediaerecensu04plauuoft_0421.png"; bbox 0 0 1963 3243; ppageno 0'>
   <div class='ocr_carea' id='block_1_1' title="bbox 136 239 1615 284">
    <p class='ocr_par' dir='ltr' id='par_1_1' title="bbox 136 239 1615 284">
     <span class='ocr_line' id='line_1_1' title="bbox 136 239 1615 284; baseline -0.001 -9"><span class='ocrx_word' id='word_1_1' title='bbox 136 239 184 282; x_wconf 86' lang='lat'>11,</span> <span class='ocrx_word' id='word_1_2' title='bbox 212 241 244 281; x_wconf 78' lang='lat'>2,</span> <span class='ocrx_word' id='word_1_3' title='bbox 276 240 406 274; x_wconf 85' lang='lat'>10—19</span> <span class='ocrx_word' id='word_1_4' title='bbox 765 240 979 274; x_wconf 75' lang='lat' dir='ltr'>Pseudolus.</span> <span class='ocrx_word' id='word_1_5' title='bbox 1569 247 1615 284; x_wconf 83' lang='lat'>51</span> 
     </span>
    </p>
   </div>
   <div class='ocr_carea' id='block_1_2' title="bbox 136 365 1429 492">
    <p class='ocr_par' dir='ltr' id='par_1_2' title="bbox 136 365 1429 492">
     <span class='ocr_line' id='line_1_2' title="bbox 775 365 989 407; baseline 0.005 -1"><span class='ocrx_word' id='word_1_6' title='bbox 775 365 880 407; x_wconf 84' lang='lat' dir='ltr'>Har</span> <span class='ocrx_word' id='word_1_7' title='bbox 902 381 915 407; x_wconf 86' lang='grc'>)</span> <span class='ocrx_word' id='word_1_8' title='bbox 929 380 989 407; x_wconf 84' lang='lat' dir='ltr'>ax</span> 
     </span>
     <span class='ocr_line' id='line_1_3' title="bbox 136 381 1429 492; baseline -0.002 -12"><span class='ocrx_word' id='word_1_9' title='bbox 136 436 300 480; x_wconf 87' lang='lat' dir='ltr'>Ostium</span> <span class='ocrx_word' id='word_1_10' title='bbox 334 437 514 491; x_wconf 82' lang='lat' dir='ltr'>pultabo</span> <span class='ocrx_word' id='word_1_11' title='bbox 546 442 677 492; x_wconf 84' lang='lat' dir='ltr'>atque</span> <span class='ocrx_word' id='word_1_12' title='bbox 709 438 824 479; x_wconf 86' lang='lat' dir='ltr'>intus</span> <span class='ocrx_word' id='word_1_13' title='bbox 857 381 1049 479; x_wconf 70' lang='lat' dir='ltr'>edocabo</span> <span class='ocrx_word' id='word_1_14' title='bbox 1083 437 1270 491; x_wconf 86' lang='lat' dir='ltr'>aliquem</span> <span class='ocrx_word' id='word_1_15' title='bbox 1301 437 1429 479; x_wconf 78' lang='lat' dir='ltr'>foras.</span> 
     </span>
    </p>
   </div>
   <div class='ocr_carea' id='block_1_3' title="bbox 135 539 1623 737">
    <p class='ocr_par' dir='ltr' id='par_1_3' title="bbox 135 539 1623 737">
     <span class='ocr_line' id='line_1_4' title="bbox 726 539 1028 581; baseline 0.003 -2"><span class='ocrx_word' id='word_1_16' title='bbox 726 539 1028 581; x_wconf 83' lang='lat' dir='ltr'>Pseudolus</span> 
     </span>
     <span class='ocr_line' id='line_1_5' title="bbox 137 610 1492 665; baseline 0.001 -12"><span class='ocrx_word' id='word_1_17' title='bbox 137 610 340 665; x_wconf 85' lang='lat' dir='ltr'>Quisquis</span> <span class='ocrx_word' id='word_1_18' title='bbox 373 626 431 658; x_wconf 76' lang='lat' dir='ltr'>es,</span> <span class='ocrx_word' id='word_1_19' title='bbox 463 611 750 665; x_wconf 83' lang='lat' dir='ltr'>conpendium</span> <span class='ocrx_word' id='word_1_20' title='bbox 784 624 862 663; x_wconf 81' lang='lat' dir='ltr'>ego</span> <span class='ocrx_word' id='word_1_21' title='bbox 894 617 936 652; x_wconf 87' lang='lat' dir='ltr'>te</span> <span class='ocrx_word' id='word_1_22' title='bbox 968 610 1110 653; x_wconf 85' lang='lat' dir='ltr'>facere</span> <span class='ocrx_word' id='word_1_23' title='bbox 1143 611 1339 665; x_wconf 83' lang='lat' dir='ltr'>pultandi</span> <span class='ocrx_word' id='word_1_24' title='bbox 1371 612 1492 664; x_wconf 88' lang='lat' dir='ltr'>uolo;</span> 
     </span>
     <span class='ocr_line' id='line_1_6' title="bbox 135 681 1623 737; baseline 0.003 -13"><span class='ocrx_word' id='word_1_25' title='bbox 135 683 242 725; x_wconf 85' lang='lat' dir='ltr'>Nam</span> <span class='ocrx_word' id='word_1_26' title='bbox 277 697 353 736; x_wconf 88' lang='lat' dir='ltr'>ego</span> <span class='ocrx_word' id='word_1_27' title='bbox 385 688 587 737; x_wconf 80' lang='lat' dir='ltr'>precator</span> <span class='ocrx_word' id='word_1_28' title='bbox 619 688 661 724; x_wconf 89' lang='lat' dir='ltr'>et</span> <span class='ocrx_word' id='word_1_29' title='bbox 694 688 898 737; x_wconf 87' lang='lat' dir='ltr'>patronus</span> <span class='ocrx_word' id='word_1_30' title='bbox 931 681 1097 724; x_wconf 88' lang='lat' dir='ltr'>foribus</span> <span class='ocrx_word' id='word_1_31' title='bbox 1130 685 1319 736; x_wconf 84' lang='lat' dir='ltr'>processi</span> <span class='ocrx_word' id='word_1_32' title='bbox 1352 683 1481 726; x_wconf 83' lang='lat' dir='ltr'>foras.</span> <span class='ocrx_word' id='word_1_33' title='bbox 1556 695 1623 728; x_wconf 87' lang='lat'>610</span> 
     </span>
    </p>
   </div>
   <div class='ocr_carea' id='block_1_4' title="bbox 134 784 983 899">
    <p class='ocr_par' dir='ltr' id='par_1_4' title="bbox 134 784 983 899">
     <span class='ocr_line' id='line_1_7' title="bbox 770 784 983 839; baseline 0 -14"><span class='ocrx_word' id='word_1_34' title='bbox 770 784 807 825; x_wconf 90' lang='lat' dir='ltr'><strong>H</strong></span> <span class='ocrx_word' id='word_1_35' title='bbox 820 798 910 839; x_wconf 86' lang='lat' dir='ltr'>arp</span> <span class='ocrx_word' id='word_1_36' title='bbox 922 798 945 826; x_wconf 86' lang='lat' dir='ltr'>a</span> <span class='ocrx_word' id='word_1_37' title='bbox 957 800 983 825; x_wconf 83' lang='lat' dir='ltr'><strong>x</strong></span> 
     </span>
     <span class='ocr_line' id='line_1_8' title="bbox 134 855 530 899; baseline -0.003 -1"><span class='ocrx_word' id='word_1_38' title='bbox 134 856 251 899; x_wconf 88' lang='lat' dir='ltr'>Tune</span> <span class='ocrx_word' id='word_1_39' title='bbox 284 870 328 898; x_wconf 88' lang='lat' dir='ltr'>es</span> <span class='ocrx_word' id='word_1_40' title='bbox 361 855 530 898; x_wconf 77' lang='lat' dir='ltr'>Ballio?</span> 
     </span>
    </p>
   </div>
   <div class='ocr_carea' id='block_1_5' title="bbox 596 935 1497 1062">
    <p class='ocr_par' dir='ltr' id='par_1_5' title="bbox 596 935 1497 1062">
     <span class='ocr_line' id='line_1_9' title="bbox 727 935 1027 978; baseline 0.003 -1"><span class='ocrx_word' id='word_1_41' title='bbox 727 935 1027 978; x_wconf 82' lang='lat' dir='ltr'>Pseudolus</span> 
     </span>
     <span class='ocr_line' id='line_1_10' title="bbox 596 1008 1497 1062; baseline 0 -13"><span class='ocrx_word' id='word_1_42' title='bbox 596 1008 730 1049; x_wconf 90' lang='lat' dir='ltr'>Immo</span> <span class='ocrx_word' id='word_1_43' title='bbox 763 1022 866 1050; x_wconf 88' lang='lat' dir='ltr'>uero</span> <span class='ocrx_word' id='word_1_44' title='bbox 898 1022 976 1062; x_wconf 87' lang='lat' dir='ltr'>ego</span> <span class='ocrx_word' id='word_1_45' title='bbox 1009 1009 1100 1050; x_wconf 87' lang='lat' dir='ltr'>eius</span> <span class='ocrx_word' id='word_1_46' title='bbox 1134 1022 1227 1050; x_wconf 89' lang='lat' dir='ltr'>sum</span> <span class='ocrx_word' id='word_1_47' title='bbox 1260 1008 1497 1051; x_wconf 84' lang='lat' dir='ltr'>Subballio.</span> 
     </span>
    </p>
   </div>
   <div class='ocr_carea' id='block_1_6' title="bbox 134 1110 984 1233">
    <p class='ocr_par' dir='ltr' id='par_1_6' title="bbox 134 1110 984 1233">
     <span class='ocr_line' id='line_1_11' title="bbox 770 1110 984 1164; baseline 0 -13"><span class='ocrx_word' id='word_1_48' title='bbox 770 1110 984 1164; x_wconf 81' lang='lat' dir='ltr'>Harpax</span> 
     </span>
     <span class='ocr_line' id='line_1_12' title="bbox 134 1182 670 1233; baseline -0.004 -9"><span class='ocrx_word' id='word_1_49' title='bbox 134 1182 244 1233; x_wconf 87' lang='lat' dir='ltr'>Quid</span> <span class='ocrx_word' id='word_1_50' title='bbox 276 1183 389 1225; x_wconf 88' lang='lat' dir='ltr'>istuc</span> <span class='ocrx_word' id='word_1_51' title='bbox 420 1183 542 1224; x_wconf 89' lang='lat' dir='ltr'>uerbi</span> <span class='ocrx_word' id='word_1_52' title='bbox 575 1182 670 1224; x_wconf 67' lang='lat' dir='ltr'>est?</span> 
     </span>
    </p>
   </div>
   <div class='ocr_carea' id='block_1_7' title="bbox 675 1276 1621 1403">
    <p class='ocr_par' dir='ltr' id='par_1_7' title="bbox 675 1276 1621 1403">
     <span class='ocr_line' id='line_1_13' title="bbox 717 1276 1022 1318; baseline 0 0"><span class='ocrx_word' id='word_1_53' title='bbox 717 1276 748 1317; x_wconf 95' lang='lat' dir='ltr'>P</span> <span class='ocrx_word' id='word_1_54' title='bbox 762 1291 780 1318; x_wconf 89' lang='lat' dir='ltr'>s</span> <span class='ocrx_word' id='word_1_55' title='bbox 795 1291 816 1318; x_wconf 90' lang='lat' dir='ltr'>e</span> <span class='ocrx_word' id='word_1_56' title='bbox 828 1291 856 1318; x_wconf 90' lang='lat' dir='ltr'>u</span> <span class='ocrx_word' id='word_1_57' title='bbox 869 1276 894 1318; x_wconf 91' lang='lat' dir='ltr'>d</span> <span class='ocrx_word' id='word_1_58' title='bbox 909 1276 992 1318; x_wconf 92' lang='lat' dir='ltr'>olu</span> <span class='ocrx_word' id='word_1_59' title='bbox 1003 1291 1022 1318; x_wconf 91' lang='lat' dir='ltr'>s</span> 
     </span>
     <span class='ocr_line' id='line_1_14' title="bbox 675 1347 1621 1403; baseline 0.001 -13"><span class='ocrx_word' id='word_1_60' title='bbox 675 1347 847 1390; x_wconf 89' lang='lat' dir='ltr'>Condus</span> <span class='ocrx_word' id='word_1_61' title='bbox 878 1362 1054 1402; x_wconf 90' lang='lat' dir='ltr'>promus</span> <span class='ocrx_word' id='word_1_62' title='bbox 1087 1362 1193 1399; x_wconf 79' lang='lat' dir='ltr'>sum,</span> <span class='ocrx_word' id='word_1_63' title='bbox 1224 1353 1479 1402; x_wconf 87' lang='lat' dir='ltr'>procurator</span> <span class='ocrx_word' id='word_1_64' title='bbox 1509 1350 1621 1403; x_wconf 88' lang='lat' dir='ltr'>peni.</span> 
     </span>
    </p>
   </div>
   <div class='ocr_carea' id='block_1_8' title="bbox 134 1451 987 1573">
    <p class='ocr_par' dir='ltr' id='par_1_8' title="bbox 134 1451 987 1573">
     <span class='ocr_line' id='line_1_15' title="bbox 770 1451 987 1503; baseline 0.005 -11"><span class='ocrx_word' id='word_1_65' title='bbox 770 1451 817 1492; x_wconf 89' lang='lat' dir='ltr'>H</span> <span class='ocrx_word' id='word_1_66' title='bbox 823 1465 844 1493; x_wconf 81' lang='grc' dir='ltr'><em>α</em></span> <span class='ocrx_word' id='word_1_67' title='bbox 859 1465 912 1503; x_wconf 76' lang='lat' dir='ltr'>rp</span> <span class='ocrx_word' id='word_1_68' title='bbox 925 1464 987 1493; x_wconf 76' lang='lat' dir='ltr'>ax</span> 
     </span>
     <span class='ocr_line' id='line_1_16' title="bbox 134 1521 766 1573; baseline 0 -9"><span class='ocrx_word' id='word_1_69' title='bbox 134 1521 266 1573; x_wconf 88' lang='lat' dir='ltr'>Quasi</span> <span class='ocrx_word' id='word_1_70' title='bbox 297 1528 339 1566; x_wconf 90' lang='lat' dir='ltr'>te</span> <span class='ocrx_word' id='word_1_71' title='bbox 373 1523 491 1565; x_wconf 90' lang='lat' dir='ltr'>dicas</span> <span class='ocrx_word' id='word_1_72' title='bbox 523 1525 766 1566; x_wconf 81' lang='lat' dir='ltr'>atriensem.</span> 
     </span>
    </p>
   </div>
   <div class='ocr_carea' id='block_1_9' title="bbox 730 1626 1484 1752">
    <p class='ocr_par' dir='ltr' id='par_1_9' title="bbox 730 1626 1484 1752">
     <span class='ocr_line' id='line_1_17' title="bbox 730 1626 1026 1668; baseline -0.003 0"><span class='ocrx_word' id='word_1_73' title='bbox 730 1626 1026 1668; x_wconf 88' lang='lat' dir='ltr'>Pseudolus</span> 
     </span>
     <span class='ocr_line' id='line_1_18' title="bbox 830 1698 1484 1752; baseline -0.003 -12"><span class='ocrx_word' id='word_1_74' title='bbox 830 1699 963 1740; x_wconf 87' lang='lat' dir='ltr'>Immo</span> <span class='ocrx_word' id='word_1_75' title='bbox 997 1698 1178 1739; x_wconf 85' lang='lat' dir='ltr'>atriensi</span> <span class='ocrx_word' id='word_1_76' title='bbox 1210 1711 1287 1751; x_wconf 88' lang='lat' dir='ltr'>ego</span> <span class='ocrx_word' id='word_1_77' title='bbox 1319 1699 1484 1752; x_wconf 83' lang='lat' dir='ltr'>inpero.</span> 
     </span>
    </p>
   </div>
   <div class='ocr_carea' id='block_1_10' title="bbox 133 1801 987 1922">
    <p class='ocr_par' dir='ltr' id='par_1_10' title="bbox 133 1801 987 1922">
     <span class='ocr_line' id='line_1_19' title="bbox 770 1801 987 1854; baseline 0.005 -12"><span class='ocrx_word' id='word_1_78' title='bbox 770 1801 987 1854; x_wconf 84' lang='lat' dir='ltr'>Harpax</span> 
     </span>
     <span class='ocr_line' id='line_1_20' title="bbox 133 1869 915 1922; baseline 0 -9"><span class='ocrx_word' id='word_1_79' title='bbox 133 1869 245 1920; x_wconf 88' lang='lat' dir='ltr'>Quid</span> <span class='ocrx_word' id='word_1_80' title='bbox 278 1877 338 1922; x_wconf 87' lang='lat' dir='ltr'>tu,</span> <span class='ocrx_word' id='word_1_81' title='bbox 373 1886 580 1915; x_wconf 86' lang='lat' dir='ltr'>seruosne</span> <span class='ocrx_word' id='word_1_82' title='bbox 614 1887 659 1915; x_wconf 89' lang='lat' dir='ltr'>es</span> <span class='ocrx_word' id='word_1_83' title='bbox 691 1887 746 1915; x_wconf 83' lang='lat' dir='ltr'>an</span> <span class='ocrx_word' id='word_1_84' title='bbox 777 1872 915 1914; x_wconf 74' lang='lat' dir='ltr'>liber?</span> 
     </span>
    </p>
   </div>
   <div class='ocr_carea' id='block_1_11' title="bbox 726 1963 1621 2088">
    <p class='ocr_par' dir='ltr' id='par_1_11' title="bbox 726 1963 1621 2088">
     <span class='ocr_line' id='line_1_21' title="bbox 726 1963 1026 2006; baseline -0.003 0"><span class='ocrx_word' id='word_1_85' title='bbox 726 1964 757 2006; x_wconf 91' lang='lat' dir='ltr'>P</span> <span class='ocrx_word' id='word_1_86' title='bbox 769 1979 787 2005; x_wconf 88' lang='lat' dir='ltr'>s</span> <span class='ocrx_word' id='word_1_87' title='bbox 800 1979 821 2006; x_wconf 91' lang='lat' dir='ltr'>e</span> <span class='ocrx_word' id='word_1_88' title='bbox 834 1965 897 2006; x_wconf 91' lang='lat' dir='ltr'>ud</span> <span class='ocrx_word' id='word_1_89' title='bbox 910 1978 933 2006; x_wconf 92' lang='lat'>0</span> <span class='ocrx_word' id='word_1_90' title='bbox 944 1963 957 2004; x_wconf 93' lang='lat' dir='ltr'>l</span> <span class='ocrx_word' id='word_1_91' title='bbox 967 1979 994 2005; x_wconf 94' lang='lat' dir='ltr'>u</span> <span class='ocrx_word' id='word_1_92' title='bbox 1008 1978 1026 2005; x_wconf 91' lang='lat' dir='ltr'>s</span> 
     </span>
     <span class='ocr_line' id='line_1_22' title="bbox 940 2035 1621 2088; baseline -0.003 -10"><span class='ocrx_word' id='word_1_93' title='bbox 940 2037 1064 2078; x_wconf 88' lang='lat' dir='ltr'>Nunc</span> <span class='ocrx_word' id='word_1_94' title='bbox 1095 2035 1269 2088; x_wconf 89' lang='lat' dir='ltr'>quidem</span> <span class='ocrx_word' id='word_1_95' title='bbox 1301 2035 1433 2076; x_wconf 86' lang='lat' dir='ltr'>etiam</span> <span class='ocrx_word' id='word_1_96' title='bbox 1467 2036 1621 2077; x_wconf 89' lang='lat' dir='ltr'>seruio.</span> 
     </span>
    </p>
   </div>
   <div class='ocr_carea' id='block_1_12' title="bbox 134 2127 1622 2253">
    <p class='ocr_par' dir='ltr' id='par_1_12' title="bbox 134 2127 1622 2253">
     <span class='ocr_line' id='line_1_23' title="bbox 771 2127 985 2182; baseline 0.005 -14"><span class='ocrx_word' id='word_1_97' title='bbox 771 2127 985 2182; x_wconf 78' lang='lat' dir='ltr'>Harpax</span> 
     </span>
     <span class='ocr_line' id='line_1_24' title="bbox 134 2196 1622 2253; baseline 0.002 -15"><span class='ocrx_word' id='word_1_98' title='bbox 134 2196 200 2239; x_wconf 80' lang='lat' dir='ltr'>Ita</span> <span class='ocrx_word' id='word_1_99' title='bbox 231 2198 400 2250; x_wconf 81' lang='lat' dir='ltr'>uidere3</span> <span class='ocrx_word' id='word_1_100' title='bbox 433 2204 475 2241; x_wconf 90' lang='lat' dir='ltr'>et</span> <span class='ocrx_word' id='word_1_101' title='bbox 506 2213 590 2241; x_wconf 92' lang='lat' dir='ltr'>non</span> <span class='ocrx_word' id='word_1_102' title='bbox 622 2199 771 2241; x_wconf 90' lang='lat' dir='ltr'>uidere</span> <span class='ocrx_word' id='word_1_103' title='bbox 804 2199 958 2253; x_wconf 86' lang='lat' dir='ltr'>dignus</span> <span class='ocrx_word' id='word_1_104' title='bbox 990 2200 1064 2253; x_wconf 91' lang='lat' dir='ltr'>qui</span> <span class='ocrx_word' id='word_1_105' title='bbox 1094 2196 1204 2241; x_wconf 75' lang='lat' dir='ltr'>lib&#39;er</span> <span class='ocrx_word' id='word_1_106' title='bbox 1235 2199 1329 2240; x_wconf 88' lang='lat' dir='ltr'>sies.</span> <span class='ocrx_word' id='word_1_107' title='bbox 1555 2208 1622 2242; x_wconf 86' lang='lat'>615</span> 
     </span>
    </p>
   </div>
   <div class='ocr_carea' id='block_1_13' title="bbox 134 2301 1391 2429">
    <p class='ocr_par' dir='ltr' id='par_1_13' title="bbox 134 2301 1391 2429">
     <span class='ocr_line' id='line_1_25' title="bbox 729 2301 1029 2344; baseline 0 -1"><span class='ocrx_word' id='word_1_108' title='bbox 729 2301 1029 2344; x_wconf 89' lang='lat' dir='ltr'>Pseudolus</span> 
     </span>
     <span class='ocr_line' id='line_1_26' title="bbox 134 2371 1391 2429; baseline 0 -16"><span class='ocrx_word' id='word_1_109' title='bbox 134 2371 229 2414; x_wconf 89' lang='lat' dir='ltr'>Non</span> <span class='ocrx_word' id='word_1_110' title='bbox 262 2372 375 2415; x_wconf 90' lang='lat' dir='ltr'>soles</span> <span class='ocrx_word' id='word_1_111' title='bbox 406 2375 624 2428; x_wconf 89' lang='lat' dir='ltr'>respicere</span> <span class='ocrx_word' id='word_1_112' title='bbox 655 2380 709 2425; x_wconf 88' lang='lat' dir='ltr'>te,</span> <span class='ocrx_word' id='word_1_113' title='bbox 743 2389 872 2429; x_wconf 91' lang='lat' dir='ltr'>quom</span> <span class='ocrx_word' id='word_1_114' title='bbox 906 2375 1012 2416; x_wconf 90' lang='lat' dir='ltr'>dicis</span> <span class='ocrx_word' id='word_1_115' title='bbox 1042 2374 1215 2415; x_wconf 61' lang='lat' dir='ltr'>iniuste⁴</span> <span class='ocrx_word' id='word_1_116' title='bbox 1234 2372 1391 2415; x_wconf 79' lang='lat' dir='ltr'>alteri?</span> 
     </span>
    </p>
   </div>
   <div class='ocr_carea' id='block_1_14' title="bbox 134 2475 1035 2601">
    <p class='ocr_par' dir='ltr' id='par_1_14' title="bbox 134 2475 1035 2601">
     <span class='ocr_line' id='line_1_27' title="bbox 770 2475 986 2530; baseline 0 -12"><span class='ocrx_word' id='word_1_117' title='bbox 770 2475 986 2530; x_wconf 85' lang='lat' dir='ltr'>Harpax</span> 
     </span>
     <span class='ocr_line' id='line_1_28' title="bbox 134 2545 1035 2601; baseline -0.001 -13"><span class='ocrx_word' id='word_1_118' title='bbox 134 2545 256 2588; x_wconf 88' lang='lat' dir='ltr'>Hunc</span> <span class='ocrx_word' id='word_1_119' title='bbox 286 2547 501 2589; x_wconf 88' lang='lat' dir='ltr'>hominem</span> <span class='ocrx_word' id='word_1_120' title='bbox 534 2548 692 2589; x_wconf 87' lang='lat' dir='ltr'>malum</span> <span class='ocrx_word' id='word_1_121' title='bbox 726 2561 819 2589; x_wconf 89' lang='lat' dir='ltr'>esse</span> <span class='ocrx_word' id='word_1_122' title='bbox 853 2552 1035 2601; x_wconf 79' lang='lat' dir='ltr'>oportet.</span> 
     </span>
    </p>
   </div>
   <div class='ocr_carea' id='block_1_15' title="bbox 140 2649 431 2654">
    <p class='ocr_par' dir='ltr' id='par_1_15' title="bbox 140 2649 431 2654">
     <span class='ocr_line' id='line_1_29' title="bbox 140 2649 431 2654; baseline 0 0"><span class='ocrx_word' id='word_1_123' title='bbox 140 2649 431 2654; x_wconf 95' lang='lat' dir='ltr'> </span> 
     </span>
    </p>
   </div>
   <div class='ocr_carea' id='block_1_16' title="bbox 135 2704 1624 2853">
    <p class='ocr_par' dir='ltr' id='par_1_16' title="bbox 135 2704 1624 2853">
     <span class='ocr_line' id='line_1_30' title="bbox 222 2704 1624 2749; baseline -0.001 -9"><span class='ocrx_word' id='word_1_124' title='bbox 222 2706 290 2740; x_wconf 87' lang='grc'>608</span> <span class='ocrx_word' id='word_1_125' title='bbox 314 2705 389 2739; x_wconf 84' lang='grc' dir='ltr'>ΗΑ.</span> <span class='ocrx_word' id='word_1_126' title='bbox 417 2717 482 2741; x_wconf 87' lang='lat' dir='ltr'>om.</span> <span class='ocrx_word' id='word_1_127' title='bbox 509 2704 544 2740; x_wconf 90' lang='lat' dir='ltr'><strong><em>B</em></strong></span> <span class='ocrx_word' id='word_1_128' title='bbox 650 2705 822 2739; x_wconf 77' lang='lat' dir='ltr'>Hostium</span> <span class='ocrx_word' id='word_1_129' title='bbox 848 2705 908 2748; x_wconf 90' lang='lat' dir='ltr'>pul</span> <span class='ocrx_word' id='word_1_130' title='bbox 936 2705 1041 2739; x_wconf 83' lang='lat' dir='ltr'>stabo</span> <span class='ocrx_word' id='word_1_131' title='bbox 1068 2704 1102 2739; x_wconf 90' lang='grc' dir='ltr'><em>Β</em></span> <span class='ocrx_word' id='word_1_132' title='bbox 1207 2706 1273 2738; x_wconf 83' lang='grc'>609</span> <span class='ocrx_word' id='word_1_133' title='bbox 1299 2704 1451 2749; x_wconf 85' lang='lat' dir='ltr'>putandi</span> <span class='ocrx_word' id='word_1_134' title='bbox 1556 2705 1624 2738; x_wconf 87' lang='lat'>610</span> 
     </span>
     <span class='ocr_line' id='line_1_31' title="bbox 136 2761 1506 2804; baseline -0.001 -8"><span class='ocrx_word' id='word_1_135' title='bbox 136 2767 308 2804; x_wconf 77' lang='lat' dir='ltr'>peccator</span> <span class='ocrx_word' id='word_1_136' title='bbox 332 2762 367 2796; x_wconf 88' lang='lat' dir='ltr'><em>B</em></span> <span class='ocrx_word' id='word_1_137' title='bbox 487 2764 550 2796; x_wconf 82' lang='grc'>611</span> <span class='ocrx_word' id='word_1_138' title='bbox 579 2773 597 2796; x_wconf 88' lang='lat' dir='ltr'>e</span> <span class='ocrx_word' id='word_1_139' title='bbox 624 2762 761 2796; x_wconf 85' lang='lat' dir='ltr'>oballio</span> <span class='ocrx_word' id='word_1_140' title='bbox 786 2762 830 2800; x_wconf 89' lang='lat' dir='ltr'>B,</span> <span class='ocrx_word' id='word_1_141' title='bbox 857 2768 911 2795; x_wconf 58' lang='grc' dir='ltr'>νει</span> <span class='ocrx_word' id='word_1_142' title='bbox 938 2762 1075 2796; x_wconf 84' lang='lat' dir='ltr'>oballio</span> <span class='ocrx_word' id='word_1_143' title='bbox 1102 2762 1130 2796; x_wconf 88' lang='lat' dir='ltr'><strong><em>C</em></strong></span> <span class='ocrx_word' id='word_1_144' title='bbox 1247 2763 1314 2796; x_wconf 77' lang='lat'>613</span> <span class='ocrx_word' id='word_1_145' title='bbox 1339 2761 1414 2795; x_wconf 85' lang='lat' dir='ltr'>HA.</span> <span class='ocrx_word' id='word_1_146' title='bbox 1443 2772 1506 2796; x_wconf 90' lang='lat' dir='ltr'>om.</span> 
     </span>
     <span class='ocr_line' id='line_1_32' title="bbox 135 2817 746 2853; baseline 0.003 -2"><span class='ocrx_word' id='word_1_147' title='bbox 135 2818 318 2852; x_wconf 75' lang='lat' dir='ltr'>atriensen</span> <span class='ocrx_word' id='word_1_148' title='bbox 346 2818 374 2853; x_wconf 78' lang='lat' dir='ltr'><strong><em>G</em></strong></span> <span class='ocrx_word' id='word_1_149' title='bbox 464 2820 529 2853; x_wconf 89' lang='grc'>616</span> <span class='ocrx_word' id='word_1_150' title='bbox 555 2818 655 2853; x_wconf 84' lang='lat' dir='ltr'>dicas</span> <span class='ocrx_word' id='word_1_151' title='bbox 680 2817 746 2853; x_wconf 85' lang='lat' dir='ltr'>BC</span> 
     </span>
    </p>
   </div>
   <div class='ocr_carea' id='block_1_17' title="bbox 1309 2890 1350 2924">
    <p class='ocr_par' dir='ltr' id='par_1_17' title="bbox 1309 2890 1350 2924">
     <span class='ocr_line' id='line_1_33' title="bbox 1309 2890 1350 2924; baseline 0 -15"><span class='ocrx_word' id='word_1_152' title='bbox 1309 2890 1350 2924; x_wconf 74' lang='lat'>4*</span> 
     </span>
    </p>
   </div>
  </div>
 </body>
</html>
