1963 3243
331 244 410 282 260
965 238 1182 274 Pseudolus.

331 370 410 407 870
443 382 499 418 sq.
547 388 601 393 —-
648 369 740 406 712.
779 364 943 416 pariter
982 371 1020 404 et
1059 364 1251 405 audacter
1281 368 1324 404 A.
1381 377 1511 415 porye
1542 366 1716 404 Guietus.
1759 387 1807 392 —

332 438 423 475 713.
463 432 637 485 Spemne
668 445 722 474 cm
754 431 937 474 Salutem
967 436 1011 472 A.
1057 456 1101 460 ——
1146 435 1237 472 714.
1287 430 1526 484 Utramque.
1593 435 1708 481 Quasi
1739 435 1812 472 hoc

329 517 467 542 nomen
509 504 581 541 sibi
613 504 698 542 dari
729 504 918 541 voluisset
947 502 1185 550 Pseudolus,
1229 515 1315 539 eum
1353 502 1469 539 herus
1500 503 1724 551 alloquitur.
1760 521 1809 527 —

330 571 514 610 Codicum
559 573 753 621 scriptura
803 571 897 617 „PS.
939 571 1039 617 Quid
1085 568 1255 608 times‘?“
1305 574 1489 620 corrupta
1535 573 1604 607 est.
1688 569 1810 619 Bugg.

329 640 485 678 Tidskr.
519 640 543 677 f.
577 640 736 677 Philol.:
788 639 914 687 „Quid
946 637 1074 676 tibi?·‘
1115 652 1166 676 sc.
1200 642 1328 676 autem
1360 641 1436 685 est,
1483 639 1595 674 nimis
1635 637 1810 687 abrupte.

330 707 376 746 R.
408 707 620 754 intellexit,
653 707 715 745 hic
750 712 793 745 ut
823 721 858 744 v.
894 708 969 744 711
1004 720 1059 756 sq.
1093 720 1348 757 personarum
1383 711 1495 743 notas
1527 705 1627 742 male
1660 704 1812 743 additas

331 789 431 824 esse3
479 775 547 814 sed
577 789 718 826 parum
750 776 915 813 felicit-er
946 776 1120 825 scripsit:
1172 775 1289 824 „quid
1322 771 1481 811 taces?“
1551 773 1654 821 Ego:
1705 768 1816 821 Quid

330 839 482 883 iubes?
540 844 688 892 Rogat,
737 843 830 893 quid
862 857 901 880 se
921 856 1052 892 -porro
1083 844 1210 880 facere
1241 843 1355 887 velit,
1404 841 1540 879 effecta
1578 842 1676 877 enim
1719 854 1811 889 esse,

332 924 417 960 quae
449 915 564 948 antea
594 913 839 960 imperasset,
871 925 906 947 v.
942 912 1019 948 384
1053 925 1108 960 sq.
1141 930 1195 935 --
1235 912 1325 947 715.
1367 905 1517 947 Ατῖὑῑιῖθῖ
1546 910 1674 946 minus
1704 922 1812 946 accu-

332 983 416 1016 rate
451 979 595 1016 dixisse
629 979 799 1026 videtur,
831 979 1012 1016 feruntur
1051 979 1165 1025 enim,
1205 991 1289 1028 quae
1317 981 1547 1028 portantum
1589 976 1655 1013 sed
1685 980 1814 1014 tamen

332 1047 427 1085 Cist.
447 1048 547 1085 236:
583 1060 746 1096 „equom
773 1046 923 1084 adfer“.
975 1047 1116 1096 Amph.
1145 1048 1247 1084 982:
1283 1045 1381 1094 „huc
1412 1058 1472 1082 me
1503 1041 1677 1082 adfer0“.
1737 1044 1812 1082 Cic.

332 1115 438 1153 Orat.
471 1115 526 1162 II,
567 1117 612 1164 4,
656 1117 725 1154 15:
775 1118 1038 1164 „quaecunque
1083 1128 1151 1153 vos
1197 1127 1312 1151 causa
1358 1113 1431 1150 huc
1477 1109 1715 1150 attulisset“.
1761 1131 1815 1137 —·

331 1180 438 1221 hemo
455 1184 500 1221 A.
527 1203 580 1208 -—
608 1185 701 1221 716.
735 1183 869 1221 Graeca
900 1183 1017 1221 verba
1049 1184 1086 1219 in
1119 1182 1230 1220 codd.
1263 1185 1447 1231 corrupta
1478 1184 1589 1226 sunt3
1621 1180 1717 1217 illud
1749 1192 1814 1229 ap·
1867 1223 1873 1230 ,

332 1255 454 1302 paret,
486 1252 567 1288 ludi
591 1252 630 1288 in
655 1252 910 1289 similitudine
934 1252 1099 1289 nominis
1117 1250 1286 1296 Charini,
1318 1252 1363 1287 ut
1386 1253 1453 1286 aut
1474 1250 1580 1297 χάριν
1606 1248 1725 1285 fuerit
1750 1252 1815 1285 aut
1879 1295 1881 1297 Ι

330 1322 468 1368 χαίρειν
500 1323 567 1356 aut
607 1320 734 1357 Simile
773 1320 878 1369 quid.
950 1319 1100 1357 Camer.
1136 1322 1290 1367 Χαρῖνον
1321 1317 1445 1354 οἰωνὸν
1483 1318 1590 1363 ποιῶ,
1630 1315 1814 1365 Scaliger,
1882 1364 1888 1369 -

333 1401 448 1438 quem
479 1387 524 1425 R.
558 1389 752 1437 sequitur,
785 1389 890 1437 χάριν
920 1388 1028 1435 τούτῳ
1060 1389 1167 1433 ποιῶ,
1209 1386 1311 1435 quod
1352 1399 1427 1423 non
1466 1385 1656 1432 intelligo.
1727 1383 1814 1421 Sen·
1883 1416 1915 1426 ..

334 1458 497 1494 ‘sentiam
530 1456 602 1492 loci
634 1459 835 1494 assecutus
868 1460 925 1494 est
955 1456 1175 1492 Acidalius:
1217 1457 1354 1503 χαίρειν
1388 1456 1541 1502 Χαρῖνον
1571 1452 1680 1499 uolo,
1726 1454 1750 1490 i.
1782 1464 1814 1489 e.

333 1525 462 1562 valere
492 1523 628 1571 iube03
669 1537 738 1574 ego
769 1524 907 1562 malui:
956 1526 1092 1573 χαίρειν
1122 1525 1244 1560 τοῦτον
1275 1524 1376 1572 λέγω.
1424 1542 1474 1547 ·-—
1516 1522 1606 1558 717.
1645 1516 1686 1558 Si
1717 1516 1816 1568 quid

335 1594 380 1639 A,
413 1607 448 1630 v.
481 1592 588 1630 Low.
612 1592 723 1630 Anal.
750 1607 787 1643 p.
811 1594 900 1630 169.
933 1612 987 1617 -——
1022 1588 1133 1629 Tam·
1153 1588 1290 1641 qratia
1322 1590 1400 1638 est,
1433 1604 1468 1627 v.
1501 1589 1548 1626 ad
1585 1588 1689 1626 Men.
1723 1588 1814 1625 379.

334 1680 387 1685 ——
420 1661 514 1697 718.
549 1655 622 1697 tibi
652 1674 697 1697 ex
729 1662 761 1697 A
793 1663 967 1698 accessit.
1002 1680 1049 1685 —
1087 1662 1178 1697 719.
1221 1657 1265 1696 id
1294 1659 1384 1695 Pius
1416 1658 1503 1695 add.
1537 1656 1647 1702 Mihi,
1679 1656 1820 1705 inquit,
1894 1661 1898 1666 '

332 1729 539 1766 molestum
571 1732 631 1766 est
661 1742 730 1766 vos
761 1742 880 1779 opera
911 1742 996 1766 mea
1026 1729 1084 1765 uti
1116 1727 1230 1765 nolle.
1258 1746 1313 1751 —
1347 1727 1437 1763 720.
1471 1724 1708 1771 Calidorum,
1740 1736 1815 1761 non

335 1796 555 1844 Charinum,
591 1797 669 1833 haec
702 1801 737 1833 et
769 1798 946 1846 proxima
978 1797 1083 1846 loqui
1114 1796 1215 1834 vidit
1241 1795 1285 1833 R.
1321 1814 1372 1819 ——
1403 1790 1508 1832 hanc
1537 1789 1658 1830 modo
1689 1791 1813 1829 Guiet.

335 1885 388 1889 —
420 1864 512 1902 7:21.
546 1861 699 1902 allatus
730 1865 770 1903 st
798 1862 920 1903 modo
951 1865 996 1902 A.
1029 1884 1082 1889 —
1122 1865 1214 1901 722.
1256 1872 1416 1908 seruos,
1456 1861 1660 1908 attractio,
1699 1874 1736 1897 v.
1767 1858 1814 1897 ad

336 1934 427 1971 597.
458 1952 514 1957 -—
553 1933 646 1970 723.
680 1930 718 1970 ei
749 1933 964 1983 spondeum
997 1932 1102 1977 facit,
1134 1945 1169 1968 v.
1203 1931 1358 1980 Proleg.
1392 1943 1429 1980 p.
1458 1931 1551 1967 216.
1611 1928 1656 1966 R.
1693 1922 1811 1977 „ego“

335 2000 514 2038 addebat.
548 2021 600 2025 —
633 2002 713 2038 724
745 2015 800 2051 sq.
834 2001 880 2039 ef.
907 2001 1024 2039 Poen.
1047 2001 1124 2038 549
1151 2013 1234 2049 sqq.
1267 2019 1322 2024 —
1355 2000 1447 2035 727.
1482 1994 1542 2035 Tu
1571 1993 1671 2034 istic
1698 1992 1814 2044 ipsus

333 2074 378 2115 A,
412 2082 445 2106 v.
480 2069 599 2117 Low,
633 2070 678 2106 cf.
715 2069 762 2106 ad
794 2069 934 2119 Amph.
970 2070 1063 2106 362.
1096 2088 1148 2093 —
1179 2065 1293 2106 uiuet
1324 2067 1381 2104 ed.
1415 2079 1474 2115 pr.
1507 2084 1560 2090 —
1593 2065 1684 2112 728.
1727 2058 1813 2111 Qua

332 2132 473 2184 facie?
517 2136 747 2184 Charinum,
788 2151 865 2174 non
897 2136 1139 2182 Calidorum,
1181 2136 1256 2173 iam
1295 2148 1377 2172 cum
1410 2133 1604 2171 Pseudolo
1635 2131 1812 2181 colloqui,

334 2203 433 2241 vidit
457 2204 576 2250 Cam„
609 2220 643 2243 v.
672 2207 770 2252 747;
804 2205 915 2243 codd.
949 2218 1071 2254 usque
1104 2204 1153 2241 ad
1187 2204 1261 2241 761
1297 2207 1364 2240 aut
1387 2202 1452 2240 CA
1475 2205 1546 2239 aut
1569 2201 1608 2249 C,
1641 2198 1742 2250 quod
1774 2199 1812 2236 in
1883 2198 1886 2205 ’

334 2286 412 2310 var.
432 2286 504 2309 scr.
525 2285 599 2309 non
624 2273 821 2312 adnotavi.
873 2273 1137 2322 Interrogatio
1159 2273 1390 2310 sententiam
1410 2269 1578 2307 nondum
1599 2267 1812 2306 absolutam

334 2346 597 2394 interrumpit,
622 2357 656 2380 v.
677 2343 724 2379 ad
743 2342 884 2392 Amph.
907 2343 1010 2379 1136
1029 2355 1084 2390 sq.
1133 2340 1277 2378 Iniuria
1299 2339 1492 2387 Ladewig.
1512 2341 1550 2374 et
1568 2337 1658 2374 Lor.
1708 2334 1813 2382 „Qua

337 2410 517 2449 indole?‘⁴
544 2411 807 2462 postularunt.
839 2429 885 2435 —
914 2411 1006 2447 731.
1040 2405 1135 2458 Atq.
1163 2419 1241 2457 qu.
1265 2439 1270 2444 .
1293 2418 1338 2444 .(,‘
1371 2417 1450 2444 nonv
1479 2401 1675 2443 uisitatus
1690 2403 1735 2440 A.
1759 2420 1812 2426 —

340 2475 427 2517 CH.
455 2479 631 2530 Spatium
659 2491 822 2516 vacuum
848 2479 887 2514 in
912 2477 1024 2515 codd.
1052 2497 1104 2501 —
1132 2478 1223 2514 734.
1251 2475 1414 2524 apslire
1439 2469 1628 2523 Caryas&
1664 2482 1810 2520 „nequo

336 2551 435 2585 enim
475 2560 563 2584 raro
604 2550 705 2585 cives
735 2547 856 2584 Attici
895 2545 1023 2582 sedem
1065 2546 1137 2594 ipsi
1180 2545 1217 2580 in
1257 2545 1350 2581 urbe
1390 2543 1595 2592 peregrina
1635 2538 1810 2584 fixerunt,
1859 2550 1866 2558 ·

336 2617 498 2653 Athenis
530 2616 567 2652 in
599 2615 746 2653 aedlbus
777 2614 875 2652 filios
907 2626 995 2651 suos
1028 2611 1293 2662 reliqum-unffi
1330 2611 1472 2661 Sanpp.
1507 2609 1589 2646 Ind.
1616 2607 1692 2644 soh.
1719 2605 1810 2644 Got-

336 2685 430 2733 ting.
468 2682 684 2721 1858—*59
719 2697 754 2733 p.
783 2685 818 2729 7,
852 2683 938 2720 coll.
965 2681 1063 2730 Nep.
1089 2680 1228 2717 Chabr.
1259 2683 1293 2717 213.
1340 2679 1480 2715 Athon.
1508 2676 1581 2713 XII
1605 2689 1642 2724 p.
1673 2675 1750 2711 532
1768 2672 1808 2710 Β.

338 2752 424 2800 lays.
451 2754 509 2795 1¹),
544 2753 606 2789 35.
635 2771 690 2775 —
723 2750 807 2788 (ῑαῐιί
837 2750 1049 2800 perfectum
1083 2753 1345 2792 contractum,
1380 2760 1410 2782 v.
1445 2746 1493 2782 ad
1524 2744 1606 2781 Mil.
1643 2742 1731 2779 378.
1758 2758 1811 2766 -

337 2820 427 2857 736.
463 2816 587 2856 l'wcas
605 2820 648 2855 A.
680 2838 725 2843 -
759 2820 848 2855 737.
879 2820 1041 2864 „tinamss
1065 2817 1175 2852 alu-st
1200 2816 1247 2852 ab
1268 2817 1310 2852 Α.
1337 2834 1390 2838 —
1416 2810 1539 2858 (lebet,
1571 2825 1602 2848 v.
1624 2812 1700 2847 536
1727 2821 1808 2857 sqq.
