<?xml version="1.0" encoding="UTF-8"?>
<!DOCTYPE html PUBLIC "-//W3C//DTD XHTML 1.0 Transitional//EN"
    "http://www.w3.org/TR/xhtml1/DTD/xhtml1-transitional.dtd">
<html xmlns="http://www.w3.org/1999/xhtml" xml:lang="en" lang="en">
 <head>
  <title>
</title>
<meta http-equiv="Content-Type" content="text/html;charset=utf-8" />
  <meta name='ocr-system' content='tesseract 3.04.00' />
  <meta name='ocr-capabilities' content='ocr_page ocr_carea ocr_par ocr_line ocrx_word'/>
</head>
<body>
  <div class='ocr_page' id='page_1' title='image "./comoediaerecensu04plauuoft_0466.png"; bbox 0 0 1963 3243; ppageno 0'>
   <div class='ocr_carea' id='block_1_1' title="bbox 275 205 1762 257">
    <p class='ocr_par' dir='ltr' id='par_1_1' title="bbox 275 205 1762 257">
     <span class='ocr_line' id='line_1_1' title="bbox 275 205 1762 257; baseline -0.005 -11"><span class='ocrx_word' id='word_1_1' title='bbox 275 217 330 257; x_wconf 82' lang='grc'>96</span> <span class='ocrx_word' id='word_1_2' title='bbox 956 208 1075 242; x_wconf 83' lang='lat' dir='ltr'>Plauti</span> <span class='ocrx_word' id='word_1_3' title='bbox 1459 205 1520 249; x_wconf 84' lang='lat' dir='ltr'>IV,</span> <span class='ocrx_word' id='word_1_4' title='bbox 1545 207 1576 249; x_wconf 77' lang='lat'>7,</span> <span class='ocrx_word' id='word_1_5' title='bbox 1601 205 1762 240; x_wconf 80' lang='lat'>96—107</span> 
     </span>
    </p>
   </div>
   <div class='ocr_carea' id='block_1_2' title="bbox 277 333 1128 461">
    <p class='ocr_par' dir='ltr' id='par_1_2' title="bbox 277 333 1128 461">
     <span class='ocr_line' id='line_1_2' title="bbox 913 333 1128 384; baseline -0.009 -10"><span class='ocrx_word' id='word_1_6' title='bbox 913 333 1128 384; x_wconf 78' lang='lat' dir='ltr'><strong><em>Harpax</em></strong></span> 
     </span>
     <span class='ocr_line' id='line_1_3' title="bbox 277 406 811 461; baseline -0.007 -10"><span class='ocrx_word' id='word_1_7' title='bbox 277 409 362 461; x_wconf 87' lang='lat' dir='ltr'>Qui</span> <span class='ocrx_word' id='word_1_8' title='bbox 393 409 492 451; x_wconf 88' lang='lat' dir='ltr'>istic</span> <span class='ocrx_word' id='word_1_9' title='bbox 522 406 811 449; x_wconf 72' lang='lat' dir='ltr'>Pseudolust‘?</span> 
     </span>
    </p>
   </div>
   <div class='ocr_carea' id='block_1_3' title="bbox 933 485 1110 528">
    <p class='ocr_par' dir='ltr' id='par_1_3' title="bbox 933 485 1110 528">
     <span class='ocr_line' id='line_1_4' title="bbox 933 485 1110 528; baseline -0.011 0"><span class='ocrx_word' id='word_1_10' title='bbox 933 485 1110 528; x_wconf 90' lang='lat' dir='ltr'>Ballio</span> 
     </span>
    </p>
   </div>
   <div class='ocr_carea' id='block_1_4' title="bbox 277 554 1764 685">
    <p class='ocr_par' dir='ltr' id='par_1_4' title="bbox 277 554 1764 685">
     <span class='ocr_line' id='line_1_5' title="bbox 670 554 1764 614; baseline -0.004 -12"><span class='ocrx_word' id='word_1_11' title='bbox 670 560 932 614; x_wconf 80' lang='lat' dir='ltr'>Praeceptor</span> <span class='ocrx_word' id='word_1_12' title='bbox 963 563 1078 607; x_wconf 90' lang='lat' dir='ltr'>tuus,</span> <span class='ocrx_word' id='word_1_13' title='bbox 1111 557 1184 611; x_wconf 91' lang='lat' dir='ltr'>qui</span> <span class='ocrx_word' id='word_1_14' title='bbox 1215 560 1257 598; x_wconf 86' lang='lat' dir='ltr'>te</span> <span class='ocrx_word' id='word_1_15' title='bbox 1288 556 1399 598; x_wconf 87' lang='lat' dir='ltr'>hanc</span> <span class='ocrx_word' id='word_1_16' title='bbox 1428 554 1645 598; x_wconf 86' lang='lat' dir='ltr'>fallaciam</span> <span class='ocrx_word' id='word_1_17' title='bbox 1679 565 1764 600; x_wconf 88' lang='lat'>1195</span> 
     </span>
     <span class='ocr_line' id='line_1_6' title="bbox 277 627 1568 685; baseline -0.006 -9"><span class='ocrx_word' id='word_1_18' title='bbox 277 634 448 685; x_wconf 80' lang='lat' dir='ltr'>Docuit,</span> <span class='ocrx_word' id='word_1_19' title='bbox 481 638 530 675; x_wconf 94' lang='lat' dir='ltr'>ut</span> <span class='ocrx_word' id='word_1_20' title='bbox 559 632 745 674; x_wconf 88' lang='lat' dir='ltr'>fallaciis</span> <span class='ocrx_word' id='word_1_21' title='bbox 776 631 876 673; x_wconf 91' lang='lat' dir='ltr'>hinc</span> <span class='ocrx_word' id='word_1_22' title='bbox 907 630 1131 671; x_wconf 87' lang='lat' dir='ltr'>mulierem</span> <span class='ocrx_word' id='word_1_23' title='bbox 1163 642 1188 670; x_wconf 92' lang='lat' dir='ltr'>a</span> <span class='ocrx_word' id='word_1_24' title='bbox 1219 642 1285 670; x_wconf 91' lang='lat' dir='ltr'>me</span> <span class='ocrx_word' id='word_1_25' title='bbox 1317 627 1568 669; x_wconf 86' lang='lat' dir='ltr'>abduceres.</span> 
     </span>
    </p>
   </div>
   <div class='ocr_carea' id='block_1_5' title="bbox 279 709 1670 910">
    <p class='ocr_par' dir='ltr' id='par_1_5' title="bbox 279 709 1670 910">
     <span class='ocr_line' id='line_1_7' title="bbox 338 709 1132 753; baseline -0.005 0"><span class='ocrx_word' id='word_1_26' title='bbox 338 750 339 753; x_wconf 73' lang='grc'>,</span> <span class='ocrx_word' id='word_1_27' title='bbox 916 709 1026 750; x_wconf 83' lang='lat' dir='ltr'>Har</span> <span class='ocrx_word' id='word_1_28' title='bbox 1071 721 1132 750; x_wconf 79' lang='lat' dir='ltr'>ax</span> 
     </span>
     <span class='ocr_line' id='line_1_8' title="bbox 281 723 1670 835; baseline -0.006 -9"><span class='ocrx_word' id='word_1_29' title='bbox 281 783 417 834; x_wconf 86' lang='lat' dir='ltr'>Quem</span> <span class='ocrx_word' id='word_1_30' title='bbox 448 788 494 825; x_wconf 87' lang='lat' dir='ltr'>tu</span> <span class='ocrx_word' id='word_1_31' title='bbox 524 782 798 833; x_wconf 86' lang='lat' dir='ltr'>Pseudolum,</span> <span class='ocrx_word' id='word_1_32' title='bbox 831 795 940 835; x_wconf 85' lang='lat' dir='ltr'>quas</span> <span class='ocrx_word' id='word_1_33' title='bbox 972 723 1155 822; x_wconf 69' lang='lat' dir='ltr'>tupmihi</span> <span class='ocrx_word' id='word_1_34' title='bbox 1188 779 1414 834; x_wconf 80' lang='lat' dir='ltr'>praedicas</span> <span class='ocrx_word' id='word_1_35' title='bbox 1445 776 1670 819; x_wconf 80' lang='lat' dir='ltr'>fallacias?</span> 
     </span>
     <span class='ocr_line' id='line_1_9' title="bbox 279 851 1317 910; baseline -0.007 -12"><span class='ocrx_word' id='word_1_36' title='bbox 279 855 436 910; x_wconf 81' lang='lat' dir='ltr'>[Quem</span> <span class='ocrx_word' id='word_1_37' title='bbox 467 868 544 907; x_wconf 86' lang='lat' dir='ltr'>ego</span> <span class='ocrx_word' id='word_1_38' title='bbox 575 855 791 897; x_wconf 92' lang='lat' dir='ltr'>hominem</span> <span class='ocrx_word' id='word_1_39' title='bbox 821 853 984 894; x_wconf 87' lang='lat' dir='ltr'>nullius</span> <span class='ocrx_word' id='word_1_40' title='bbox 1017 852 1172 893; x_wconf 88' lang='lat' dir='ltr'>coloris</span> <span class='ocrx_word' id='word_1_41' title='bbox 1203 851 1317 892; x_wconf 91' lang='lat' dir='ltr'>noui.</span> 
     </span>
    </p>
   </div>
   <div class='ocr_carea' id='block_1_6' title="bbox 937 946 1766 1052">
    <p class='ocr_par' dir='ltr' id='par_1_6' title="bbox 937 946 1766 1052">
     <span class='ocr_line' id='line_1_10' title="bbox 937 946 1112 987; baseline -0.006 0"><span class='ocrx_word' id='word_1_42' title='bbox 937 946 1112 987; x_wconf 89' lang='lat' dir='ltr'>Ballio</span> 
     </span>
     <span class='ocr_line' id='line_1_11' title="bbox 1262 997 1766 1052; baseline -0.002 -10"><span class='ocrx_word' id='word_1_43' title='bbox 1262 1001 1356 1042; x_wconf 91' lang='lat' dir='ltr'>Non</span> <span class='ocrx_word' id='word_1_44' title='bbox 1389 1006 1437 1042; x_wconf 89' lang='lat' dir='ltr'>tu</span> <span class='ocrx_word' id='word_1_45' title='bbox 1468 1001 1595 1042; x_wconf 88' lang='lat' dir='ltr'>istinc</span> <span class='ocrx_word' id='word_1_46' title='bbox 1625 997 1766 1052; x_wconf 78' lang='lat' dir='ltr'>abis?]</span> 
     </span>
    </p>
   </div>
   <div class='ocr_carea' id='block_1_7' title="bbox 279 1074 1770 1489">
    <p class='ocr_par' dir='ltr' id='par_1_7' title="bbox 279 1074 1770 1489">
     <span class='ocr_line' id='line_1_12' title="bbox 933 1074 1116 1116; baseline -0.011 1"><span class='ocrx_word' id='word_1_47' title='bbox 933 1074 1116 1116; x_wconf 70' lang='lat' dir='ltr'>Ballio</span> 
     </span>
     <span class='ocr_line' id='line_1_13' title="bbox 279 1143 1767 1202; baseline -0.005 -11"><span class='ocrx_word' id='word_1_48' title='bbox 279 1149 400 1191; x_wconf 89' lang='lat' dir='ltr'>Nihil</span> <span class='ocrx_word' id='word_1_49' title='bbox 424 1154 491 1191; x_wconf 84' lang='lat' dir='ltr'>est</span> <span class='ocrx_word' id='word_1_50' title='bbox 513 1147 642 1190; x_wconf 90' lang='lat' dir='ltr'>hodie</span> <span class='ocrx_word' id='word_1_51' title='bbox 668 1148 738 1189; x_wconf 89' lang='lat' dir='ltr'>hic</span> <span class='ocrx_word' id='word_1_52' title='bbox 762 1147 1042 1202; x_wconf 79' lang='lat' dir='ltr'>sycophantis</span> <span class='ocrx_word' id='word_1_53' title='bbox 1067 1150 1286 1200; x_wconf 81' lang='lat' dir='ltr'>quaestus.</span> <span class='ocrx_word' id='word_1_54' title='bbox 1333 1145 1461 1186; x_wconf 91' lang='lat' dir='ltr'>Proin</span> <span class='ocrx_word' id='word_1_55' title='bbox 1486 1150 1533 1186; x_wconf 93' lang='lat' dir='ltr'>tu</span> <span class='ocrx_word' id='word_1_56' title='bbox 1557 1143 1767 1186; x_wconf 88' lang='lat' dir='ltr'>Pseudolo</span> 
     </span>
     <span class='ocr_line' id='line_1_14' title="bbox 281 1216 1770 1272; baseline -0.001 -10"><span class='ocrx_word' id='word_1_57' title='bbox 281 1221 462 1263; x_wconf 74' lang='lat' dir='ltr'>Nunties</span> <span class='ocrx_word' id='word_1_58' title='bbox 495 1220 727 1262; x_wconf 86' lang='lat' dir='ltr'>abduxisse</span> <span class='ocrx_word' id='word_1_59' title='bbox 759 1219 891 1261; x_wconf 91' lang='lat' dir='ltr'>alium</span> <span class='ocrx_word' id='word_1_60' title='bbox 922 1218 1142 1272; x_wconf 78' lang='lat' dir='ltr'>praedam,</span> <span class='ocrx_word' id='word_1_61' title='bbox 1176 1217 1249 1270; x_wconf 90' lang='lat' dir='ltr'>qui</span> <span class='ocrx_word' id='word_1_62' title='bbox 1281 1217 1466 1259; x_wconf 86' lang='lat' dir='ltr'>occurrit</span> <span class='ocrx_word' id='word_1_63' title='bbox 1498 1216 1616 1270; x_wconf 87' lang='lat' dir='ltr'>prior</span> <span class='ocrx_word' id='word_1_64' title='bbox 1684 1226 1770 1260; x_wconf 81' lang='lat'>1200</span> 
     </span>
     <span class='ocr_line' id='line_1_15' title="bbox 282 1293 475 1346; baseline -0.01 -11"><span class='ocrx_word' id='word_1_65' title='bbox 282 1293 475 1346; x_wconf 78' lang='lat' dir='ltr'>Harpax.</span> 
     </span>
     <span class='ocr_line' id='line_1_16' title="bbox 916 1361 1131 1415; baseline 0 -13"><span class='ocrx_word' id='word_1_66' title='bbox 916 1361 1131 1415; x_wconf 79' lang='lat' dir='ltr'>Harpax</span> 
     </span>
     <span class='ocr_line' id='line_1_17' title="bbox 423 1434 1319 1489; baseline -0.006 -11"><span class='ocrx_word' id='word_1_67' title='bbox 423 1436 464 1478; x_wconf 87' lang='lat' dir='ltr'>Is</span> <span class='ocrx_word' id='word_1_68' title='bbox 498 1435 674 1489; x_wconf 82' lang='lat' dir='ltr'>quidem</span> <span class='ocrx_word' id='word_1_69' title='bbox 709 1434 861 1488; x_wconf 91' lang='lat' dir='ltr'>edepol</span> <span class='ocrx_word' id='word_1_70' title='bbox 893 1434 1071 1487; x_wconf 84' lang='lat' dir='ltr'>Harpax</span> <span class='ocrx_word' id='word_1_71' title='bbox 1103 1447 1181 1486; x_wconf 87' lang='lat' dir='ltr'>ego</span> <span class='ocrx_word' id='word_1_72' title='bbox 1213 1446 1319 1474; x_wconf 84' lang='lat' dir='ltr'>sum.</span> 
     </span>
    </p>
   </div>
   <div class='ocr_carea' id='block_1_8' title="bbox 940 1520 1116 1562">
    <p class='ocr_par' dir='ltr' id='par_1_8' title="bbox 940 1520 1116 1562">
     <span class='ocr_line' id='line_1_18' title="bbox 940 1520 1116 1562; baseline -0.006 0"><span class='ocrx_word' id='word_1_73' title='bbox 940 1520 1116 1562; x_wconf 90' lang='lat' dir='ltr'>Ballio</span> 
     </span>
    </p>
   </div>
   <div class='ocr_carea' id='block_1_9' title="bbox 285 1589 1768 1721">
    <p class='ocr_par' dir='ltr' id='par_1_9' title="bbox 285 1589 1768 1721">
     <span class='ocr_line' id='line_1_19' title="bbox 1212 1589 1768 1644; baseline -0.007 -11"><span class='ocrx_word' id='word_1_74' title='bbox 1212 1592 1346 1633; x_wconf 90' lang='lat' dir='ltr'>Immo</span> <span class='ocrx_word' id='word_1_75' title='bbox 1380 1590 1536 1644; x_wconf 86' lang='lat' dir='ltr'>edepol</span> <span class='ocrx_word' id='word_1_76' title='bbox 1567 1602 1659 1631; x_wconf 88' lang='lat' dir='ltr'>esse</span> <span class='ocrx_word' id='word_1_77' title='bbox 1690 1589 1768 1630; x_wconf 87' lang='lat' dir='ltr'>uis.</span> 
     </span>
     <span class='ocr_line' id='line_1_20' title="bbox 285 1665 1098 1721; baseline -0.005 -11"><span class='ocrx_word' id='word_1_78' title='bbox 285 1669 427 1710; x_wconf 88' lang='lat' dir='ltr'>Purus</span> <span class='ocrx_word' id='word_1_79' title='bbox 458 1672 589 1721; x_wconf 87' lang='lat' dir='ltr'>putus</span> <span class='ocrx_word' id='word_1_80' title='bbox 622 1665 691 1707; x_wconf 90' lang='lat' dir='ltr'>hic</span> <span class='ocrx_word' id='word_1_81' title='bbox 723 1665 989 1719; x_wconf 85' lang='lat' dir='ltr'>sycophanta</span> <span class='ocrx_word' id='word_1_82' title='bbox 1021 1670 1098 1706; x_wconf 89' lang='lat' dir='ltr'>est.</span> 
     </span>
    </p>
   </div>
   <div class='ocr_carea' id='block_1_10' title="bbox 286 1758 1689 2028">
    <p class='ocr_par' dir='ltr' id='par_1_10' title="bbox 286 1758 1689 2028">
     <span class='ocr_line' id='line_1_21' title="bbox 923 1758 1136 1812; baseline -0.005 -12"><span class='ocrx_word' id='word_1_83' title='bbox 923 1758 1136 1812; x_wconf 85' lang='lat' dir='ltr'>Harpax</span> 
     </span>
     <span class='ocr_line' id='line_1_22' title="bbox 1100 1826 1689 1884; baseline -0.007 -12"><span class='ocrx_word' id='word_1_84' title='bbox 1100 1830 1189 1884; x_wconf 83' lang='lat' dir='ltr'>Ego</span> <span class='ocrx_word' id='word_1_85' title='bbox 1222 1830 1300 1872; x_wconf 90' lang='lat' dir='ltr'>tibi</span> <span class='ocrx_word' id='word_1_86' title='bbox 1334 1834 1558 1883; x_wconf 86' lang='lat' dir='ltr'>argentum</span> <span class='ocrx_word' id='word_1_87' title='bbox 1591 1826 1689 1869; x_wconf 89' lang='lat' dir='ltr'>dedi</span> 
     </span>
     <span class='ocr_line' id='line_1_23' title="bbox 286 1902 1600 1956; baseline -0.002 -12"><span class='ocrx_word' id='word_1_88' title='bbox 286 1903 344 1944; x_wconf 87' lang='lat' dir='ltr'>Et</span> <span class='ocrx_word' id='word_1_89' title='bbox 377 1903 537 1944; x_wconf 88' lang='lat' dir='ltr'>dudum</span> <span class='ocrx_word' id='word_1_90' title='bbox 569 1902 804 1944; x_wconf 85' lang='lat' dir='ltr'>adueniens</span> <span class='ocrx_word' id='word_1_91' title='bbox 836 1903 1052 1956; x_wconf 84' lang='lat' dir='ltr'>extemplo</span> <span class='ocrx_word' id='word_1_92' title='bbox 1085 1902 1325 1956; x_wconf 79' lang='lat' dir='ltr'>symbolum</span> <span class='ocrx_word' id='word_1_93' title='bbox 1357 1914 1482 1942; x_wconf 85' lang='lat' dir='ltr'>seruo</span> <span class='ocrx_word' id='word_1_94' title='bbox 1513 1905 1600 1950; x_wconf 81' lang='lat' dir='ltr'>tuo,</span> 
     </span>
     <span class='ocr_line' id='line_1_24' title="bbox 288 1973 1596 2028; baseline -0.003 -12"><span class='ocrx_word' id='word_1_95' title='bbox 288 1975 367 2016; x_wconf 88' lang='lat' dir='ltr'>Eri</span> <span class='ocrx_word' id='word_1_96' title='bbox 397 1975 581 2028; x_wconf 84' lang='lat' dir='ltr'>imagine</span> <span class='ocrx_word' id='word_1_97' title='bbox 613 1974 886 2028; x_wconf 84' lang='lat' dir='ltr'>obsignatam</span> <span class='ocrx_word' id='word_1_98' title='bbox 917 1975 1161 2028; x_wconf 87' lang='lat' dir='ltr'>epistulam,</span> <span class='ocrx_word' id='word_1_99' title='bbox 1194 1974 1262 2015; x_wconf 88' lang='lat' dir='ltr'>hic</span> <span class='ocrx_word' id='word_1_100' title='bbox 1295 1978 1395 2015; x_wconf 86' lang='lat' dir='ltr'>ante</span> <span class='ocrx_word' id='word_1_101' title='bbox 1428 1973 1596 2014; x_wconf 88' lang='lat' dir='ltr'>ostium.</span> 
     </span>
    </p>
   </div>
   <div class='ocr_carea' id='block_1_11' title="bbox 288 2068 1432 2195">
    <p class='ocr_par' dir='ltr' id='par_1_11' title="bbox 288 2068 1432 2195">
     <span class='ocr_line' id='line_1_25' title="bbox 936 2068 1122 2110; baseline 0 0"><span class='ocrx_word' id='word_1_102' title='bbox 936 2068 1122 2110; x_wconf 70' lang='lat' dir='ltr'>Ballio</span> 
     </span>
     <span class='ocr_line' id='line_1_26' title="bbox 288 2139 1432 2195; baseline -0.003 -11"><span class='ocrx_word' id='word_1_103' title='bbox 288 2142 387 2184; x_wconf 88' lang='lat' dir='ltr'>Meo</span> <span class='ocrx_word' id='word_1_104' title='bbox 419 2145 467 2183; x_wconf 84' lang='lat' dir='ltr'>tu</span> <span class='ocrx_word' id='word_1_105' title='bbox 499 2141 731 2195; x_wconf 87' lang='lat' dir='ltr'>epistulam</span> <span class='ocrx_word' id='word_1_106' title='bbox 763 2141 917 2183; x_wconf 82' lang='lat' dir='ltr'>dedisti</span> <span class='ocrx_word' id='word_1_107' title='bbox 951 2141 1104 2182; x_wconf 79' lang='lat' dir='ltr'>seruo‘?</span> <span class='ocrx_word' id='word_1_108' title='bbox 1147 2142 1247 2195; x_wconf 86' lang='lat' dir='ltr'>quoi</span> <span class='ocrx_word' id='word_1_109' title='bbox 1278 2139 1432 2181; x_wconf 69' lang='lat' dir='ltr'>seruo?</span> 
     </span>
    </p>
   </div>
   <div class='ocr_carea' id='block_1_12' title="bbox 292 2226 1800 2468">
    <p class='ocr_par' dir='ltr' id='par_1_12' title="bbox 292 2226 1800 2468">
     <span class='ocr_line' id='line_1_27' title="bbox 925 2226 1800 2282; baseline -0.003 -14"><span class='ocrx_word' id='word_1_110' title='bbox 925 2226 1137 2280; x_wconf 85' lang='lat' dir='ltr'>Harpax</span> <span class='ocrx_word' id='word_1_111' title='bbox 1796 2277 1800 2282; x_wconf 89' lang='lat'>.</span> 
     </span>
     <span class='ocr_line' id='line_1_28' title="bbox 1498 2280 1778 2336; baseline 0.004 -13"><span class='ocrx_word' id='word_1_112' title='bbox 1498 2280 1614 2336; x_wconf 84' lang='lat' dir='ltr'>Syro.</span> <span class='ocrx_word' id='word_1_113' title='bbox 1693 2291 1778 2324; x_wconf 82' lang='lat'>1205</span> 
     </span>
     <span class='ocr_line' id='line_1_29' title="bbox 940 2340 1134 2383; baseline 0.005 -1"><span class='ocrx_word' id='word_1_114' title='bbox 940 2340 1134 2383; x_wconf 91' lang='lat' dir='ltr'>Ballio.</span> 
     </span>
     <span class='ocr_line' id='line_1_30' title="bbox 292 2409 1780 2468; baseline -0.005 -12"><span class='ocrx_word' id='word_1_115' title='bbox 292 2413 407 2468; x_wconf 90' lang='lat' dir='ltr'>[Non</span> <span class='ocrx_word' id='word_1_116' title='bbox 438 2412 634 2463; x_wconf 80' lang='lat' dir='ltr'>confidit3</span> <span class='ocrx_word' id='word_1_117' title='bbox 668 2413 933 2468; x_wconf 83' lang='lat' dir='ltr'>sycophanta</span> <span class='ocrx_word' id='word_1_118' title='bbox 965 2411 1034 2454; x_wconf 89' lang='lat' dir='ltr'>hic</span> <span class='ocrx_word' id='word_1_119' title='bbox 1065 2425 1250 2465; x_wconf 88' lang='lat' dir='ltr'>nequam</span> <span class='ocrx_word' id='word_1_120' title='bbox 1282 2418 1365 2463; x_wconf 89' lang='lat' dir='ltr'>est;</span> <span class='ocrx_word' id='word_1_121' title='bbox 1399 2411 1520 2464; x_wconf 85' lang='lat' dir='ltr'>nugis</span> <span class='ocrx_word' id='word_1_122' title='bbox 1545 2409 1780 2452; x_wconf 84' lang='lat' dir='ltr'>meditatur</span> 
     </span>
    </p>
   </div>
   <div class='ocr_carea' id='block_1_13' title="bbox 1313 2480 1455 2535">
    <p class='ocr_par' dir='ltr' id='par_1_13' title="bbox 1313 2480 1455 2535">
     <span class='ocr_line' id='line_1_31' title="bbox 1313 2480 1455 2535; baseline -0.007 -11"><span class='ocrx_word' id='word_1_123' title='bbox 1313 2480 1455 2535; x_wconf 70' lang='lat' dir='ltr'>male]</span> 
     </span>
    </p>
   </div>
   <div class='ocr_carea' id='block_1_14' title="bbox 299 2555 590 2561">
    <p class='ocr_par' dir='ltr' id='par_1_14' title="bbox 299 2555 590 2561">
     <span class='ocr_line' id='line_1_32' title="bbox 299 2555 590 2561; baseline 0 0"><span class='ocrx_word' id='word_1_124' title='bbox 299 2555 590 2561; x_wconf 95' lang='lat' dir='ltr'> </span> 
     </span>
    </p>
   </div>
   <div class='ocr_carea' id='block_1_15' title="bbox 294 2604 1783 2815">
    <p class='ocr_par' dir='ltr' id='par_1_15' title="bbox 294 2604 1783 2815">
     <span class='ocr_line' id='line_1_33' title="bbox 389 2604 1782 2653; baseline -0.005 -9"><span class='ocrx_word' id='word_1_125' title='bbox 389 2611 473 2646; x_wconf 88' lang='lat'>1195</span> <span class='ocrx_word' id='word_1_126' title='bbox 498 2610 575 2645; x_wconf 93' lang='lat' dir='ltr'>HA.</span> <span class='ocrx_word' id='word_1_127' title='bbox 601 2620 665 2645; x_wconf 84' lang='lat' dir='ltr'>om.</span> <span class='ocrx_word' id='word_1_128' title='bbox 785 2608 925 2653; x_wconf 78' lang='lat' dir='ltr'>Quistic</span> <span class='ocrx_word' id='word_1_129' title='bbox 951 2608 997 2645; x_wconf 89' lang='grc' dir='ltr'>Β,</span> <span class='ocrx_word' id='word_1_130' title='bbox 1025 2607 1119 2651; x_wconf 80' lang='lat' dir='ltr'>Quid</span> <span class='ocrx_word' id='word_1_131' title='bbox 1145 2608 1228 2642; x_wconf 86' lang='lat' dir='ltr'>istic</span> <span class='ocrx_word' id='word_1_132' title='bbox 1255 2606 1283 2641; x_wconf 81' lang='grc' dir='ltr'><strong><em>Ο</em></strong></span> <span class='ocrx_word' id='word_1_133' title='bbox 1396 2607 1481 2640; x_wconf 88' lang='grc'>1196</span> <span class='ocrx_word' id='word_1_134' title='bbox 1507 2615 1564 2639; x_wconf 87' lang='lat' dir='ltr'>me</span> <span class='ocrx_word' id='word_1_135' title='bbox 1588 2604 1782 2639; x_wconf 88' lang='lat' dir='ltr'>mulierem</span> 
     </span>
     <span class='ocr_line' id='line_1_34' title="bbox 295 2658 1782 2706; baseline -0.004 -5"><span class='ocrx_word' id='word_1_136' title='bbox 295 2667 497 2702; x_wconf 85' lang='lat' dir='ltr'>abduceres</span> <span class='ocrx_word' id='word_1_137' title='bbox 524 2666 552 2702; x_wconf 83' lang='lat' dir='ltr'><strong><em>C</em></strong></span> <span class='ocrx_word' id='word_1_138' title='bbox 640 2668 724 2701; x_wconf 86' lang='lat'>1197</span> <span class='ocrx_word' id='word_1_139' title='bbox 749 2665 825 2700; x_wconf 87' lang='lat' dir='ltr'>HA.</span> <span class='ocrx_word' id='word_1_140' title='bbox 852 2676 917 2701; x_wconf 83' lang='lat' dir='ltr'>om.</span> <span class='ocrx_word' id='word_1_141' title='bbox 1006 2666 1091 2699; x_wconf 78' lang='grc'>1198</span> <span class='ocrx_word' id='word_1_142' title='bbox 1118 2665 1189 2698; x_wconf 90' lang='lat' dir='ltr'>BA.</span> <span class='ocrx_word' id='word_1_143' title='bbox 1217 2674 1281 2699; x_wconf 87' lang='lat' dir='ltr'>om.</span> <span class='ocrx_word' id='word_1_144' title='bbox 1307 2662 1342 2697; x_wconf 91' lang='lat' dir='ltr'><em>B</em></span> <span class='ocrx_word' id='word_1_145' title='bbox 1425 2663 1510 2696; x_wconf 82' lang='lat'>1199</span> <span class='ocrx_word' id='word_1_146' title='bbox 1535 2660 1711 2706; x_wconf 83' lang='lat' dir='ltr'>pseudole</span> <span class='ocrx_word' id='word_1_147' title='bbox 1736 2658 1782 2701; x_wconf 89' lang='grc' dir='ltr'>Β,</span> 
     </span>
     <span class='ocr_line' id='line_1_35' title="bbox 294 2717 1783 2768; baseline -0.005 -10"><span class='ocrx_word' id='word_1_148' title='bbox 294 2724 511 2768; x_wconf 71' lang='lat' dir='ltr'>pseudolole</span> <span class='ocrx_word' id='word_1_149' title='bbox 538 2723 567 2759; x_wconf 81' lang='lat' dir='ltr'><em>C</em></span> <span class='ocrx_word' id='word_1_150' title='bbox 613 2727 617 2730; x_wconf 79' lang='grc'><strong>“</strong></span> <span class='ocrx_word' id='word_1_151' title='bbox 644 2724 729 2757; x_wconf 81' lang='grc'>1200</span> <span class='ocrx_word' id='word_1_152' title='bbox 753 2723 949 2757; x_wconf 79' lang='lat' dir='ltr'>adduxisse</span> <span class='ocrx_word' id='word_1_153' title='bbox 1032 2722 1138 2755; x_wconf 85' lang='lat' dir='ltr'>aliam</span> <span class='ocrx_word' id='word_1_154' title='bbox 1167 2720 1195 2756; x_wconf 82' lang='lat' dir='ltr'><em>O</em></span> <span class='ocrx_word' id='word_1_155' title='bbox 1277 2721 1361 2755; x_wconf 84' lang='lat'>1203</span> <span class='ocrx_word' id='word_1_156' title='bbox 1389 2717 1562 2763; x_wconf 83' lang='lat' dir='ltr'>extimplo</span> <span class='ocrx_word' id='word_1_157' title='bbox 1589 2717 1617 2752; x_wconf 82' lang='grc' dir='ltr'><strong><em>Ο</em></strong></span> <span class='ocrx_word' id='word_1_158' title='bbox 1699 2717 1783 2751; x_wconf 80' lang='lat'>1205</span> 
     </span>
     <span class='ocr_line' id='line_1_36' title="bbox 294 2775 1513 2815; baseline -0.005 0"><span class='ocrx_word' id='word_1_159' title='bbox 294 2781 370 2815; x_wconf 89' lang='lat' dir='ltr'>BA.</span> <span class='ocrx_word' id='word_1_160' title='bbox 396 2790 462 2815; x_wconf 87' lang='lat' dir='ltr'>om.</span> <span class='ocrx_word' id='word_1_161' title='bbox 557 2784 620 2814; x_wconf 86' lang='lat' dir='ltr'>tua</span> <span class='ocrx_word' id='word_1_162' title='bbox 715 2779 868 2814; x_wconf 80' lang='lat' dir='ltr'>dedistis</span> <span class='ocrx_word' id='word_1_163' title='bbox 969 2779 1054 2812; x_wconf 81' lang='grc'>1206</span> <span class='ocrx_word' id='word_1_164' title='bbox 1080 2777 1298 2812; x_wconf 84' lang='lat' dir='ltr'>meditatum</span> <span class='ocrx_word' id='word_1_165' title='bbox 1324 2776 1456 2810; x_wconf 81' lang='lat' dir='ltr'>malest</span> <span class='ocrx_word' id='word_1_166' title='bbox 1482 2775 1513 2809; x_wconf 78' lang='lat' dir='ltr'><strong><em>A</em></strong></span> 
     </span>
    </p>
   </div>
   <div class='ocr_carea' id='block_1_16' title="bbox 1891 222 1913 269">
    <p class='ocr_par' dir='ltr' id='par_1_16' title="bbox 1891 222 1913 269">
     <span class='ocr_line' id='line_1_37' title="bbox 1891 222 1913 269; baseline 0.091 -2"><span class='ocrx_word' id='word_1_167' title='bbox 1891 222 1913 269; x_wconf 64' lang='grc' dir='ltr'>ἓ,</span> 
     </span>
    </p>
   </div>
   <div class='ocr_carea' id='block_1_17' title="bbox 1892 0 1963 3243">
    <p class='ocr_par' dir='ltr' id='par_1_17' title="bbox 1892 0 1963 3243">
     <span class='ocr_line' id='line_1_38' title="bbox 1892 0 1963 3243; baseline 0 0"><span class='ocrx_word' id='word_1_168' title='bbox 1892 0 1963 3243; x_wconf 95' lang='lat' dir='ltr'> </span> 
     </span>
    </p>
   </div>
  </div>
 </body>
</html>
