1963 3243
329 154 384 192 48
995 148 1118 184 Plauti
1524 152 1571 196 ΙΙ,
1595 154 1629 196 6,
1652 154 1788 188 63—74

330 273 398 314 Me
428 272 558 314 fuisse
589 273 829 324 excordem,
863 287 1050 325 caecum,
1082 275 1425 328 incogitabilem3
1721 285 1789 320 545

330 344 438 386 Nam
471 341 839 387 Philocomasium
870 358 1016 387 eccam
1046 347 1176 387 intus.

817 469 1298 524 Periplecomenus

1199 542 1311 593 Quid
1341 557 1465 594 nunc,
1499 543 1702 586 furcifer?

331 613 521 655 Uidistin
552 613 734 654 ambas?

919 737 1208 780 Sceledrus

767 809 880 852 Uidi.

823 934 1301 989 Periplecomenus

944 1007 1078 1048 Erum
1110 1007 1315 1050 exhibeas
1347 1009 1461 1051 uolo.

920 1131 1210 1174 Sceledrus

335 1207 543 1248 Meruisse
575 1205 772 1258 equidem
806 1219 870 1246 me
904 1219 1149 1246 maxumum
1180 1206 1319 1257 fateor
1351 1206 1523 1257 malum,

334 1279 390 1321 Et
420 1283 522 1320 tuae
553 1277 706 1318 fecisse
738 1290 804 1318 me
836 1276 1034 1330 hospitae
1067 1278 1134 1319 aio
1166 1278 1386 1330 iniuriam;

335 1351 418 1393 Sed
452 1363 591 1391 meam
623 1363 716 1391 esse
748 1349 897 1391 erilem
931 1349 1220 1391 concubinam
1251 1351 1411 1402 censui,
1725 1362 1793 1397 550

336 1423 446 1474 Quoi
478 1435 544 1463 me
577 1421 798 1463 custodem
832 1435 930 1464 erus
962 1421 1132 1463 addidit
1162 1422 1284 1464 miles
1314 1436 1456 1474 meus3

335 1495 445 1537 Nam
477 1509 529 1536 ex
560 1507 645 1535 uno
677 1498 808 1547 puteo
841 1494 1022 1535 similior
1052 1508 1288 1549 numquam
1319 1495 1436 1548 potis

336 1568 461 1622 Aqua
493 1580 630 1620 aeque
663 1567 784 1616 sumi,
817 1579 947 1619 quam
979 1566 1086 1608 haec
1116 1571 1181 1608 est
1212 1571 1343 1620 atque
1376 1567 1462 1608 ista
1491 1566 1678 1621 hospita.

338 1640 394 1681 Et
423 1653 490 1681 me
521 1639 708 1692 despexe
740 1638 796 1679 ad
827 1642 870 1679 te
902 1652 979 1692 per
1009 1639 1251 1692 inpluuium
1281 1643 1402 1680 tuum

337 1712 510 1754 Fateor.

827 1812 1298 1868 Periplecomenus

542 1884 704 1934 Quidni
735 1886 899 1928 fateare
930 1886 986 1937 id,
1019 1901 1098 1940 ego
1131 1887 1246 1942 quod
1278 1887 1493 1929 uiderim?
1729 1899 1795 1932 555

340 1960 394 2000 Et
423 1959 482 1999 ibi
516 1957 781 1999 osculantem
815 1972 955 1999 meum
988 1958 1203 2012 hospitem
1235 1973 1332 2001 cum
1363 1960 1449 2001 ista
1479 1959 1653 2011 hospita

263 2071 268 2074 .
340 2031 494 2072 Uidisti
505 2030 525 2071 Ῥ

927 2133 1219 2176 Sceledrus

611 2204 726 2246 Uidi.
787 2205 872 2247 Cur
902 2219 1053 2259 negem
1084 2207 1199 2261 quod
1230 2206 1445 2247 uiderim?

344 2278 426 2320 Sed
459 2278 823 2319 Philocomasium
857 2292 923 2319 me
955 2277 1121 2320 uidisse
1153 2279 1312 2319 censui.

432 2427 500 2459 545
514 2424 672 2459 excorde
685 2423 754 2459 BC
830 2426 896 2459 546
910 2425 992 2469 quis
1008 2424 1073 2459 BC
1153 2426 1220 2458 547
1234 2425 1360 2459 uidisti
1374 2424 1443 2459 BC
1509 2426 1576 2460 548
1589 2429 1627 2460 te
1649 2426 1797 2470 quidem

345 2489 382 2517 et
405 2483 450 2526 B,
476 2488 513 2516 te
539 2482 709 2526 quideme
737 2481 764 2517 C
855 2482 971 2516 facior
985 2481 1052 2517 BC
1141 2483 1207 2516 549
1232 2481 1378 2517 fecisset
1406 2480 1470 2523 BC
1560 2483 1616 2516 alo
1642 2481 1712 2518 BG

342 2540 476 2574 iniuria
501 2539 546 2582 B,
572 2539 718 2573 miuiria
744 2538 772 2573 C
863 2540 928 2573 550
955 2538 1056 2573 Sciet
1083 2539 1112 2573 Ο
1201 2540 1267 2573 552
1291 2550 1421 2573 exumo
1447 2537 1515 2573 ΒΟ
1614 2543 1740 2584 potest
1764 2540 1797 2574 A

432 2598 497 2631 553
528 2599 683 2640 Atquam
698 2595 766 2631 BC
839 2607 975 2640 aequae
994 2597 1036 2639 A,
1055 2608 1169 2640 aquae
1187 2596 1216 2631 G
1288 2596 1438 2630 summis
1452 2595 1520 2630 BC
1593 2601 1703 2641 atque
1726 2597 1797 2631 his-

343 2654 443 2687 tham
473 2653 507 2696 G,
535 2665 555 2686 a
570 2678 720 2688 .......
735 2658 770 2688 st
795 2653 830 2688 B
922 2653 1071 2697 hospita¹
1097 2653 1124 2687 C
1223 2654 1289 2688 554
1314 2665 1396 2687 meo
1422 2654 1456 2686 A
1561 2653 1710 2698 despexi
1735 2653 1803 2689 BC

343 2712 409 2745 555
435 2710 523 2754 quid
549 2722 646 2744 nunc
672 2711 707 2744 A
822 2710 939 2745 fatear
965 2713 1001 2744 et
1024 2709 1100 2752 BG,
1127 2711 1262 2745 fateare
1289 2714 1326 2744 et
1349 2710 1383 2743 A
1499 2709 1634 2744 uiderit
1659 2709 1688 2745 C

344 2768 501 2802 556—57
525 2777 589 2801 om.
617 2767 687 2802 BG
777 2768 843 2801 558
868 2767 1022 2801 uidisset
1045 2767 1110 2802 BC
