1963 3243
114 215 179 260 m,
205 216 236 259 2,
264 215 395 249 11—22
753 214 950 250 Poenulus.
1520 223 1597 262 149

720 341 984 383 Aduocati

113 414 163 456 Di
195 418 236 455 te
268 411 464 467 perdant.

744 483 970 538 Milphio

278 554 366 597 Uos
400 554 572 609 quidem
604 554 748 596 hercle
781 569 907 609 quom
941 556 966 608 †
999 570 1048 599 eo
1081 571 1209 610 quom
1242 558 1315 611 qui
1349 558 1422 611 qui
1453 563 1598 600 tamen

113 628 166 671 Et
196 627 302 669 bene
335 632 378 668 et
407 626 592 679 benigne
623 626 780 673 facitis,
814 641 942 680 quom
976 642 1048 671 ero
1080 630 1242 671 amanti
1267 643 1443 683 operam
1469 629 1598 671 datis.

112 700 192 743 Sed
223 700 296 741 isti
327 700 411 740 iam
445 699 596 741 sciunt.
629 699 773 752 negoti
806 699 911 753 quid
944 700 1027 742 sit‘?

657 790 1044 842 Agorastocles

1021 862 1124 904 Rem
1159 877 1327 905 omnem
1359 864 1401 904 in
1434 863 1597 905 ordine.

739 933 965 987 Milphio

110 1007 216 1049 Tum
242 1021 320 1048 uos
346 1007 534 1048 animum
553 1006 771 1047 aduortite
789 1007 932 1059 igitur.
982 1006 1105 1047 Hunc
1130 1020 1207 1048 uos
1224 1007 1420 1048 lenonem
1440 1007 1599 1062 Lycum

109 1078 332 1121 Nouistis‘?

716 1150 751 1191 A
765 1150 790 1191 d
802 1165 828 1191 u
843 1164 866 1192 o
878 1164 899 1192 c
910 1151 988 1192 ati

338 1222 495 1264 Facile.

678 1294 708 1336 C
720 1308 743 1335 ο
754 1294 767 1334 1
779 1294 790 1334 l
803 1294 864 1335 ab
877 1295 888 1335 i
903 1309 921 1335 s
932 1308 954 1335 c
965 1309 992 1335 u
1008 1309 1026 1335 s

546 1367 600 1407 At
631 1379 708 1419 ego
743 1366 813 1420 pol
847 1380 956 1418 eum,
989 1379 1076 1420 qua
1109 1366 1165 1407 sit
1195 1365 1319 1415 facie,
1351 1368 1507 1408 nescio.
1535 1378 1597 1412 591

109 1438 217 1481 Eum
247 1439 349 1481 uolo
382 1438 484 1480 mihi
518 1438 826 1480 demonstretis
855 1437 1085 1479 hominem.

718 1525 984 1566 Aduocati

1158 1596 1246 1638 Nos
1279 1596 1539 1637 curabimus.

110 1670 222 1712 Satis
254 1675 535 1725 praeceptum
567 1677 644 1712 est.

656 1740 1043 1795 Agorastocles

579 1814 660 1855 Hic
691 1818 908 1854 trecentos
940 1827 1138 1854 nummos
1171 1817 1420 1853 numeratos
1452 1811 1595 1853 habet.

718 1904 982 1951 Aduocati

107 1975 218 2030 Ergo
249 1991 326 2018 nos
359 1977 570 2030 inspicere
604 1982 778 2030 oportet
809 1977 920 2016 istuc
953 1989 1116 2025 aurum,
1149 1974 1466 2027 Agorastocles,

108 2045 164 2088 Ut
193 2048 392 2098 sciamus,
426 2048 528 2102 quid
562 2048 757 2090 dicamus
789 2061 885 2088 mox
917 2061 994 2100 pro
1027 2048 1289 2089 testimonio.
1532 2057 1598 2092 595

654 2137 1046 2192 Agorastocles

107 2209 241 2263 Agite,
272 2211 489 2265 inspicite.

714 2282 980 2324 Aduoeaffi

412 2355 573 2396 Aurum
606 2359 672 2396 est
703 2354 898 2408 profecto
931 2355 1024 2405 hoc,
1058 2341 1339 2407 spectatores,
1371 2352 1593 2395 comicum.

107 2423 325 2468 Macerato
358 2425 440 2467 hoc
471 2427 650 2481 pingues
681 2426 790 2467 fiunt
821 2441 927 2467 auro
961 2427 1002 2467 in
1036 2426 1242 2467 barbaria
1272 2425 1426 2475 boues3

109 2494 264 2538 Uerum
297 2498 351 2539 ad
384 2498 498 2540 hanc
528 2512 618 2540 rem
651 2498 868 2551 agundam
900 2497 1148 2551 Philippum
1183 2501 1268 2546 est3
1314 2496 1377 2537 ita
1410 2508 1488 2536 nos
1519 2494 1595 2535 ad-

1123 2567 1435 2609 simulabimus.

194 2683 259 2716 587
285 2680 557 2717 CUMEODUM
583 2682 616 2716 A
707 2683 774 2716 589
799 2693 873 2715 rem
901 2691 966 2716 om.
1052 2681 1090 2714 in
1116 2680 1281 2713 ordinem
1308 2679 1342 2713 A
1433 2679 1499 2713 590
1522 2678 1594 2722 Ly-

107 2746 188 2772 cum
212 2748 277 2773 om.
303 2739 338 2772 A
425 2740 490 2773 592
516 2739 605 2773 mihi
632 2739 718 2774 uolo
743 2738 776 2772 A
859 2739 924 2772 593
951 2741 1008 2772 est
1031 2747 1096 2772 om.
1123 2736 1190 2771 BC
1269 2737 1335 2770 596
1359 2735 1430 2769 hoc
1455 2745 1519 2770 om.
1534 2733 1600 2769 BG

106 2793 171 2828 597
194 2793 311 2829 bobes
344 2795 372 2830 C
464 2797 530 2830 598
555 2796 780 2839 agundumst
803 2795 836 2828 A
