1963 3243
140 228 170 274 Ι,
199 231 228 271 1,
253 229 378 268 69—2.
406 230 426 264 5
797 227 987 263 Poenulus.
1550 234 1623 273 121

775 353 996 405 Milphio

606 425 779 467 Faciam
813 430 860 466 ut
891 426 1003 467 facto
1036 426 1238 479 gaudeas.

143 498 260 540 Inest
291 499 450 540 amoris
485 497 652 539 macula
684 497 783 538 huic
815 497 977 539 homini
1010 499 1049 539 in
1085 502 1272 551 pectore,

144 570 242 613 Sine
275 569 430 611 damno
463 582 616 621 magno
649 583 760 623 quae
794 569 877 610 elui
911 571 1162 624 neutiquam
1194 575 1349 624 potest.

143 641 293 696 Itaque
325 641 392 683 hic
425 641 633 683 scelestus
666 645 731 682 est
763 640 888 681 homo
922 642 1018 683 leno
1052 642 1202 696 Lycus,
1564 655 1630 688 200

144 713 250 765 Quoi
282 714 366 755 iam
399 713 606 755 infortuni
639 713 806 754 intenta
839 713 1013 755 ballista
1044 718 1111 756 est
1143 715 1288 769 probe,

145 784 282 835 Quam
314 798 392 838 ego
424 784 539 826 haud
571 784 705 827 multo
737 791 835 839 post
866 787 1037 827 mittam
1071 801 1092 828 e
1125 787 1379 829 ballistario.

146 856 228 899 Sed
261 856 566 911 Adelphasium
600 857 688 898 exit
720 870 865 898 eccam
899 862 1030 911 atq-ue
1065 859 1353 901 Anterastilis.

143 928 261 970 Haec
293 933 355 969 est
387 929 515 982 prior,
548 942 657 981 quae
690 943 829 970 meum
863 943 981 970 erum
1014 924 1256 972 dementem
1288 931 1404 974 facit.

144 999 225 1042 Sed
259 1000 464 1042 euocabo.
525 999 656 1049 Heus,
690 1001 702 1041 i
734 999 863 1044 foras.
900 1001 1211 1052 Agorastocles,
1564 1013 1629 1048 205

144 1071 186 1114 Si
217 1073 281 1114 uis
314 1072 461 1115 uidere
493 1072 618 1114 ludos
651 1073 1014 1116 iucundissumos.

690 1152 1076 1205 Ayorastocles

144 1223 254 1274 Quid
287 1225 398 1266 istuc
429 1224 602 1266 tumulti
635 1229 711 1274 est,
745 1224 954 1278 Milphio?

771 1304 1001 1356 Milphio

1012 1377 1102 1423 Em.
1136 1391 1303 1419 amores
1334 1383 1431 1420 tuos

144 1447 187 1490 Si
219 1449 286 1490 uis
320 1455 528 1502 spectare.

692 1519 1076 1572 Ayorastocles

580 1591 614 1633 O
649 1592 784 1633 multa
816 1592 896 1633 tibi
930 1592 971 1632 di
1004 1592 1107 1634 dent
1138 1593 1262 1638 bona,

145 1661 279 1713 Quom
313 1663 393 1705 hoc
424 1663 528 1705 mihi
560 1663 758 1705 obtulisti
789 1669 876 1705 tam
909 1664 1099 1717 lepidum
1133 1665 1440 1719 spectaculum.

223 1882 628 1925 ADELPHASIUM
659 1882 1067 1925 ANTERASTILIS
1100 1882 1461 1926 MERETRICES
1493 1884 1547 1926 II.

181 1961 414 2004 MILPHIO
448 1961 675 2004 SERUOS.
737 1962 1179 2005 AGORASTOCLES
1212 1963 1587 2006 ADULESCENS.

756 2040 1009 2083 ANCILLA.

687 2181 1076 2234 Adelphasium

140 2250 295 2305 Negoti
326 2252 408 2294 sibi
442 2253 515 2306 qui
546 2252 664 2294 uolet
694 2253 783 2294 uim
815 2267 982 2307 parare,
1561 2268 1627 2303 210

139 2321 303 2365 Nauem
336 2328 379 2366 et
411 2324 645 2374 mulierem,
677 2324 784 2366 haec
817 2325 900 2366 duo
935 2330 1204 2378 conparatos

139 2393 248 2436 Nam
279 2396 423 2438 nullae
455 2397 592 2450 magis
623 2410 691 2437 res
725 2396 834 2438 (luae
868 2397 966 2450 plus
998 2398 1143 2450 negoti

140 2465 322 2520 Habent,
353 2467 465 2510 forte
499 2482 534 2509 si
567 2469 788 2521 occeperis
821 2482 1041 2510 exornare.

140 2535 306 2593 [Neque
338 2553 541 2594 umquam
575 2540 680 2581 sat-is
712 2539 793 2580 hae
826 2540 934 2580 (luae
967 2554 1035 2581 res
1068 2538 1310 2593 ornantur,]

231 2685 293 2719 199
319 2696 389 2729 que
490 2686 555 2720 203
581 2697 681 2720 ecam
709 2686 785 2719 exit
810 2685 853 2727 B,
881 2696 1004 2719 eccam
1032 2687 1105 2720 exit
1133 2685 1161 2721 C
1258 2686 1324 2720 208
1350 2686 1439 2720 dent
1464 2687 1561 2722 bona
1586 2688 1623 2722 di

138 2740 203 2774 209
226 2744 305 2775 tum
332 2741 365 2776 B
456 2741 547 2777 Post
571 2743 652 2777 209:
680 2741 908 2776 Adelfasium
936 2743 1162 2776 anterastilis
1188 2742 1340 2787 milphio
1367 2745 1622 2786 agorastocles

226 2796 444 2832 ANCILLA
471 2809 536 2833 om.
563 2798 608 2842 B,
636 2803 749 2834 totum
776 2800 920 2833 titulum
948 2798 977 2833 C
1196 2815 1199 2817 ·
