1963 3243
1718 168 1727 174 .
1767 127 1795 175 «ῗ

282 228 362 268 184
513 190 518 195 ’
959 220 1080 256 Plauti
1501 217 1547 264 V,
1571 222 1603 264 2,
1628 191 1834 274 60—172'⁸

829 346 1212 400 Agorastocles

280 420 392 471 Quid
423 421 537 462 istuc
567 419 622 461 ad
653 419 749 461 me?

913 488 1140 542 Milphio

823 559 1060 602 Certiorem
1089 564 1133 602 te
1164 563 1258 602 esse
1287 559 1394 610 uolt,

279 635 345 678 Ne
377 634 481 689 quid
513 633 623 675 clam
653 631 803 673 furtim
834 646 878 674 se
909 631 1130 685 accepisse
1161 644 1351 672 censeas.

931 725 982 768 H
985 739 1008 768 α
1019 739 1084 767 nn
1093 738 1116 766 o

280 799 564 855 Muphonnim
595 798 840 840 sucoratim.

910 877 952 918 M
964 875 1002 918 il
1016 891 1039 930 p
1050 875 1102 918 hi
1112 890 1135 918 ο

961 947 1052 999 Em,
1084 960 1190 989 caue
1221 947 1280 988 sis
1310 945 1473 998 feceris,
1685 957 1773 991 1020
1847 979 1851 985 .

283 1023 408 1074 Quod
440 1022 510 1063 hic
541 1025 648 1063 orat.
1842 1006 1845 1010 Δ
1933 1020 1936 1028 ’

835 1086 1221 1145 Agorastocles

710 1162 822 1214 Quid
853 1163 917 1205 ait
950 1166 1026 1204 aut
1056 1161 1159 1216 quid
1194 1165 1290 1203 orat
1301 1161 1322 1202 ⁴?
1352 1160 1516 1215 expedi.

915 1256 974 1298 M
976 1257 993 1298 τ’
1003 1256 1018 1298 l
1017 1269 1052 1308 p
1063 1256 1089 1298 h
1097 1256 1115 1297 i
1123 1269 1145 1296 o

285 1330 372 1374 Sub
406 1330 560 1373 cratim
591 1333 640 1372 ut
668 1329 820 1372 iubeas
851 1342 897 1371 se
930 1328 1117 1382 supponi
1147 1331 1280 1381 atque
1311 1341 1360 1369 eo

285 1402 474 1457 Lapides
505 1401 654 1456 inponi
684 1397 940 1453 multos‚3ut
970 1413 1063 1441 sese
1094 1413 1232 1441 neces.

932 1494 1118 1536 Hanno

286 1568 410 1611 Gune
441 1567 680 1610 balsamem
711 1580 876 1608 erasan.

828 1659 1220 1714 Agorastocles

912 1731 1066 1783 Narra,
1099 1731 1203 1786 quid
1234 1731 1329 1773 est?

286 1807 399 1858 Quid
431 1806 520 1848 ait‘?

920 1875 1147 1929 Milphio

581 1948 678 1991 Non
707 1947 854 1989 hercle
885 1960 999 1988 nunc
1030 1946 1203 2000 quidem
1236 1945 1472 2000 quidquam
1503 1945 1603 1986 scio.
1688 1953 1776 1988 1025

938 2041 1124 2083 Hanno

289 2117 347 2158 At
366 2120 426 2158 ‘ut
457 2115 568 2158 scias
598 2128 724 2167 nunc,
757 2113 913 2156 dehinc
946 2113 1101 2154 Latine
1132 2113 1216 2154 iam
1247 2111 1414 2166 loquar.

288 2188 471 2231 Seruom
501 2186 647 2230 hercle
677 2190 722 2228 te
753 2199 847 2228 esse
879 2188 1049 2240 oportet
1080 2188 1123 2226 et
1151 2197 1338 2238 nequam
1369 2187 1413 2224 et
1442 2181 1615 2231 malum,

286 2259 520 2304 Hominem
551 2258 823 2313 peregrinum
854 2260 986 2310 atque
1018 2255 1231 2298 aduenam
1262 2255 1335 2308 qui
1365 2253 1567 2296 inrideas.

915 2350 1009 2393 Mil
1055 2349 1144 2391 hio

289 2427 348 2468 At
377 2425 522 2468 hercle
551 2428 596 2466 te
626 2424 843 2467 hominem
875 2427 919 2465 et
948 2365 1259 2477 sycgphantam
1291 2425 1334 2462 et
1364 2419 1606 2466 subdolum,

383 2570 471 2603 1018
497 2567 574 2602 uoli
649 2567 735 2601 1019
760 2565 848 2601 furti
873 2564 918 2609 B,
944 2564 1078 2600 furtiue
1105 2563 1134 2599 0
1227 2564 1313 2598 1020
1337 2561 1605 2607 Muphonnium
1633 2568 1778 2595 sucoru-

287 2625 368 2660 him
393 2623 464 2659 ΒΟ
555 2624 584 2659 si
674 2623 758 2658 1021
785 2622 845 2657 hic
869 2625 906 2656 te
932 2625 1015 2656 orat
1107 2621 1192 2655 1022
1217 2620 1351 2664 gratim
1377 2617 1446 2654 BG
1532 2617 1617 2652 1023
1640 2615 1776 2651 multos
1832 2613 1839 2621 ’

288 2682 336 2716 sit
360 2692 440 2716 sese
471 2680 507 2716 Β
625 2681 714 2715 1024
739 2679 867 2714 Guneb
893 2677 1184 2712 balsamimlirila
1207 2675 1251 2719 A,
1286 2674 1451 2710 Gunebel
1476 2672 1677 2708 balsameni
1703 2680 1777 2707 era·
1807 2670 1814 2674 “

288 2749 354 2773 san
379 2737 449 2774 ΒΟ
550 2737 636 2772 1025
661 2735 727 2779 Qui
755 2734 784 2771 G
873 2745 1078 2779 quaequam
1103 2733 1139 2768 B
1235 2733 1320 2767 1027
1346 2733 1493 2776 oportet
1517 2741 1584 2765 ene
1610 2739 1720 2773 quam
1741 2725 1778 2762 B
1831 2735 1839 2756 ν

290 2796 378 2830 1028
405 2794 599 2830 adueniam
624 2793 657 2827 A
683 2793 828 2828 omissis·
852 2791 978 2827 ceteris
1074 2791 1159 2825 1029
1184 2789 1410 2834 sycophanta
1433 2786 1469 2822 B
1835 2791 1845 2799 ⁶
