1963 3243
254 203 333 242 350
880 194 1072 229 Mercator.

249 329 344 374 ficos
373 331 447 365 cet.
507 326 686 364 Ridicule
717 337 945 373 responsum
977 325 1117 374 incipit
1147 323 1195 360 ab
1224 323 1287 371 iis,
1320 336 1406 372 quae
1436 323 1485 360 ad
1515 335 1596 359 rem
1628 336 1706 360 non

250 398 466 446 pertinent.
499 414 553 419 —
584 394 679 431 932.
710 392 977 430 indaudiuisse
992 392 1038 429 R.
1070 411 1125 416 —
1157 391 1252 427 933.
1290 389 1547 437 Calchantem,
1577 393 1708 427 vatem

251 464 509 502 certissimum
548 463 606 498 ait
643 473 727 498 esse
764 460 876 497 illum
912 459 1181 507 Zacynthium.
1243 458 1348 495 Men.
1387 460 1467 496 '736
1513 455 1703 504 ‚‚Calcha“

253 534 426 571 ablativo
450 543 553 577 casu,
581 528 686 566 unde
710 528 853 576 Bergk.
880 527 999 565 Beitr.
1022 540 1054 563 z.
1081 528 1150 564 lat.
1163 527 1294 564 Gram.
1321 540 1360 576 p.
1395 528 1459 573 32,
1491 528 1603 576 quasi
1626 527 1707 562 uti-

252 615 328 652 que
350 612 507 637 necesse
532 602 633 635 esset
657 597 740 634 haec
763 609 839 632 vox
861 596 900 632 in
918 597 1084 646 primam
1101 596 1403 632 declinationem
1419 595 1618 643 transiret,
1646 594 1709 632 hie

251 682 408 719 quoque
447 666 630 705 Calchast
662 694 670 702 .
690 692 725 701 ..
758 661 1022 712 Zacynthius“
1057 664 1193 701 voluit.
1225 683 1279 688 -
1312 663 1406 700 934.
1444 664 1522 700 iam
1553 663 1613 699 ed.
1647 675 1705 711 pr.

251 757 303 763 —
336 737 430 775 935.
471 736 514 772 de
552 734 640 771 add.
683 733 727 770 R.
787 733 842 769 mi
875 732 1019 769 sodalis
1056 731 1185 769 Guiet.
1225 751 1279 756 ——
1321 732 1414 768 936.
1460 731 1511 769 Ut
1545 730 1710 768 maluisti

252 809 339 852 oet„
379 805 502 842 solitae
533 801 868 850 interrogationes
898 800 1054 838 domum
1085 799 1347 836 redeuntium.
1406 801 1583 846 parentes
1611 799 1710 836 mei?

250 874 386 912 ualent
415 870 594 920 Pylades.
633 872 756 906 ‘mater
788 871 901 915 pater
938 868 1061 917 Bugg.
1102 867 1243 918 Opusc.
1284 867 1333 904 ad
1368 867 1501 904 Madv.
1540 880 1579 916 p.
1616 867 1706 904 157.

252 943 309 980 De
348 940 536 989 asyndeto
573 951 610 975 v,
651 938 699 975 ad
729 936 871 985 Amph.
906 937 1000 973 891.
1032 936 1078 973 R.
1111 936 1230 972 male:
1276 940 1379 981 „tam
1411 933 1621 984 gratiast“.
1654 955 1708 960 —

251 1011 345 1048 937.
376 1009 481 1047 Bene
510 1018 649 1052 uocas:
678 1006 833 1052 benique
863 1006 969 1042 dicis.
1015 1004 1148 1052 Fingit
1170 1004 1390 1052 Eutychum
1423 1016 1463 1040 se
1496 1003 1544 1039 ad
1574 1016 1720 1040 cenamv

249 1091 423 1123 vocasse,
455 1089 494 1113 se
526 1080 657 1112 autem
691 1088 777 1111 cum
808 1074 937 1122 gratia
968 1072 1153 1118 abnuere,
1187 1073 1234 1109 ef.
1267 1071 1377 1108 Cure.
1411 1073 1488 1108 563
1522 1084 1608 1108 cum
1639 1084 1707 1108 an-

250 1150 332 1184 not.
366 1144 526 1183 Trucul.
562 1144 653 1180 126.
721 1139 820 1179 Cras
849 1141 957 1188 apud
987 1143 1031 1190 te,
1064 1154 1116 1178 sc.
1149 1141 1309 1178 cenabo.
1368 1150 1477 1178 mame
1507 1140 1602 1176 Pius
1633 1152 1706 1176 em.

250 1235 306 1240 —-
337 1215 432 1252 938.
464 1212 528 1250 Sz'e
558 1211 663 1248 Pius.
694 1229 748 1235 —
779 1209 971 1246 Extrema
994 1222 1130 1246 versus
1152 1222 1244 1258 pars
1269 1211 1456 1257 corrupta
1481 1212 1554 1245 est.
1601 1206 1706 1244 Cam.

252 1283 333 1321 ed.:
369 1281 492 1330 „Elim
524 1293 623 1329 quae
652 1283 696 1315 tu
727 1275 943 1316 somnias!“
978 1277 1046 1314 R.:
1083 1277 1194 1324 „Eho
1224 1281 1279 1323 tu,
1313 1277 1406 1326 quin
1422 1281 1467 1313 tu
1483 1272 1705 1313 somnias?“

251 1364 343 1399 ego:
390 1350 481 1398 Eia,
527 1359 624 1396 quae
667 1346 761 1384 mihi
802 1346 1000 1384 somnias?
1044 1345 1090 1382 cf.
1137 1345 1252 1395 Epid.
1295 1345 1389 1382 263.
1459 1344 1570 1394 Capt.
1612 1344 1706 1382 958.

251 1421 337 1458 Cas.
381 1420 473 1457 687.
518 1437 565 1442 —-
609 1417 703 1453 939.
740 1412 925 1462 „sanusff‘
960 1414 1137 1460 Guietus,
1176 1414 1347 1450 fortasse
1383 1418 1502 1450 recte.
1538 1433 1584 1438 —
1617 1411 1712 1450 mihi

251 1488 339 1526 add.
371 1487 418 1524 R.
450 1505 504 1511 —-
535 1486 628 1523 940.
660 1484 820 1531 Sequere
848 1484 900 1520 sis
931 1483 1020 1520 edd.
1051 1501 1107 1508 —-
1143 1479 1363 1529 Clementer,
1393 1481 1560 1530 placide,
1590 1493 1625 1517 v.
1659 1480 1707 1517 ad

253 1557 338 1593 Mil.
373 1553 465 1593 696.
498 1573 553 1579 —
584 1552 717 1599 calces,
750 1566 799 1589 sc.
833 1564 952 1597 meas,
994 1551 1149 1596 deteri&
1184 1549 1432 1600 properando
1463 1554 1543 1586 tam
1573 1561 1709 1599 presse

254 1626 418 1661 amicum
451 1623 644 1671 sequitur,
675 1625 720 1657 ut
751 1621 874 1657 calces
906 1620 988 1656 eius
1013 1618 1198 1656 offendat.
1233 1637 1286 1642 --
1316 1619 1410 1655 942.
1444 1617 1509 1655 R.:
1545 1618 1713 1663 „iratast

254 1691 331 1739 ei“,
371 1691 506 1728 Muell.
549 1691 651 1736 „eist
687 1687 830 1726 irata“.
891 1689 914 1725 1
957 1688 1086 1734 modo,
1134 1688 1446 1735 intemperanter
1477 1686 1713 1723 sententiam
1778 1699 1784 1702 ·
1859 1701 1862 1705 ¹

253 1760 526 1809 interrumpit3
560 1759 665 1796 irata
688 1760 848 1807 propter
876 1758 1003 1794 istane
1033 1755 1232 1803 iungenda
1262 1759 1366 1792 sunt.

370 1966 464 2002 945.
496 1963 751 2013 Lysimachus
779 1977 800 1999 a
823 1962 1066 2011 Demiphone
1097 1961 1324 2010 postulavit,
1357 1963 1402 1996 ut
1432 1959 1635 1996 mulierem
1666 1958 1714 1996 ab

255 2034 404 2073 aedibus
434 2034 514 2071 suis
545 2032 769 2077 abduceret,
800 2045 836 2069 v.
871 2032 962 2068 786.
1023 2030 1132 2067 Inter
1163 2028 1464 2078 colloquendum
1495 2028 1713 2078 nequitiam

256 2105 291 2141 ei
331 2102 610 2153 exprobravit3
657 2100 871 2149 respondet
910 2098 1125 2148 Demipho,
1173 2110 1213 2134 se
1253 2110 1332 2134 non
1369 2096 1572 2143 dubitare,
1618 2096 1713 2146 quin

256 2174 376 2209 etiam
407 2169 665 2219 Lysimachus
695 2169 774 2206 tale
805 2168 900 2217 quid
929 2167 1082 2204 fecerit.
1143 2165 1287 2202 Verum
1319 2177 1503 2202 versuum
1533 2164 1714 2202 ordinem

255 2240 458 2278 Acidalius
496 2238 683 2275 restituit.
744 2236 909 2286 Antiqui
951 2235 1122 2272 editores
1163 2247 1283 2282 quum
1319 2233 1556 2283 principium
1588 2244 1714 2270 scenae

256 2308 446 2347 excidisse
490 2309 699 2357 putarent,
746 2304 926 2343 undecim
972 2315 1108 2340 versus
1152 2301 1410 2348 addiderunt,
1456 2313 1554 2350 quos
1597 2300 1714 2339 hodie

256 2390 370 2415 nemo
408 2376 527 2414 ullius
566 2375 686 2425 pretii
724 2373 854 2411 habet.
917 2371 992 2409 Sed
1024 2372 1142 2408 etiam
1174 2370 1219 2408 R.
1251 2371 1409 2407 initium
1439 2381 1563 2407 scenae
1593 2370 1714 2406 inter·

257 2446 399 2484 cidisse
431 2444 594 2490 censuit,
627 2454 744 2492 quem
774 2441 964 2478 refutavit
995 2439 1176 2489 Spengel.
1209 2439 1338 2476 Plaut.
1369 2452 1407 2488 p.
1440 2439 1493 2474 47
1525 2450 1604 2487 sq.;
1643 2449 1714 2474 nec

257 2514 334 2551 alia
363 2512 542 2563 exempla
572 2511 728 2551 desunt.
765 2510 833 2560 ubi
863 2521 1040 2558 personae
1072 2509 1111 2544 in
1142 2506 1270 2544 medio
1301 2518 1480 2544 sermone
1510 2509 1715 2543 versantes

257 2583 296 2618 in
328 2581 575 2630 proscenium
607 2581 760 2627 exeant,
792 2581 837 2613 ut
868 2576 953 2614 Cas.
988 2576 1082 2613 416.
1135 2575 1254 2612 Poen.
1286 2576 1379 2612 959.
1426 2574 1583 2611 Trucul.
1618 2574 1712 2612 765.

258 2650 439 2699 Spengel.
481 2646 855 2693 Acteneintheilung
892 2658 930 2694 p.
971 2646 1020 2683 41
1063 2645 1180 2681 etiam
1218 2643 1323 2693 apud
1361 2642 1550 2680 Caesarem
1588 2642 1632 2680 B.
1666 2641 1712 2680 G.

258 2717 343 2763 VII,
377 2718 428 2755 38
461 2717 680 2754 orationem
713 2728 735 2752 a
765 2727 848 2752 voc.
885 2708 1007 2760 Quasi
1035 2713 1208 2761 incipere
1238 2710 1538 2757 animadvertit3
1572 2710 1713 2748 addam

259 2785 338 2823 Cic.
380 2786 426 2822 de
464 2784 572 2822 Orat.
612 2783 662 2829 II,
704 2784 767 2830 57,
809 2783 902 2820 232.
936 2781 983 2818 de
1014 2781 1103 2818 Fin.
1134 2779 1184 2822 11,
1219 2781 1254 2826 3,
1289 2780 1326 2816 7.
1386 2778 1551 2815 Plautus
1581 2782 1711 2815 autem
