1963 3243
266 237 317 275 66
942 232 1063 267 Plauti
1485 231 1552 277 111,
1579 235 1610 277 2,
1638 229 1751 269 l—ffi'

544 412 747 454 BALLIO
782 412 944 454 LENO.
1007 411 1238 462 COQUOS.
1299 413 1462 455 PUER.
1669 414 1746 457 DU

916 536 1094 578 Ballio

264 608 421 650 Forum
453 609 686 662 coquinum
719 609 793 662 qui
823 613 992 660 uocant,
1024 608 1156 650 stulte
1188 614 1359 660 uocant,

263 680 373 722 Nam
404 693 487 721 non
520 679 762 732 coquinum,
796 693 946 721 uerum
977 678 1166 721 furinum
1198 684 1263 721 est
1292 680 1443 722 forum.
1681 693 1749 726 795

263 751 373 793 Nam
405 764 483 805 ego
514 752 550 792 si
579 751 746 793 iuratus
778 751 967 805 peiorem
998 751 1214 792 hominem
1246 765 1498 806 quaererem

265 822 471 876 Coquom,
503 836 589 864 non
619 823 743 876 potui
775 836 902 876 quam
932 822 1046 864 hunc
1077 837 1202 876 quem
1235 822 1344 865 duco
1376 823 1531 865 ducere

265 895 410 949 Mayis
442 894 713 936 multilocum
744 893 978 946 gloriosum
1010 895 1218 936 inutilem.

265 966 376 1016 Quin
408 966 462 1008 ob
495 980 588 1007 eam
618 979 709 1007 rem
742 964 877 1007 Oreus
908 966 1102 1020 recipere
1134 965 1187 1008 ad
1220 980 1264 1007 se
1296 965 1410 1008 huno
1440 966 1591 1019 noluit,

263 1038 323 1081 Ut
354 1042 469 1081 esset
500 1037 569 1078 hie
601 1037 674 1091 qui
705 1037 886 1079 mortuis
917 1042 1065 1079 cenam
1099 1042 1278 1092 coquat3
1680 1050 1751 1083 800

264 1110 372 1151 Nam
406 1109 476 1150 hio
508 1108 624 1151 solus
654 1108 740 1150 illis
772 1122 956 1161 coquere
988 1109 1104 1162 quod
1135 1109 1306 1163 placeat
1336 1113 1489 1163 potest.

897 1198 1106 1253 Coquos

264 1271 308 1314 Si
342 1286 407 1314 me
439 1271 711 1314 arbitrabare
743 1271 853 1312 istoc
883 1275 1011 1325 paeto
1044 1276 1092 1314 ut
1123 1271 1362 1325 praedicas,

264 1343 351 1386 Cur
382 1343 688 1386 oonduoebas‘?

919 1421 1096 1464 Ballio

737 1493 909 1548 Inopia3
941 1494 1051 1536 alius
1084 1509 1168 1536 non
1201 1498 1306 1536 erat.

266 1567 348 1609 Sed
381 1581 455 1609 eur
488 1566 668 1608 sedebas
700 1567 744 1608 in
775 1566 881 1616 foro,
914 1566 949 1607 si
980 1580 1078 1608 eras
1111 1579 1283 1620 coquos,

263 1639 325 1680 Tu
359 1639 476 1681 solus
507 1643 678 1692 praeter
710 1637 848 1680 alios?

895 1715 1111 1770 Coquos

917 1788 1005 1842 Ego
1039 1789 1178 1830 <licam
1211 1789 1312 1830 tibi:
1677 1800 1747 1834 805

261 1861 491 1903 Hominum
524 1861 712 1902 auaritia
741 1859 882 1902 factus
914 1874 1007 1901 sum
1037 1860 1258 1914 inprobior
1289 1874 1467 1914 coquos,

212 1986 216 1990 ⁶
262 1933 356 1975 Non
388 1938 558 1987 meopte
589 1933 772 1985 ingenio.

916 2011 1091 2053 Ballio

832 2083 925 2133 Qua
957 2084 1069 2125 istuc
1101 2083 1295 2125 ratione?

897 2169 1108 2224 Coquos

1347 2227 1552 2280 Eloquar.

263 2298 372 2348 Quia
403 2300 527 2350 enim,
560 2313 689 2353 quom
721 2298 932 2353 extemplo
963 2299 1144 2340 ueniunt
1175 2298 1435 2340 conductum
1468 2312 1662 2352 coquom,

261 2370 390 2412 Nemo
422 2370 540 2412 illum
571 2371 741 2423 quaerit
772 2370 844 2424 qui
876 2374 1075 2424 optumus
1108 2376 1151 2412 et
1181 2371 1480 2422 carissumust3

261 2442 386 2492 Illum
418 2442 664 2484 conducunt
696 2442 840 2496 potius
873 2443 944 2494 qui
974 2442 1253 2484 uilissumust.
1674 2453 1742 2487 810

352 2577 510 2612 Titulum
533 2587 598 2612 om.
630 2577 670 2616 0,
698 2577 726 2611 B
755 2575 928 2611 BALLIO
955 2576 980 2611 C
1006 2575 1188 2621 COQUOS
1214 2575 1250 2611 B
1374 2577 1440 2610 795
1465 2577 1663 2621 coquinum
1687 2579 1741 2612 est

260 2633 325 2667 796
350 2633 380 2667 si
405 2644 474 2678 ego
503 2632 531 2668 C'
631 2634 794 2678 pelorem
902 2635 969 2668 798
993 2633 1112 2676 Magis
1137 2643 1203 2668 om.
1315 2632 1517 2677 gloriosum
1543 2633 1738 2668 sinsulsum

260 2690 428 2724 inutilem
542 2691 607 2730 799
631 2689 728 2724 hunc
753 2689 798 2724 ad
825 2701 862 2724 se
979 2691 1045 2724 800
1068 2690 1203 2724 mortui
1231 2689 1260 2725 Ο
1363 2691 1428 2725 802
1455 2689 1524 2724 CA.
1552 2689 1580 2724 C
1602 2692 1641 2724 in
1665 2694 1741 2726 tota

261 2756 367 2781 scena
475 2747 541 2781 805
565 2746 656 2781 alius
763 2747 828 2780 806
854 2746 1009 2781 auaritia
1035 2757 1102 2790 ego
1129 2757 1206 2781 sum
1232 2745 1351 2781 factus
1455 2747 1521 2780 807
1546 2757 1626 2781 meo
1652 2750 1688 2781 te
1713 2744 1744 2780 G'

260 2803 326 2837 808
353 2803 521 2847 exemplo
621 2803 688 2837 809
712 2801 765 2837 Ne
