1963 3243
99 216 130 260 1,
154 218 186 260 2,
211 217 345 252 81—46
746 214 942 249 Poenulus.
1508 219 1584 258 123

654 339 1024 381 Anterastilis

101 412 241 463 Soror,
274 414 433 466 cogita,
465 412 636 463 amabo,
669 413 770 454 item
803 426 882 453 nos
914 411 1143 466 perhiberi,

101 484 231 535 Quasi
263 484 378 526 salsa
409 485 638 526 muriatica
669 497 764 525 esse
797 487 1079 525 autumantur
1519 496 1586 529 240

102 556 199 599 Sine
232 557 346 598 omni
377 556 522 610 lepore
554 561 598 597 et
629 556 719 597 sine
751 556 984 599 suauitate.

99 627 192 670 Nisi
223 627 360 669 multa
388 642 505 682 aqua
535 642 672 682 usque
705 633 748 668 et
780 627 852 668 diu
884 633 1172 669 macerantur.

100 699 237 748 Olent,
270 700 384 742 salsa
416 704 529 749 sunt,
561 705 737 752 tangere
769 704 817 740 ut
848 713 930 740 non
963 699 1084 740 uelis.

101 771 223 826 [Item
254 786 333 814 uos
367 786 533 823 sumus3
568 773 660 813 eius
693 771 868 813 seminis
900 771 1102 813 mulieres
1135 775 1254 813 sunt:

99 843 288 886 Iusulsae
306 844 537 886 admodum
554 848 683 897 atque
701 844 968 889 inuenustae,
984 844 1074 884 sine
1093 843 1308 884 munditia
1323 846 1367 884 et
1379 842 1584 897 sumptu]

724 922 779 963 M
787 923 862 974 412>
872 922 897 962 h
908 923 955 962 io

100 993 248 1050 Coqua
279 1001 343 1036 est
375 995 482 1036 haec
513 995 699 1048 quidem,
733 995 1047 1048 Agorastocles,
1079 1000 1127 1037 ut
1159 1008 1236 1048 ego
1268 995 1440 1049 opinor:
1519 1006 1585 1040 246

100 1067 187 1110 Scit
217 1068 447 1108 muriatica
476 1071 524 1108 ut
556 1072 754 1108 maceret.

649 1145 1036 1198 Ayorastocles

833 1216 945 1266 Quid
978 1217 1227 1259 molestu's‘?

647 1297 1033 1349 Adelphasium

101 1368 240 1419 Soror,
271 1382 413 1423 parce,
446 1369 625 1421 amabo;
659 1373 727 1410 sat
758 1374 824 1410 est
855 1369 968 1409 istuc
1000 1369 1107 1411 alios

99 1441 250 1484 Dicere
281 1441 418 1492 nobis,
449 1456 502 1483 ne
534 1446 704 1483 nosmet
733 1446 884 1482 nostra
916 1441 1045 1482 etiam
1079 1442 1188 1483 uitia
1217 1441 1461 1495 loquamur.

661 1521 1016 1562 Anterastilis

102 1592 296 1643 Quiesco.

649 1664 1034 1716 Adelphasium

369 1737 481 1789 Ergo
514 1750 608 1778 amo
641 1741 695 1777 te.
758 1736 840 1778 Sed
873 1736 953 1777 hoc
984 1749 1094 1777 nunc
1126 1735 1340 1789 responde
1522 1746 1588 1779 250

101 1807 224 1850 Mihi:
243 1814 355 1850 -sunt
385 1808 455 1850 hic
488 1809 643 1859 omnia,
675 1822 785 1862 quae
819 1808 872 1849 ad
906 1808 1032 1849 deum
1064 1821 1216 1861 pacem
1248 1811 1419 1862 oportet-

102 1879 290 1922 Adesse?

654 1951 1022 1993 Anterastilis

360 2023 514 2065 Omnia
545 2024 714 2075 adsmzt3
746 2037 836 2065 cum
869 2037 967 2065 cura
999 2022 1217 2064 adcuraui.

652 2102 1032 2156 Agorastocles

104 2174 225 2217 Diem
255 2175 452 2229 pulcrum
485 2180 527 2217 et
558 2175 769 2217 celebrem
803 2180 843 2216 et
874 2174 1119 2215 uenustatis
1152 2172 1335 2226 plenum,

103 2246 288 2299 Dignum
319 2246 485 2289 Uenere
517 2247 600 2301 pol⁷
634 2248 733 2301 quoi
768 2251 867 2287 sunt
899 2245 1161 2299 Aphrodisia
1193 2244 1335 2286 hodie.

731 2341 787 2381 M
792 2340 904 2381 «izuh
916 2341 962 2380 io

104 2412 269 2467 Ecquid
301 2413 482 2467 gratiae,
516 2426 646 2465 quom
677 2412 760 2453 huc
792 2355 908 2453 foi‘as
940 2416 982 2452 te
1015 2411 1205 2457 euocaui,
1525 2420 1591 2454 255

106 2484 313 2527 Habebis?
373 2485 464 2526 Iam
496 2499 597 2526 num
630 2498 696 2525 me
729 2483 852 2525 decet

194 2620 261 2654 240
285 2619 399 2663 Quam
425 2619 456 2653 si
554 2619 746 2653 mariatioa
770 2617 805 2653 Β
903 2619 969 2652 245
994 2617 1229 2651 inuenustate
1334 2614 1531 2650 mundacia
1555 2613 1591 2648 Β

107 2676 172 2710 248
196 2676 314 2711 amalo
339 2676 374 2710 B
395 2718 406 2729 ⁶
472 2677 539 2710 249
564 2680 711 2710 nosmet
736 2675 773 2709 in
799 2677 927 2708 nostra
1020 2673 1145 2707 uitium
1171 2672 1216 2714 B,
1243 2675 1283 2706 ut
1308 2672 1380 2706 iam
1408 2672 1436 2706 C
1525 2672 1591 2706 252

108 2731 258 2775 adsunt3
285 2744 369 2768 cum
394 2743 482 2768 cura¹
507 2742 572 2767 om.
689 2733 754 2766 253
782 2731 946 2775 plenium
968 2729 1004 2764 B
1097 2731 1162 2763 254
1188 2729 1313 2763 ueneri
1384 2729 1450 2762 256
1475 2727 1592 2763 Habe·

106 2787 162 2823 bis
187 2799 251 2824 om.
