1963 3243
166 225 194 269 1,
226 228 253 269 1,
283 225 423 260 15—29.
802 222 1016 258 Pseudolus.
1629 230 1652 267 7

765 348 1052 392 Calidorus

167 422 284 465 Idem
316 422 484 464 animus
516 435 627 464 nunc
659 427 738 465 est.

757 508 1055 551 Pseudolus

795 581 906 622 Face
939 595 1004 622 me
1037 586 1199 622 certum
1233 580 1337 634 quid
1369 580 1448 622 tibi
1481 587 1568 632 est;

164 651 331 694 luuabo
364 657 440 694 aut
470 666 514 694 re
547 655 584 694 te
615 658 691 694 aut.
723 666 855 706 opera
887 658 959 694 aut
993 652 1173 696 consilio
1206 651 1329 694 bono.

765 737 1057 781 Calidorus

163 809 279 866 Cape
312 810 389 852 has
422 810 627 862 tabellas;
660 814 750 853 tute
782 810 882 852 hinc
913 816 1088 853 narrato
1120 812 1211 858 tibi,
1610 823 1653 856 20

164 882 283 933 Quae
316 897 382 924 me
415 883 589 943 miseria
622 887 662 923 et
697 896 800 924 cura
832 882 1134 925 contabefacit.

758 970 1060 1012 Pseudolus

163 1041 257 1084 Mos
289 1041 370 1084 tibi
401 1047 587 1095 geretur.
651 1041 734 1084 Sed
767 1041 871 1096 quid
902 1041 994 1093 hoc,
1027 1043 1218 1098 quaeso?

760 1127 791 1170 C
805 1129 854 1170 al
866 1130 878 1170 i
890 1129 917 1170 d
931 1143 954 1171 o
966 1143 986 1170 r
998 1144 1025 1170 u
1039 1143 1057 1171 s

1268 1200 1379 1251 Quid
1413 1203 1508 1244 est?

761 1273 791 1314 P
803 1288 821 1315 s
833 1288 890 1315 eu
903 1273 926 1314 d
944 1273 1060 1315 olus

162 1344 220 1386 Ut
252 1345 417 1399 opinor.
451 1350 664 1398 quaerunt
697 1344 869 1387 litterae
902 1345 982 1387 hae
1016 1345 1098 1387 sibi
1130 1345 1310 1396 liberos;

161 1416 256 1458 Alia
291 1416 419 1458 aliam
451 1417 634 1458 scandit.

766 1487 1056 1531 Calidorus

696 1560 829 1602 Ludis
860 1562 946 1602 iarn
978 1561 1079 1603 ludo
1111 1562 1217 1603 tuo‘?

756 1647 1058 1690 Pseudolus

163 1719 254 1761 Has
287 1720 460 1775 quidem
491 1719 564 1774 pol
596 1720 737 1771 credo,
771 1721 851 1762 nisi
884 1719 1048 1775 Sibylla
1078 1721 1245 1774 legerit,
1615 1733 1656 1766 25

162 1791 449 1847 Interpretari
480 1807 604 1846 posse
636 1793 769 1834 alium
800 1793 1024 1834 neminem.

767 1878 1061 1921 Calidorus

163 1949 250 1992 Cur
282 1951 564 1993 inclementer
595 1951 702 1993 dicis
734 1951 891 2006 lepidis
923 1952 1093 2002 litteris,

166 2021 339 2076 Lepidis
372 2023 560 2065 tabellis.
593 2023 738 2077 lepida
770 2024 1026 2078 conscriptis
1059 2024 1221 2065 manu?

765 2117 1064 2160 Pseudolus

167 2189 232 2230 An
265 2189 445 2231 obsecro
477 2188 620 2231 hercle
654 2189 816 2231 habent
848 2204 956 2244 quas
988 2190 1174 2244 gallinae
1207 2192 1385 2232 manus?

167 2259 278 2302 Nam
310 2261 386 2303 has
418 2261 589 2314 quidem
621 2262 783 2315 gallina
815 2263 1002 2317 scripsit.

765 2355 1058 2399 Calidorus
1206 2407 1209 2411 ,

1055 2428 1242 2470 Odiosus
1275 2428 1377 2470 mihi
1410 2442 1476 2479 es3
1617 2440 1661 2473 30

171 2499 283 2553 Lege
315 2500 384 2543 uel
414 2499 599 2542 tabellas
631 2499 777 2541 redde.

263 2636 304 2668 18
329 2633 366 2668 Ρ.
393 2634 494 2670 Idem
601 2634 655 2669 PS
683 2645 747 2670 om.
775 2634 809 2668 B
914 2635 970 2669 fac
996 2635 1062 2670 BC
1168 2636 1208 2669 19
1242 2634 1379 2669 Iubabo
1406 2635 1439 2669 A
1532 2639 1568 2670 te
1595 2645 1660 2670 om.

165 2691 213 2724 24
239 2691 309 2727 alia
332 2691 402 2726 alia
430 2691 459 2727 C
543 2691 657 2726 Ludis
683 2703 741 2726 me
766 2691 834 2726 BC
923 2693 966 2726 25
992 2692 1131 2727 Sibulla
1157 2692 1201 2730 A,
1228 2692 1351 2726 sibilla
1376 2690 1444 2725 BC
1522 2693 1564 2725 27
1590 2693 1661 2727 cle-

170 2752 315 2782 menter
340 2747 368 2783 C
442 2749 485 2783 28
510 2749 720 2792 conscripta
750 2747 778 2783 C
868 2749 910 2782 29
937 2748 999 2783 PS.
1027 2759 1093 2783 om.
1165 2748 1378 2792 habentque
1405 2748 1562 2791 gallinae
1587 2747 1661 2784 BC.

171 2802 309 2839 habent
335 2817 423 2849 quas
449 2805 605 2848 gallinas
631 2806 664 2838 A
