1963 3243
142 215 172 259 1,
199 217 230 258 5,
259 214 418 251 150—11.
448 217 475 257 1,
506 217 544 250 15
785 214 993 251 Pseudolus.
1580 226 1632 263 49

144 340 254 383 Dum
286 342 566 384 concenturio
598 342 640 382 in
673 340 800 382 corde
834 341 1151 395 sycophantias.

144 412 295 455 Statim
329 416 541 463 reuortczr;
571 427 652 454 non
685 426 755 454 ero
789 413 911 454 uobis
943 427 1108 464 morae3
1567 430 1633 462 575

141 484 319 526 Tibicen
352 499 428 526 uos
460 486 624 528 interea
657 484 727 526 hic
759 483 1052 526 delectauerit.

717 719 1057 763 PSEUDOLUS.

139 817 222 860 Pro
241 817 448 871 Iuppiter,
466 823 513 859 ut
532 818 646 867 mihi,
665 818 876 872 quidquid
896 832 988 872 ago,
1009 819 1150 873 lepide
1171 821 1313 861 omnia
1336 835 1630 877 prospereque

1032 891 1247 942 eueniunt,

138 961 289 1015 Neque
321 962 437 1016 quod
470 961 665 1003 dubitem
698 975 838 1016 neque
871 962 987 1017 quod
1019 963 1220 1013 timeam,
1253 977 1347 1006 meo
1380 965 1421 1005 in
1454 970 1630 1019 pectore

1029 1035 1248 1077 conditum
1281 1041 1347 1077 est
1383 1036 1629 1078 consilium!

139 1104 268 1160 [Nam
294 1119 343 1147 ea
369 1106 553 1148 stultitia
580 1111 645 1148 est-
670 1106 839 1148 facinus
871 1120 1073 1159 magnum
1106 1107 1256 1149 timido
1289 1107 1407 1150 cordi
1435 1109 1631 1161 credere3

138 1177 246 1219 Nam
280 1192 429 1220 omnes
461 1192 530 1220 res
562 1177 742 1232 perinde
774 1182 873 1219 sunt
904 1183 951 1220 ut
974 1192 1088 1232 agas,
1122 1184 1170 1221 ut
1195 1193 1268 1221 eas
1296 1180 1439 1233 magni
1463 1179 1629 1235 facias]

138 1249 248 1291 Nam
279 1264 356 1303 ego
391 1248 452 1304 [in
484 1263 577 1292 meo
609 1254 785 1304 pectore
817 1249 954 1304 prius]
987 1251 1049 1292 ita
1080 1252 1235 1305 paraui
1268 1252 1425 1306 copias,
1567 1264 1629 1297 581

138 1320 334 1375 Duplicis
366 1322 550 1376 triplicis
591 1321 713 1364 dolos
755 1321 983 1377 perfidias,
1031 1327 1088 1373 ut,
1129 1322 1389 1378 ubicumque
1432 1324 1629 1368 hostibus

1028 1396 1280 1449 congrediar
1314 1420 1361 1424 —

409 1465 622 1508 Maiorum
655 1479 795 1508 meum
827 1465 963 1508 fretus
994 1468 1158 1509 uirtute
1192 1468 1341 1518 dicam,

409 1537 506 1579 Mea
536 1537 750 1580 industria
782 1543 825 1581 et
856 1539 1022 1581 malitia
1052 1538 1329 1581 fraudulenta
1358 1563 1414 1568 —

137 1608 281 1651 Facile
321 1614 368 1651 ut
400 1611 590 1661 uincam,
631 1609 756 1653 facile
796 1616 845 1653 ut
883 1611 1064 1665 spoliem
1105 1625 1220 1653 meos
1259 1612 1493 1666 perduellis
1525 1615 1632 1656 meis

1028 1683 1232 1737 perfidiis.
1566 1697 1631 1730 585

134 1752 258 1795 Nunc
284 1754 503 1796 inimicum
529 1769 606 1808 ego
632 1755 746 1797 hunc
772 1768 1041 1798 communem
1067 1770 1209 1798 meum
1234 1762 1365 1810 atque
1383 1762 1630 1800 nostrorum

1026 1841 1214 1870 omnium

135 1896 375 1940 Ballionem
407 1898 698 1942 exballistabo
730 1899 897 1953 lepide;
931 1899 1032 1941 date
1065 1913 1244 1953 operam
1276 1900 1414 1942 modo.

135 1968 228 2010 Hoc
259 1983 338 2023 ego
372 1970 578 2024 oppidum
611 1971 872 2020 admoenire,
903 1977 951 2012 ut
982 1971 1111 2013 hodie
1143 1973 1352 2025 capiatur,
1387 1973 1486 2015 uolo

134 2042 274 2096 Atque
305 2041 360 2083 ad
390 2041 472 2084 hoc
503 2056 621 2085 meas
652 2042 845 2096 legiones
877 2043 1106 2084 adducam.
1168 2042 1212 2085 Si
1243 2043 1326 2089 hoc
1360 2057 1571 2099 expugno,

133 2110 339 2166 [Facilem
372 2128 450 2168 ego
482 2114 594 2157 hanc
625 2129 715 2157 rem
746 2116 853 2156 meis
887 2115 1056 2156 ciuibus
1089 2114 1263 2169 faciam]
1563 2129 1629 2162 590

134 2183 237 2227 Post
266 2185 323 2227 ad
355 2186 560 2241 oppidum
592 2186 672 2229 hoc
703 2192 830 2228 uetus
863 2187 1067 2228 continuo
1100 2200 1267 2229 mecum
1300 2189 1535 2230 exercitum

132 2255 337 2299 Protinus
371 2258 606 2310 obducam3
638 2259 737 2300 inde
773 2273 838 2300 me

133 2327 188 2370 Et
235 2330 360 2371 simul
412 2331 644 2384 participes
697 2330 833 2372 omnis
879 2343 996 2372 meos
1045 2330 1207 2384 praeda
1255 2331 1446 2374 onerabo
1493 2338 1625 2385 atque

1024 2402 1223 2457 opplebo',

222 2515 288 2548 575
313 2524 377 2548 om.
405 2513 473 2549 BG
587 2515 654 2548 576
679 2515 799 2548 intera
823 2514 858 2548 B
967 2516 1032 2548 577
1057 2514 1122 2549 PS.
1150 2525 1216 2550 om.
1249 2515 1276 2550 C
1385 2517 1538 2552 ueniunt
1562 2517 1629 2552 BG

132 2569 286 2604 579—81
313 2570 452 2606 duobus
478 2571 620 2606 vasibus
727 2571 885 2605 stultitia
911 2571 942 2605 si
968 2570 1035 2606 BC
1149 2574 1215 2607 582
1241 2572 1376 2615 ubique
1401 2572 1436 2606 B
1542 2585 1625 2609 cum

131 2623 297 2660 hostibus
322 2626 392 2662 BC
481 2629 545 2663 583
570 2628 751 2663 Malorum
845 2639 1015 2662 meorum
1040 2628 1107 2663 BC
1193 2630 1258 2663 584
1283 2628 1341 2663 Me
1368 2628 1435 2664 BC
1525 2629 1624 2665 frau-

132 2680 296 2717 dulentia
321 2683 402 2727 AB,
429 2683 654 2720 fraudulenti
682 2684 710 2720 C
812 2686 877 2719 585
902 2685 1046 2719 uincam
1074 2684 1220 2720 facilem
1245 2686 1278 2719 A
1387 2685 1537 2730 perfidis
1563 2688 1628 2722 BC

131 2739 197 2772 586
223 2743 388 2775 nostrum
490 2742 555 2776 588
581 2741 652 2776 hoc
679 2741 735 2776 die
849 2743 914 2776 589
940 2742 1060 2786 Atque
1087 2747 1127 2776 ut
1152 2742 1222 2776 hoc
1337 2743 1366 2777 si
1393 2754 1565 2788 expugno
1593 2745 1624 2777 A.

130 2795 287 2830 591—93
313 2796 453 2832 duobus
476 2798 639 2833 versibus

1331 2873 1352 2905 4
