1963 3243
150 202 199 246 11,
226 204 259 242 3.
282 203 417 237 51—59
713 201 819 236 Miles
844 200 1041 245 gloriosus.
1552 203 1603 241 27

719 327 1031 370 Palaestrio

922 399 1131 448 Uerbem,
1163 398 1316 452 edepol
1349 403 1395 440 tu
1428 397 1602 452 quidem

147 471 325 524 Caecus,
360 486 442 514 non
474 472 750 523 luscitiosu83
781 485 879 513 nam
911 471 1028 514 illam
1062 470 1235 526 quidem
1261 470 1351 512 uidi
1377 469 1505 511 domi.
1538 480 1603 514 325

732 585 1022 628 Sceledrus

146 642 271 693 Quid,
304 643 448 685 domi?

722 737 1028 780 Palaestrio

460 811 584 854 Domi
616 811 760 854 hercle
793 825 909 853 uero.

729 924 1018 967 Sceledrus

964 996 1059 1048 Abi,
1087 996 1202 1038 ludis
1233 1010 1314 1048 me,
1346 995 1598 1038 Palaestrio.

710 1099 1024 1142 Palaestrio

138 1172 244 1215 Tam
278 1173 383 1215 mihi
414 1178 515 1216 sunt
538 1187 690 1215 manus
720 1173 984 1227 inquinatae.

724 1275 1016 1318 Sceledrus

956 1347 1200 1399 Quidum?

714 1452 1023 1494 Palaestrio

1214 1507 1325 1557 Quia
1357 1507 1457 1550 ludo
1488 1508 1595 1550 luto.

722 1605 749 1648 S
761 1619 784 1647 c
795 1605 873 1647 ele
885 1605 911 1647 d
923 1619 941 1646 r
953 1619 981 1646 u
994 1619 1012 1646 s

134 1660 226 1703 Uae
258 1662 390 1716 capiti
421 1667 510 1705 tuo.

706 1758 1017 1800 Palaestrio

541 1831 628 1872 Tuo
658 1832 782 1881 istuc,
815 1830 1030 1881 Sceledre,
1065 1831 1270 1884 promitto
1302 1829 1406 1881 fore,

130 1901 223 1943 Nisi
253 1903 402 1945 oculos
434 1904 761 1958 orationemque
793 1904 923 1947 aliam
957 1907 1182 1945 conmutas
1214 1902 1308 1944 tibi.

134 1973 217 2016 Sed
250 1975 362 2017 fores
394 1981 659 2030 crepuerunt
688 1982 877 2018 nostrae.

717 2079 1007 2122 Sceledrus

833 2153 889 2193 At
920 2166 998 2205 ego
1029 2152 1129 2193 ilico
1162 2151 1334 2193 obserui
1366 2150 1491 2202 foris;
1523 2162 1590 2196 330

130 2221 241 2264 Nam
275 2223 382 2264 nihil
415 2228 482 2265 est
513 2238 600 2277 qua
631 2223 731 2266 hinc
762 2224 844 2266 huc
875 2226 1063 2266 transire
1102 2238 1152 2266 ea
1184 2225 1325 2278 possit
1355 2224 1439 2265 nisi
1470 2228 1589 2265 recto

1202 2297 1328 2339 ostio.

698 2391 1012 2435 Palaestrio

127 2460 236 2512 Quin
284 2462 399 2504 domi
447 2477 603 2505 eccam.
678 2464 834 2508 Nescio
881 2479 992 2520 quae
1037 2471 1099 2515 te,
1147 2464 1370 2515 Sceledre,
1419 2464 1586 2506 scelera

1202 2537 1427 2579 suscitant.

216 2660 420 2694 ueherbero
446 2660 606 2704 hedepol
689 2662 755 2695 325
781 2661 960 2696 lusciosus
988 2662 1015 2696 C
1096 2662 1194 2696 illam
1222 2661 1368 2705 quidem
1396 2661 1458 2695 illa
1484 2661 1582 2695 domi

214 2718 282 2751 328
307 2722 370 2751 tuo
395 2718 550 2752 alterum
583 2729 649 2752 om.
755 2719 821 2752 329
853 2720 981 2753 oculus
1087 2720 1154 2753 330
1180 2718 1269 2751 foris
1297 2718 1325 2753 G
1427 2729 1580 2752 concre-

123 2780 284 2816 puerunt
379 2774 427 2808 ila
451 2775 619 2808 obseruis
647 2774 676 2809 C
765 2774 861 2809 fores
880 2775 916 2809 B
1010 2777 1072 2810 331
1101 2775 1159 2809 hic
1185 2775 1254 2809 huc
1348 2775 1524 2809 transiret
1548 2774 1582 2809 Β

214 2834 312 2866 recte
338 2830 373 2865 B
466 2833 532 2866 332
557 2831 671 2876 Quem
764 2832 890 2866 nescio
917 2837 992 2877 utq,
1018 2838 1054 2867 te
1149 2832 1304 2866 suscitat
