1963 3243
102 218 148 261 Π,
171 219 205 258 6,
234 216 395 252 lov-111
424 219 451 259 l.
476 219 497 250 9
682 216 788 250 Miles
812 215 1005 260 gloriosus.
1510 219 1554 256 5]

102 342 390 395 Transfugere
423 342 475 384 ad
509 356 600 384 nos.
666 341 808 395 Usque
842 341 983 382 adhuc
1015 346 1160 382 actum
1195 345 1261 382 est
1296 340 1449 394 probe3

103 414 290 457 Nimium
321 414 523 456 festinam
557 413 708 455 mulier
740 426 917 468 operam
947 412 1208 466 praehibuit.

104 486 248 530 Redeo
279 487 323 527 in
354 493 551 528 senatum
584 500 752 536 rursum
784 499 882 526 nam
916 484 1155 527 Palaestrio

103 559 228 602 Domi
258 572 370 600 nunc
402 558 518 613 apud
554 572 618 600 me
651 562 729 607 est,
763 556 991 599 Sceledrus
1023 571 1135 599 nunc
1166 562 1358 599 autemst
1388 557 1510 607 foris;

102 631 324 686 Frequens
355 635 532 673 senatus
565 631 727 684 poterit
758 643 872 671 nunc
904 629 1119 671 haberier.
1499 640 1565 673 595

102 703 178 746 Ibo
208 705 338 753 intro,
370 717 434 753 ne,
466 702 566 744 dum
598 702 764 752 absum,
799 702 977 744 multam
1010 702 1313 744 commiserim.

103 1112 456 1156 PALAESTRIO
498 1112 726 1155 SERUOS.
803 1112 1318 1156 PERIPLECOMENUS
1364 1113 1560 1155 SENEX.

454 1184 793 1228 PLEUSICLES
825 1185 1209 1228 ADULESCENS.

680 1333 989 1376 Palaestrio

103 1406 308 1448 Cohibete
340 1407 454 1448 intra
485 1407 615 1448 limen
647 1407 777 1448 etiam
810 1420 887 1447 uos
919 1419 1166 1460 parumper,
1202 1405 1450 1448 Pleusicles.

102 1478 238 1521 Sinite
270 1493 337 1520 me
369 1479 488 1532 prius
521 1482 817 1533 prospectare,
849 1493 903 1520 ne
935 1479 1104 1532 uspiam
1137 1479 1320 1520 insidiae
1354 1480 1477 1529 sient,

103 1549 341 1593 Concilium
374 1550 489 1606 quod
519 1550 681 1593 habere
712 1551 935 1602 uolumus;
968 1565 1068 1593 nam
1100 1565 1209 1604 opus
1237 1556 1305 1593 est
1328 1565 1442 1592 nunc
1469 1555 1563 1592 tuto

1247 1623 1358 1673 loco,

103 1695 226 1738 Unde
256 1696 454 1738 inimicus
485 1710 537 1738 ne
569 1697 665 1751 quis
697 1696 837 1738 nostri
869 1695 1010 1749 spolia
1041 1696 1187 1750 capiat
1219 1696 1386 1738 consili.
1498 1707 1565 1740 600

104 1767 242 1821 [Unde
273 1769 473 1810 inimicus
505 1782 557 1810 ne
590 1769 684 1821 quis
716 1774 866 1810 nostra
896 1768 1038 1822 spolia
1069 1769 1216 1822 capiat
1247 1768 1440 1810 auribus.

103 1840 212 1882 Nam
243 1841 352 1883 bene
383 1841 627 1883 consultum
660 1841 1013 1891 inconsultumst‚
1047 1842 1082 1882 si
1115 1840 1158 1881 id
1190 1842 1376 1882 inimicis
1409 1841 1564 1890 usnist,

102 1912 252 1966 Neque
283 1917 428 1968 potest
459 1914 575 1968 quin,
609 1915 644 1955 si
674 1913 720 1955 id
750 1914 936 1955 inimicis
967 1914 1122 1963 usuist,
1156 1913 1272 1955 obsit
1303 1911 1440 1966 mihi]

102 1985 210 2027 Nam
243 1985 351 2028 bene
382 1985 615 2027 consultum
647 1986 874 2027 consilium
907 1986 1140 2039 surripitur
1171 1986 1449 2039 saepissume,

104 2056 150 2099 Si
174 2058 313 2100 minus
340 2071 435 2100 cum
460 2072 563 2100 cura
587 2065 664 2100 aut
679 2058 853 2100 cautela
869 2058 989 2099 locus
1006 2057 1214 2112 loquendi
1230 2057 1370 2099 lectus
1389 2063 1474 2110 est·‚
1497 2069 1564 2102 605

192 2218 255 2251 591
284 2217 554 2262 'transfugeret
578 2216 614 2250 Β
705 2216 853 2253 adhunc
879 2217 948 2252 BC
1043 2219 1109 2252 592
1133 2217 1268 2252 festina
1362 2228 1476 2262 opera
1499 2215 1568 2251 BG

193 2275 370 2319 peribunt
383 2274 450 2310 BG
541 2275 606 2310 593
632 2275 670 2309 in
697 2280 830 2309 senatu
844 2277 889 2318 A,
915 2275 1106 2310 insinuatfi
1129 2274 1199 2310 BC
1290 2286 1416 2309 rusum
1442 2274 1475 2308 A

101 2332 168 2366 594
192 2342 243 2376 sq.
269 2331 458 2377 Frequens
494 2335 642 2366 senatus
675 2331 865 2367 sceledrus
902 2344 999 2367 nunc
1034 2336 1158 2367 autem
1190 2331 1291 2366 foras
1325 2331 1434 2365 Domi
1468 2342 1565 2365 nunc

103 2388 201 2433 apud
226 2400 284 2423 me
310 2389 450 2433 poterit
473 2401 571 2424 nunc
608 2389 779 2424 haberier
805 2388 873 2424 BC
973 2390 1039 2424 595
1064 2389 1230 2424 aberrier
1254 2389 1288 2423 Β
1381 2389 1447 2422 596
1472 2389 1566 2422 mul-

102 2448 162 2480 tae
187 2446 344 2481 sortitae
368 2445 434 2481 fiat
458 2447 502 2490 A,
530 2446 638 2480 multi
665 2447 801 2481 sortito
826 2445 925 2480 fuam
950 2445 1019 2481 BC

460 2502 643 2538 SERUUS
670 2502 835 2538 SENEX
861 2502 1184 2538 ADULESCENS
1211 2505 1243 2537 A

194 2562 259 2595 597
285 2561 389 2606 plens
417 2561 523 2596 sieles
550 2560 594 2601 Β,
622 2560 807 2604 pleusides
836 2560 865 2595 G
954 2562 1021 2596 598
1045 2561 1147 2605 prius
1172 2564 1411 2605 perspectare
1432 2561 1475 2602 A,
1502 2571 1568 2604 per

102 2619 203 2662 prius
229 2619 389 2663 spectari
405 2617 434 2653 C
501 2619 576 2654 sint
596 2617 656 2652 BC
724 2617 884 2652 nolimus
901 2619 933 2649 A
1005 2630 1103 2652 nunc
1118 2629 1184 2653 om.
1200 2618 1231 2651 A
1304 2618 1372 2652 600
1398 2618 1519 2662 nequi
1535 2618 1567 2648 A

103 2687 172 2710 nra
196 2675 242 2719 B,
267 2677 406 2711 nostris
434 2676 464 2711 Ο
561 2675 724 2711 consiliis
751 2673 780 2709 0
881 2676 945 2709 601
974 2685 1041 2709 om.
1067 2675 1101 2708 A
1203 2679 1333 2708 nostra
1357 2685 1424 2708 om.
1453 2674 1482 2709 C

101 2733 169 2767 602
192 2734 443 2768 inconsultum
474 2734 504 2767 si
538 2733 575 2767 id
603 2732 647 2773 Β,
679 2732 928 2767 inconsultum
947 2733 994 2773 ⁴si
1019 2731 1061 2766 fit
1089 2732 1118 2767 C'
1220 2743 1307 2766 usus
1331 2731 1398 2766 ΒΟ
1499 2733 1564 2765 603

91 2789 165 2833 ·qui
189 2790 262 2825 nisi
287 2790 446 2825 inimicis
472 2789 539 2825 BG
629 2801 696 2823 usu
721 2794 776 2823 est
802 2788 830 2823 G
921 2790 1002 2824 obsi
1028 2788 1064 2823 B
1164 2790 1232 2824 604
1256 2789 1468 2823 consultum
1496 2799 1563 2823 om.

192 2848 260 2881 605
283 2847 472 2891 catalogos
499 2846 543 2888 B,
570 2846 741 2889 catalogo
769 2845 799 2880 0
887 2846 1024 2880 lectum
1051 2845 1118 2880 BC

1289 2902 1331 2935 4*
