1963 3243
58 253 124 297 IV,
151 255 183 297 2,
213 254 342 288 16—24
697 250 909 286 Pseudolus.
1497 255 1550 293 79

714 376 889 418 Ballio

61 435 242 490 Egomet
272 450 350 478 me.

714 519 880 562 Simia

344 593 477 636 Pauci
508 594 620 636 istuc
651 592 817 634 faciunt
847 591 1041 633 homines
1075 590 1188 644 quod
1221 595 1267 632 tu
1299 590 1547 645 praedicas;

56 665 166 707 Nam
191 665 232 707 in
258 665 352 708 foro
380 667 452 707 uix
477 664 681 707 decumus
708 665 889 718 quisque
915 667 992 715 est,
1019 664 1091 717 qui
1115 664 1234 717 ipsus
1252 676 1343 705 sese
1360 663 1544 704 nouerit.

651 758 953 800 Pseudolus

60 831 211 874 Saluos
243 846 356 883 sum3
389 832 474 873 iam
507 830 853 886 philosophatur.

720 933 885 975 Simia

719 1004 945 1047 Hominem
978 1018 1055 1058 ego
1089 1004 1158 1045 hic
1191 1017 1353 1058 quaero
1386 1003 1547 1045 malum

56 1077 314 1132 Legirupam
350 1077 550 1131 inpurum
584 1078 802 1131 periurum
835 1083 966 1130 atque
997 1076 1172 1130 inpium.

712 1178 889 1220 Ballio

1204 1249 1271 1292 Me
1304 1250 1544 1302 quaeritat3

55 1322 162 1365 Nam
180 1323 259 1365 illa
277 1336 364 1365 mea
383 1327 483 1365 sunt
502 1328 797 1376 cognomenta.
844 1323 1010 1365 Nomen
1037 1323 1072 1365 si
1090 1327 1297 1364 memoret
1314 1321 1452 1364 modo.
1480 1333 1549 1367 980

56 1394 165 1446 Quid
199 1400 264 1437 est
296 1396 334 1437 ei
367 1395 529 1438 homini
560 1395 743 1437 nomen?

711 1490 737 1532 S
750 1491 763 1531 i
777 1491 840 1531 mi
856 1503 881 1531 a

803 1562 918 1604 Leno
951 1561 1103 1603 Ballio.

710 1663 887 1706 Ballio

1143 1734 1317 1777 Sciuine
1349 1734 1456 1789 ego?

57 1807 153 1862 Ipse
186 1821 264 1862 ego
297 1809 332 1850 is
365 1822 471 1859 sum,
506 1807 774 1858 adulescens,
807 1821 932 1861 quem
965 1813 1012 1850 tu
1045 1809 1229 1861 quaeris.

717 1897 884 1940 Simia

1149 1970 1267 2011 Tune
1300 1983 1343 2011 es
1375 1969 1546 2012 Ballio?

711 2057 893 2099 Ballio

57 2128 146 2183 Ego
179 2129 400 2171 enimuero
432 2129 468 2171 is
501 2143 605 2171 sum.

716 2223 880 2266 Simia

655 2294 712 2336 Ut
742 2295 950 2347 uestitu's‚
985 2309 1030 2338 es
1064 2295 1282 2349 perfossor
1313 2294 1545 2349 parietum.

705 2397 882 2440 Ballio

54 2467 204 2520 Credo,
237 2470 280 2510 in
311 2469 504 2512 tenebris
536 2471 813 2524 conspicatus
845 2471 880 2512 si
913 2469 970 2512 sis
994 2483 1073 2520 me,
1107 2469 1329 2510 abstineas
1355 2481 1541 2509 manum.

143 2605 209 2639 977
234 2605 399 2649 quisquis
527 2605 605 2649 ipse
632 2616 712 2639 esse
737 2605 789 2648 A,
825 2605 906 2649 ipsu
933 2616 1011 2639 sese
1037 2604 1103 2639 BC
1233 2604 1300 2638 978
1324 2601 1388 2637 PS.
1415 2612 1481 2637 om.
1507 2601 1544 2637 B

53 2661 118 2696 979
141 2660 375 2706 Legorupam
400 2660 436 2696 B
517 2662 670 2706 impium
690 2660 736 2703 B,
762 2661 918 2705 implum
941 2660 969 2695 C
1048 2661 1227 2705 peiiurum
1249 2659 1292 2701 A,
1319 2659 1488 2704 peiurum
1507 2658 1545 2694 Β

143 2718 349 2762 improbum
363 2717 431 2754 ΒΟ
515 2717 554 2752 Ρ.
568 2729 627 2753 me
643 2717 670 2752 C
749 2718 816 2752 980
841 2728 921 2752 mea
941 2727 1006 2752 om.
1093 2720 1341 2761 cognamenta
1354 2715 1390 2751 B
1476 2717 1540 2751 981

54 2774 244 2818 scibinego
348 2776 416 2809 982
439 2775 550 2809 istum
575 2773 653 2817 Bc,
682 2785 761 2808 sum
787 2775 820 2807 A
921 2774 1094 2818 quaeritas
1119 2778 1208 2808 tuno
1232 2772 1302 2808 BG
1396 2773 1462 2808 983
1487 2776 1545 2807 est

53 2829 224 2874 pei-soror
249 2830 316 2865 BC
406 2835 575 2875 pax-etum
603 2830 631 2866 C
