1963 3243
128 213 178 255 11,
202 215 234 253 5.
259 215 394 249 49—55
692 213 798 249 Miles
825 213 1023 258 gloriosus.
1539 220 1586 258 41

716 339 1004 382 Sceledrus

130 412 240 462 Quid
275 413 462 455 faciam?

713 490 1012 533 Palaestrio

432 563 560 606 cher
591 564 693 606 mihi
727 564 1003 606 machaeram
1037 564 1120 606 huc
1152 566 1280 607 intus.

717 699 1006 744 Sceledrus

1228 775 1341 825 Quid
1361 774 1492 817 facies
1511 776 1591 817 ea?

703 853 1019 895 Palaestrio

131 925 249 967 Intro
282 939 479 979 rumpam
510 931 631 967 recta
662 927 702 967 iu
736 926 877 976 aedi83
910 940 1124 980 quemque
1156 926 1225 968 hic
1255 928 1372 968 intus
1404 928 1555 969 uidero

131 996 237 1039 Cum
279 997 597 1040 Philocomasio
638 997 915 1046 osculantem,
957 1012 1052 1039 eum
1093 1013 1170 1053 ego
1211 999 1482 1054 optruncabo
1523 1015 1591 1041 ex·

1180 1072 1385 1126 tempulo.

718 1173 1010 1216 Sceledrus

134 1246 292 1288 Uisane
325 1251 391 1288 est
422 1260 473 1288 ea
504 1246 629 1295 esse?

710 1331 1019 1392 Palaesssrio

634 1423 769 1464 Immo
802 1421 957 1476 edepol
989 1422 1116 1476 plane
1148 1427 1256 1465 east.

711 1548 1005 1591 Sceledrus

1231 1605 1314 1647 Sed
1347 1621 1431 1660 quo
1464 1606 1593 1649 modo

133 1678 443 1721 Dissimulabat
453 1679 460 1720 2

712 1758 1019 1801 Palaestrio

462 1831 558 1882 Abi,
591 1832 869 1874 machaeram
900 1831 986 1873 huc
1018 1831 1144 1873 ecfer.

719 1969 1010 2012 Sceledrus

1039 2041 1131 2083 Iam
1162 2041 1263 2084 faxo
1295 2043 1367 2084 hic
1400 2044 1494 2084 erit.
1527 2054 1595 2088 465

715 2145 1012 2188 Palaestrio

133 2216 285 2272 Neque
341 2232 474 2272 eques
526 2232 665 2273 neque
723 2219 857 2273 pedes
914 2218 1153 2273 profectost
1195 2219 1425 2272 quisquam
1470 2223 1594 2260 tanta

1189 2290 1387 2342 audacia,

135 2361 218 2412 Qui
248 2376 387 2418 aeque
417 2363 548 2404 faciat
582 2362 849 2405 confidenter
880 2365 1108 2417 quicquam
1142 2377 1270 2417 quam
1297 2363 1452 2406 mulier
1476 2362 1591 2405 facit.

224 2550 289 2583 461
317 2549 390 2583 PA.
405 2559 473 2584 om.
568 2549 649 2584 haec
663 2548 718 2583 fer
732 2549 1018 2584 mihimaceram
1044 2548 1080 2584 Β
1173 2548 1245 2583 PA.
1261 2548 1354 2592 Quid
1449 2550 1516 2584 462
1530 2549 1594 2584 SC.

134 2605 369 2651 Introrupam
401 2611 525 2642 rectae
557 2607 593 2640 B
695 2608 762 2641 463
793 2607 1011 2651 plieomasio
1046 2606 1082 2641 Β
1187 2607 1438 2642 obstruncabo
1469 2619 1528 2641 me
1558 2606 1595 2641 B

225 2664 411 2708 extemplo
517 2666 674 2699 464—65
703 2674 948 2707 personarum
978 2665 1127 2699 nomina
1158 2668 1370 2707 permutata
1451 2666 1517 2699 464
1550 2663 1592 2699 Ui

135 2732 222 2755 sane
247 2733 273 2755 s.
300 2725 378 2756 stea
403 2721 550 2756 essetB
632 2722 740 2766 plane
765 2731 820 2755 om
859 2721 888 2756 C
976 2723 1043 2756 465
1070 2721 1186 2756 etfaer
1210 2721 1244 2754 B
1337 2722 1404 2756 466
1429 2721 1502 2755 ΡΑ.
1528 2732 1593 2756 om.

222 2777 415 2822 profectos
439 2777 485 2820 Β,
517 2778 707 2822 profectus
742 2778 770 2813 G
870 2779 936 2812 467
967 2777 1042 2820 Que
1077 2778 1110 2811 B
1205 2778 1376 2822 quiquam
1483 2790 1591 2822 quam

134 2835 304 2869 mulieres
329 2834 471 2870 faciunt.
495 2839 536 2869 ut
