1963 3243
358 189 410 227 38
1023 184 1145 218 Plauti
1543 181 1592 224 11,
1618 184 1649 224 5,
1676 183 1805 215 23-31

944 310 970 351 S
982 323 1005 350 c
1015 309 1094 350 ele
1108 309 1131 350 d
1145 324 1166 350 r
1177 323 1201 349 u
1215 323 1232 350 s

359 380 484 423 Certe
517 382 713 435 equidem
745 386 893 422 noster
924 395 1030 422 sum.

940 492 1241 534 Palaestrio

756 564 813 606 Et
836 565 906 618 pol
932 579 1023 617 ego.
1073 564 1255 614 Quaeris
1281 568 1340 614 tu,
1364 563 1530 613 mulier,
1554 561 1729 603 malum.
1747 573 1813 607 435

358 638 453 679 Tibi
486 651 564 690 ego
597 637 712 688 dico;
743 637 864 686 heus,
896 636 1273 677 Philocomasium.

861 749 1311 791 Philocomasium

1118 819 1236 869 Quae
1268 826 1310 861 te
1341 820 1624 873 intemperiae
1654 824 1816 869 tenent,

360 893 439 943 Qui
473 907 538 934 me
571 906 797 946 perperam
830 893 1033 945 perplexo
1065 893 1235 933 nomine
1265 891 1487 945 appelles?

933 1006 1244 1047 Palaestrio

1559 1106 1563 1108 ,
1591 1061 1698 1113 Eho,

361 1136 465 1186 Quis
497 1136 628 1188 igitur
657 1135 844 1176 uocare?

864 1237 1316 1278 Philocomasium

891 1308 1052 1351 Diceae
1082 1322 1238 1350 nomen
1271 1313 1348 1351 est.

949 1423 1239 1466 Sceledrus

1378 1495 1544 1536 Iniuria
1575 1509 1640 1546 es3

365 1567 533 1608 Falsum
567 1581 721 1608 nomen
755 1567 990 1621 possidere,
1023 1566 1396 1616 Philocomasium,
1427 1566 1641 1620 postulas.

356 1638 545 1683 ’'Adcuog
580 1653 624 1680 es
655 1645 714 1689 tu,
747 1653 830 1680 non
865 1638 1023 1690 δικαία,
1058 1644 1100 1680 et
1131 1652 1223 1680 meo
1257 1653 1329 1680 ero
1361 1638 1466 1679 facis
1497 1639 1708 1680 iniuriam.
1755 1650 1823 1682 440

866 1742 1318 1784 Philocomasium

366 1814 542 1866 Egone?

953 1885 1242 1927 Sceledrus

568 1942 632 1983 Tu
664 1956 727 1985 ne.

869 2022 1319 2064 Philocomasium

725 2093 845 2143 Quae
876 2095 967 2135 heri
1002 2095 1181 2135 Athenis
1215 2095 1432 2149 Ephesum
1465 2094 1620 2136 adueni
1651 2094 1820 2148 uesperi

367 2165 469 2207 Cum
504 2180 597 2207 meo
629 2173 834 2214 amatore,
868 2166 1146 2208 adulescente
1179 2167 1459 2208 Atheniensi?

954 2269 1243 2311 Sceledrus

1451 2326 1530 2367 Dic
1562 2326 1676 2376 mihi,

370 2397 478 2446 Quid
514 2398 580 2438 hic
611 2397 691 2439 tibi
722 2399 764 2439 in
796 2397 967 2451 Epheso
1001 2403 1066 2439 est
1097 2399 1272 2451 negoti?

458 2569 524 2602 435
551 2569 744 2611 aequidem
770 2567 805 2602 Β
899 2579 1051 2612 quei-aee
1077 2568 1120 2607 B,
1147 2579 1288 2613 quaeres
1315 2568 1342 2602 C
1433 2573 1508 2601 tum
1535 2567 1570 2602 B
1662 2569 1728 2602 436
1753 2578 1822 2610 ego

369 2636 434 2659 om.
464 2624 493 2659 Ο
582 2637 644 2659 eus
670 2626 704 2659 B
808 2630 937 2659 tenent
963 2626 1085 2669 pei-iae
1111 2625 1145 2659 Β
1248 2626 1316 2660 438
1341 2625 1463 2659 dicere
1555 2625 1689 2659 iniuria
1713 2630 1732 2660 ὃ

369 2684 435 2716 439
463 2682 720 2725 possideretB
812 2684 879 2716 440
903 2683 933 2715 A
949 2681 1028 2716 dice
1055 2686 1151 2716 testu
1178 2694 1252 2716 non
1279 2682 1378 2716 dicat
1403 2683 1435 2716 ei
1457 2687 1493 2716 et
1513 2693 1594 2716 meo
1689 2692 1773 2716 aero
1789 2679 1821 2714 Β

461 2750 534 2773 non
559 2738 649 2772 facis
743 2742 804 2773 441
834 2749 960 2773 neom.
1057 2738 1272 2782 uesperisB
1364 2740 1430 2772 442
1455 2751 1536 2773 moa
1560 2738 1589 2773 G
1677 2738 1819 2772 atheni-

372 2797 467 2829 ensis
494 2795 528 2829 B
621 2797 686 2829 443
713 2801 765 2828 est
796 2795 935 2838 negotii
962 2800 1027 2828 est.
1055 2795 1127 2828 ΡΗ.
1155 2808 1221 2838 age
1249 2797 1370 2829 ninam
1396 2806 1571 2839 germana
1597 2806 1676 2829 mea
1701 2794 1737 2829 Β
