1963 3243
150 198 177 240 1,
207 201 233 233 1.
260 200 396 234 31—42
727 199 835 234 Miles
862 200 1057 243 gloriosus.
1581 206 1602 243 7

652 325 1100 380 Pyrgopolinices

149 396 259 437 Nolo
292 398 428 439 istaec
459 398 528 439 hic
558 412 683 440 nunc.

711 485 1038 537 Artotrogus

710 557 771 599 Ne
802 557 946 600 hercle
978 570 1136 611 operae
1169 557 1353 610 pretium
1386 557 1605 612 quidemst

147 628 250 669 Mihi
283 634 324 670 te
359 643 548 679 narrare,
581 634 678 671 tuas
709 630 781 682 qui
814 629 1000 671 uirtutes
1033 630 1182 671 sciam.
1216 652 1268 658 —

146 699 309 742 Uenter
340 705 460 742 creat
491 701 627 742 omnis
660 700 788 743 hasce
821 716 1045 743 aerumnas
1076 700 1276 753 auribus3

146 772 448 814 Peraudienda
479 778 590 818 sunt.
624 787 675 814 ne
707 773 861 815 dentes
895 773 1104 823 dentiant,

147 844 200 885 Et
232 844 593 887 adsentandumst
623 845 834 900 quidquid
868 845 937 887 hic
968 845 1233 888 mentibitur.
1559 855 1603 888 35

647 932 1098 987 Pyrgopolinices

145 1001 256 1051 Quid
288 1002 394 1044 illuc
426 1003 541 1057 quod
574 1003 702 1046 dico?

706 1092 1037 1146 Artotrogus

742 1164 891 1216 Ehem,
923 1165 1010 1207 scio
1042 1167 1127 1206 iam
1151 1164 1254 1218 quid
1287 1165 1354 1206 uis
1387 1164 1544 1207 dicere.

142 1235 324 1277 Factum
355 1235 500 1278 hercle
532 1241 617 1288 est3
650 1237 825 1278 memini
855 1235 962 1278 fieri.

642 1323 1088 1379 Pyrgopolinices

944 1394 1055 1446 Quid
1086 1395 1130 1438 id
1163 1396 1257 1438 est?

706 1485 1034 1537 Artotrogus

1267 1539 1487 1595 Quidquid
1520 1545 1598 1583 est.

641 1613 1094 1668 Pyrgopolinices

138 1669 284 1711 Habes
314 1693 369 1699 —

701 1745 766 1786 Ar
777 1749 793 1785 t
806 1757 830 1785 o
842 1748 859 1785 t
870 1757 891 1784 r
903 1757 962 1797 og
974 1757 1000 1784 u
1012 1757 1031 1784 s

408 1816 610 1859 Tabellas
641 1817 707 1859 uis
736 1816 922 1870 rogare?
982 1815 1146 1868 Habeo,
1179 1821 1222 1858 et
1253 1817 1412 1858 stilum.

638 1903 1093 1959 Pyrgopolinices

136 1976 297 2018 Facete
330 1976 526 2019 aduortis
559 1982 681 2018 tuum
714 1978 905 2019 animum
938 1975 995 2018 ad
1027 1975 1218 2017 animum
1249 1989 1404 2018 meum.

699 2066 1029 2117 Artotrogus

135 2135 321 2178 Nouisse
354 2150 494 2179 mores
526 2141 625 2179 tuos
659 2151 724 2179 me
757 2136 966 2179 meditate
1000 2135 1125 2178 decet
1553 2147 1598 2180 40

136 2206 381 2263 Curamque
413 2209 622 2251 adhibere
657 2214 705 2251 ut
736 2209 935 2264 praeolat
966 2208 1071 2250 mihi
1103 2207 1219 2262 quod
1252 2213 1298 2250 tu
1330 2208 1452 2250 uelis.

639 2296 1092 2352 Pyrgopolinices

134 2368 302 2423 Ecquid
337 2370 601 2412 meministi?

225 2483 267 2516 31
293 2482 435 2516 istahec
456 2481 490 2516 B
573 2482 670 2516 ercle
693 2482 720 2516 C
802 2494 914 2526 opere
996 2481 1143 2526 quidem
1166 2481 1230 2516 BC
1310 2483 1353 2518 32
1378 2492 1550 2516 enarrare
1571 2481 1600 2516 C'

225 2540 374 2573 uirtutis
400 2539 436 2574 B
538 2540 580 2573 33
606 2539 671 2573 has
699 2539 765 2574 BC
861 2541 904 2573 34
931 2539 1182 2573 peraurienda
1209 2538 1237 2574 C
1327 2540 1370 2574 36
1395 2538 1469 2573 AR.
1497 2538 1595 2582 quod

136 2596 218 2631 dico
246 2595 339 2631 PYR
360 2595 429 2631 BC
507 2608 563 2630 em
584 2595 629 2639 B,
656 2596 739 2630 hem
763 2596 791 2632 Ο
870 2597 914 2630 37
941 2595 1015 2630 AR.
1043 2595 1235 2630 Factumst
1259 2596 1382 2632 hercle
1407 2595 1473 2630 BG
1553 2597 1596 2630 38

134 2653 174 2697 ᾔ.
203 2654 358 2687 fabellas
385 2655 440 2687 uis
467 2654 510 2696 A,
539 2654 706 2688 tabellas.
733 2654 798 2688 AR
835 2654 890 2689 uis
917 2652 985 2687 BC
1084 2655 1127 2687 39
1144 2648 1279 2688 'Facite
1305 2653 1340 2688 B
1434 2654 1594 2688 animum

135 2718 238 2745 tuum
265 2713 297 2744 A
391 2715 429 2745 at
453 2710 522 2746 BC
613 2711 772 2747 animam
798 2723 919 2745 meam
946 2711 974 2745 (J
1064 2711 1108 2744 40
1133 2711 1246 2745 moris
1341 2722 1397 2745 me
1422 2716 1506 2745 tuos
1531 2710 1600 2744 BC

224 2770 264 2802 41
293 2767 483 2803 adhibet&
508 2767 542 2802 B
654 2768 838 2812 praeuolat
862 2769 908 2811 B,
936 2767 1126 2813 praeuolet
1152 2767 1181 2802 G
1290 2779 1363 2813 quo
1389 2767 1457 2803 BG
1552 2769 1596 2801 42

134 2826 460 2871 Ecquidcmemisti
486 2827 530 2869 B,
557 2830 593 2860 ct
618 2825 766 2870 quidem
791 2826 994 2862 meministi
1026 2824 1054 2859 C
