1963 3243
265 229 317 268 94
942 224 1065 260 Plauti
1469 223 1531 267 IV,
1554 226 1586 269 7,
1612 215 1747 260 77—{3'7

895 349 1116 401 Harpax

265 419 580 463 Contumeliam
610 421 647 462 si
678 421 808 472 dices,
839 421 1004 462 audies.

912 492 1092 534 Ballio

1075 563 1292 614 Quotumo
1324 564 1393 605 die

262 636 326 678 Ex
358 634 537 690 Sicyone
566 635 651 676 huc
680 635 948 689 peruenisti‘?

895 706 1115 761 Harpax

1006 778 1155 820 Altero
1188 778 1243 819 ad
1275 778 1512 820 meridiem.

914 850 1098 892 Ballio
1460 897 1464 899 ‚

262 924 445 965 Strenue
475 921 720 964 mehercule
750 923 835 964 isti.
897 921 1105 972 Quamuis
1137 921 1289 974 pernix
1319 922 1391 963 hic
1422 922 1550 964 homo
1583 927 1661 964 est.

260 994 344 1036 Ubi
361 1008 504 1036 suram
522 993 756 1047 adspicias,
776 994 889 1035 scias
915 1007 1039 1046 posse
1064 1007 1161 1034 eum
1178 1007 1328 1046 gerere
1345 1007 1515 1036 crassas
1533 994 1747 1048 conpedis.

262 1065 375 1116 Quid
406 1066 501 1108 ais‘?
541 1070 645 1107 tune
678 1066 809 1107 etiam
840 1065 1038 1106 cubitare
1070 1064 1234 1106 solitu's
1267 1065 1311 1106 in
1343 1066 1461 1107 cunis
1492 1067 1628 1120 puer?
1661 1078 1748 1111 1180

933 1143 1073 1186 Simo

263 1202 444 1244 Scilicet.

916 1273 1098 1315 Ballio

526 1346 727 1388 Etiamne
757 1345 900 1387 facere
933 1345 1085 1387 solitus
1116 1358 1174 1396 es,
1207 1345 1300 1387 scin
1331 1345 1433 1398 quid
1463 1345 1650 1399 loquar?

933 1424 967 1466 S
973 1425 990 1466 z·
1000 1438 1041 1464 m
1053 1437 1074 1465 o

262 1497 435 1540 Scilicet
466 1497 640 1540 solitum
672 1511 775 1539 esse.

895 1568 933 1610 H
945 1582 970 1610 a
984 1583 1004 1609 r
1017 1584 1042 1622 p
1054 1583 1080 1610 a
1089 1584 1115 1609 x

805 1640 962 1683 Sanine
995 1640 1128 1681 estis?

915 1711 1092 1754 Ballio

1135 1783 1250 1834 Quid
1281 1783 1364 1826 hoc
1395 1784 1511 1838 quod
1540 1787 1583 1825 te
1613 1783 1749 1836 rogo?

260 1856 401 1898 Noctu
431 1857 474 1898 in
505 1857 700 1909 uigiliam
732 1856 904 1911 quando
935 1856 1028 1897 ibat
1058 1856 1203 1907 miles,
1244 1870 1374 1910 quom
1403 1860 1452 1898 tu
1482 1855 1579 1897 ibas
1612 1854 1749 1905 simul,
1815 1904 1817 1906 q

262 1928 613 1986 Conueniebatne
644 1929 687 1969 in
718 1929 921 1981 uaginam
952 1933 1072 1969 tuam
1103 1927 1339 1970 machaera
1368 1927 1547 1969 militis?

895 2007 1113 2061 Harpax

261 2080 279 2120 Ι
310 2081 353 2122 111
385 2079 543 2122 malam
574 2093 758 2121 crucem.

914 2151 1093 2193 Ballio

784 2223 834 2264 Id
866 2223 1014 2264 licebit
1044 2224 1129 2264 iam
1160 2223 1241 2264 tibi
1272 2222 1402 2264 hodie
1433 2222 1628 2276 temperi.
1663 2233 1750 2267 1185

899 2306 1116 2358 Harpax

259 2378 369 2428 Quin
401 2383 449 2420 tu
480 2378 701 2421 mulierem
734 2378 837 2420 mihi
870 2378 1057 2419 emittis?
1089 2383 1165 2419 aut
1195 2377 1333 2419 redde
1365 2381 1606 2430 argentum.

352 2518 440 2551 1176
464 2517 541 2551 HA.
569 2527 633 2552 om.
718 2521 870 2561 quotum
897 2516 1009 2551 hodie
1035 2515 1064 2551 C'
1154 2517 1242 2551 1178
1267 2516 1340 2550 BA.
1370 2527 1435 2551 om.
1519 2515 1670 2550 Strenui

259 2573 442 2607 mehercle
467 2574 502 2608 B
584 2578 641 2607 est
666 2573 775 2607 homo
862 2575 950 2607 1180
977 2573 1012 2606 Β.
1037 2573 1240 2617 proefiyitur
1326 2572 1454 2606 solitus
1481 2583 1518 2606 es
1542 2571 1578 2605 B
1663 2570 1747 2605 1181

260 2629 313 2663 Sl.
341 2641 405 2664 om.
500 2630 614 2664 fatere
639 2629 673 2664 B
778 2630 929 2664 solitum
1038 2631 1123 2663 1182
1149 2629 1204 2664 SI.
1231 2639 1295 2664 om.
1402 2629 1481 2663 sani
1507 2639 1526 2663 c
1552 2639 1597 2662 ne
1622 2626 1658 2662 Β

260 2686 313 2719 81.
400 2688 485 2721 1183
511 2686 617 2730 miles
640 2691 717 2720 tum
742 2690 782 2720 tu
808 2685 875 2720 BC
958 2687 1042 2719 1184
1068 2685 1393 2720 Conueniebantne
1480 2685 1566 2718 1185
1591 2683 1606 2717 Ι
1634 2694 1699 2718 om-
1723 2681 1753 2718 C

349 2743 484 2777 malum
513 2742 542 2777 C
633 2742 693 2777 Ire
718 2742 846 2778 licebit
939 2746 1062 2776 tamen
1088 2742 1155 2775 tibi
1181 2742 1226 2783 A,
1258 2742 1327 2776 tibi
1353 2746 1476 2776 tamen
1500 2739 1568 2775 BC
1663 2739 1748 2774 1186

261 2799 338 2832 ΗΑ.
366 2809 430 2834 om.
527 2799 651 2833 reddis
