1963 3243
117 243 147 285 1,
173 244 203 285 5,
233 242 407 277 123—141
760 239 971 280 Pseudolus‘
1555 244 1605 282 47

741 364 992 419 Callipho

559 437 632 480 Ius
665 437 824 480 bouum
860 442 956 478 orat
989 437 1240 479 Pseudolus.

118 510 266 553 ‘Dabo'
298 511 439 564 inque.

799 580 935 622 Simo

504 656 557 695 At
590 655 701 695 enim
735 654 824 693 scin
860 653 961 706 quid
996 652 1099 694 mihi
1131 653 1172 694 in
1207 659 1393 694 mentem
1425 652 1572 695 uenit?

118 727 228 778 Quid
263 728 297 768 si
329 727 444 768 hisce
478 727 591 767 inter
623 739 666 767 se
699 731 1022 775 consenserunt,
1057 723 1266 778 Callipho,
1546 736 1612 769 540

117 801 201 841 Aut
233 799 284 841 de
317 803 528 853 conpecto
562 798 728 839 faciunt
759 797 957 838 consutis
990 796 1114 845 dolis,

119 870 199 922 Qui
232 886 297 913 me
331 875 510 925 argento
544 870 866 911 interuortant?

714 955 1015 997 Pseudolus

925 1028 1030 1077 Quis
1063 1041 1130 1069 me
1163 1027 1369 1069 audacior

119 1102 195 1150 Sit,
229 1102 264 1143 si
297 1102 411 1142 istuc
442 1100 610 1142 facinus
644 1100 857 1141 audeam?
918 1100 1052 1141 Immo
1086 1085 1332 1147 sicsSimo:

118 1174 158 1216 Si
194 1187 338 1215 sumus
370 1173 570 1227 conpecti
604 1187 679 1213 seu
711 1171 938 1213 consilium
971 1186 1174 1225 umquam
1206 1172 1394 1222 iniimus,

119 1245 200 1300 [De
220 1246 330 1286 istac
353 1259 397 1286 re
427 1250 504 1286 aut
527 1246 561 1285 si
590 1244 640 1286 de
668 1257 719 1285 ea
744 1258 788 1285 re
816 1257 1023 1297 umquam
1048 1244 1160 1284 inter
1184 1257 1263 1285 nos
1290 1243 1612 1286 conueniamus‚

118 1317 251 1368 Quasi
283 1318 327 1359 in
359 1317 469 1358 libro
502 1331 631 1371 quom
665 1316 914 1357 scribuntur
946 1315 1111 1356 calamo
1142 1314 1344 1368 litterae‚]
1547 1326 1614 1359 546

120 1389 239 1432 Stilis
271 1404 337 1431 me
369 1394 510 1431 totum
541 1402 680 1442 usque
712 1388 866 1428 ulmeis
901 1387 1178 1429 conscribito.

800 1475 940 1516 Simo

120 1548 267 1590 Iudice
299 1548 427 1590 ludos
460 1561 574 1589 nunc
605 1548 705 1597 iam,
740 1547 912 1602 quando
945 1547 1079 1588 lubet.

713 1633 1017 1678 Pseudolus

117 1707 183 1748 Da
214 1708 256 1748 in
288 1707 402 1748 hunc
435 1707 546 1748 diem
580 1720 770 1760 operam,
806 1705 1021 1760 Callipho,
1055 1720 1216 1760 quaeso
1250 1705 1366 1754 mihi,

117 1778 180 1820 Ne
215 1793 299 1833 quo
331 1784 373 1820 te
406 1779 460 1820 ad
493 1778 612 1820 aliud
644 1792 831 1832 occupes
864 1780 1097 1831 negotium.
1548 1788 1615 1821 550

734 1864 992 1919 Callipho

120 1937 230 1987 Quin
261 1952 336 1979 rus
369 1942 417 1979 ut
447 1938 554 1979 irem
586 1938 670 1979 iam
705 1938 797 1979 heri
828 1951 990 1979 mecum
1025 1941 1278 1979 statueram.

720 2024 1018 2066 Pseudolus

119 2098 176 2139 At
205 2111 319 2139 nunc
350 2097 549 2139 disturba
580 2110 687 2150 quas
720 2098 913 2138 statuisti
948 2096 1185 2138 machinas.

744 2182 998 2237 Callipho

120 2255 244 2297 Nunc
275 2270 361 2298 non
393 2256 512 2297 abire
545 2260 708 2297 certum
741 2261 807 2297 est
838 2256 950 2296 ist-ac
981 2256 1143 2308 gratia3

124 2327 291 2369 Lubido
324 2332 388 2370 est
420 2327 545 2370 ludos
577 2332 674 2369 tuos
708 2332 919 2381 spectare,
952 2326 1176 2368 Pseudole.

121 2398 177 2440 Et
207 2400 242 2441 si
273 2399 388 2441 hunc
420 2399 576 2441 uidebo
609 2413 693 2441 non
727 2399 830 2440 dare
865 2404 1092 2451 argentum
1123 2398 1216 2440 tibi'
1512 2392 1514 2394 ¹
1549 2409 1616 2442 555

123 2469 246 2520 Quod
279 2472 398 2522 dixit,
432 2471 577 2524 potius
610 2485 738 2524 quam
771 2470 814 2512 id
847 2485 932 2512 non
964 2470 1042 2512 fiat
1075 2484 1152 2524 ego
1186 2469 1310 2511 dabo.

235 2596 302 2628 540
327 2606 364 2628 se
390 2604 458 2629 om.
489 2594 517 2629 (ζ’
617 2598 857 2629 conseserunt
882 2594 917 2628 B
1024 2597 1085 2628 541
1115 2599 1297 2637 conpacto
1325 2592 1354 2628 C
1453 2594 1518 2627 542
1543 2594 1612 2626 cir-

123 2657 359 2685 cumuertant
477 2653 542 2685 543
570 2651 722 2685 audeam
750 2651 870 2686 facere
895 2650 943 2694 B,
969 2651 1123 2685 audeam
1151 2650 1273 2685 dicere
1300 2649 1328 2684 C
1438 2652 1504 2684 544
1529 2661 1615 2684 con-

124 2709 261 2751 spectis
287 2708 345 2742 lue
371 2707 418 2747 Β,
447 2709 637 2752 conspecti
665 2709 742 2742 siue
771 2707 801 2743 C
911 2708 1044 2742 inimus
1160 2707 1225 2741 546
1251 2707 1397 2740 litterae
1423 2706 1563 2741 calamo
1590 2706 1618 2741 C

124 2765 189 2797 549
216 2763 279 2799 ΡΞ.
305 2775 371 2799 om.
398 2764 426 2798 B
511 2764 628 2809 caphe
654 2765 688 2798 B
782 2766 843 2798 551
873 2764 951 2798 heri
978 2765 1244 2799 constitueram
1341 2764 1406 2797 554
1431 2763 1616 2798 Lubidost

123 2820 160 2853 in
186 2820 291 2854 ludos
316 2821 350 2854 A
444 2822 509 2855 556
535 2821 610 2855 dixi
637 2820 706 2855 BC
