1963 3243
118 235 160 278 V,
186 239 217 278 4,
247 232 379 270 19--30
747 231 942 265 Μιϊοιιιωτ.
1490 237 1572 274 '215

119 362 252 412 Quem
286 359 459 413 quidem
495 357 636 399 hercle
671 371 760 409 ugo,
797 360 836 398 in
871 358 1067 399 exsilium
1101 373 1228 410 quom
1263 359 1356 401 iret,
1390 358 1571 398 redduxi

1202 429 1391 479 domum3

119 507 227 549 Nam
261 504 353 546 ibat
383 502 640 544 exsulatum.

717 582 971 636 Demipho

658 657 723 697 An
756 655 892 697 abiit?

708 769 982 823 Eutychus

931 841 1073 883 Etiam
1107 840 1300 895 loquere,
1333 840 1488 882 larua?

116 915 375 969 Temperare
408 916 516 956 istac
548 921 693 957 aetate
726 916 822 956 istis
855 913 1032 956 decebat
1063 920 1105 955 te
1139 913 1321 964 artibus,
1508 926 1575 958 970

709 1029 978 1082 [Demipho

116 1101 292 1152 Fateor3
330 1101 492 1154 deliqui
524 1101 733 1156 profecto.

707 1216 980 1270 Eutychus

728 1288 869 1330 Etiam
902 1288 1093 1342 loquere,
1126 1289 1280 1330 larua?

118 1360 312 1403 Uacuum
345 1374 439 1402 esse
472 1361 583 1401 istac
616 1359 687 1400 ted
720 1366 865 1402 aetate
897 1362 964 1403 his
998 1360 1183 1402 decebat
1213 1359 1385 1413 noxiis]

118 1433 272 1475 Itidem
297 1439 345 1474 ut
368 1440 542 1486 tempus
560 1433 660 1473 anni
679 1439 866 1474 aetatem
885 1433 1014 1474 aliam
1032 1433 1149 1475 aliud
1170 1433 1330 1474 factum
1349 1432 1572 1475 condecet.

118 1506 224 1548 Nam
256 1507 291 1547 si
322 1506 439 1547 istuc
470 1506 538 1546 ius
570 1513 647 1555 est,
683 1512 861 1548 senecta
894 1512 1040 1548 aetate
1073 1506 1258 1547 scortari
1293 1519 1430 1555 senes,

118 1578 198 1621 Ubi
230 1578 354 1620 locist
385 1593 453 1620 res
485 1593 652 1621 summa
683 1586 833 1620 nostra
864 1578 1069 1632 publica?

714 1693 971 1746 Demipho

1095 1766 1158 1811 Ei.
1193 1766 1301 1819 perii
1334 1765 1475 1805 miser.
1508 1775 1575 1808 975

119 1839 442 1892 [Adulescentes
473 1840 534 1880 rei
567 1839 758 1891 agendae
791 1839 861 1880 isti
895 1841 1030 1890 magis
1063 1839 1207 1880 solent
1238 1849 1415 1890 operam
1443 1837 1573 1886 dare]

117 1911 204 1953 Iam
236 1912 417 1954 obsecro
450 1911 592 1953 hercle
624 1911 781 1953 habete
815 1911 938 1953 uobis
972 1925 1066 1952 cum
1099 1911 1258 1965 porcis⁷
1285 1923 1381 1951 cum
1405 1909 1572 1951 fiscina.

708 2026 783 2067 Eu
796 2028 842 2078 ty
851 2040 872 2067 c
884 2025 909 2066 h
918 2041 946 2066 u
955 2039 976 2066 3

118 2098 263 2140 Redde
295 2099 394 2140 filio.

725 2179 975 2231 Demipho

384 2252 474 2294 Sibi
506 2252 668 2294 habeat
699 2253 799 2302 iam,
833 2261 879 2293 ut
911 2252 1025 2302 uolt3
1060 2265 1137 2304 per
1170 2264 1235 2290 me
1268 2249 1430 2290 habeat
1461 2248 1573 2290 licet.

713 2365 983 2418 Eutychus

118 2437 314 2491 Temperi
348 2437 514 2492 edepol.
548 2439 764 2491 quoniam,
798 2445 845 2479 ut
877 2439 1004 2480 aliter
1036 2438 1186 2484 facias,
1220 2451 1304 2477 non
1339 2441 1406 2476 est
1439 2436 1574 2488 copia.

207 2580 274 2614 968
298 2589 386 2623 ergo
415 2579 442 2615 C
533 2580 663 2614 reduxi
757 2580 824 2614 969
849 2579 920 2613 ibit
947 2579 981 2622 G,
1008 2578 1134 2613 exibat
1159 2576 1194 2611 B
1288 2574 1488 2610 exiliumB

120 2635 185 2669 970
215 2637 321 2670 decet.
436 2639 502 2671 972
534 2638 625 2671 istac
658 2643 780 2671 aetate
814 2636 884 2670 diis
917 2636 1075 2671 decebat
1099 2633 1134 2668 Β
1250 2634 1316 2668 973
1343 2639 1464 2667 aetate

121 2693 294 2726 conuenit
399 2695 465 2727 974
489 2694 586 2728 istuc
613 2695 694 2728 iuus
723 2693 758 2737 C,
783 2694 858 2728 istu
885 2694 988 2727 cuius
1015 2692 1049 2727 B
1155 2692 1220 2725 976
1247 2689 1391 2733 agenda
1417 2696 1436 2725 ὃ
1462 2690 1580 2733 magis

121 2745 156 2781 Β
249 2760 361 2793 opera
453 2752 520 2785 977
546 2751 652 2785 uobis
677 2751 811 2785 habete
903 2752 971 2785 978
993 2749 1069 2784 EU.
1087 2760 1153 2784 o‘m.
1245 2746 1324 2781 filio
1347 2747 1416 2781 sibi
1429 2746 1579 2781 habeas.

123 2802 197 2840 ΕΠ.
289 2818 354 2850 per
378 2818 436 2841 me
463 2807 532 2841 sibi
560 2807 694 2842 habeat
786 2807 853 2842 979
867 2807 942 2843 ΕΠ.
968 2818 1033 2842 om.
1130 2805 1288 2848 Temper
1305 2803 1339 2847 C,
1355 2802 1580 2848 Temperare

122 2858 157 2894 B
248 2864 354 2907 copie
379 2863 425 2907 B,
452 2865 571 2909 copiae
598 2863 626 2898 C
