1963 3243
344 175 426 214 144
1011 170 1131 205 Plauti
1549 170 1578 212 Ι,
1602 171 1634 206 2.
1657 172 1790 205 64—71

938 307 1205 349 Charinus

1354 379 1509 421 Taceo.

933 481 1201 524 Acanthio

1511 552 1637 595 Tace.
1728 564 1793 598 175

340 627 490 677 Credo,
524 628 560 668 si
590 626 692 668 boni
724 625 829 680 quid
861 625 916 666 ad
945 629 989 666 te
1019 626 1227 674 nuntiem,
1259 625 1397 666 instes
1428 624 1597 675 acriter,

339 699 422 749 Qui
466 711 594 750 nunc,
648 711 777 752 quom
831 696 993 738 malum
1039 697 1366 747 audiendumst,
1413 694 1586 748 flagitas
1631 710 1698 737 me
1742 700 1793 737 ut

1421 768 1614 822 eloquar.

938 847 1204 889 Charinus

337 922 527 964 Obsecro
558 921 702 963 hercle
733 925 790 971 te
830 921 941 962 istuc
980 923 1028 961 ut
1059 924 1106 960 tu
1138 919 1241 960 mihi
1275 919 1435 961 malum
1466 918 1601 960 facias
1633 918 1791 972 palam.

935 1044 1203 1086 Acanthio

340 1120 543 1174 Eloquar
577 1117 926 1173 quandoquidem
959 1131 1025 1159 me
1058 1131 1167 1159 oras.
1227 1115 1344 1158 Tuus
1376 1120 1500 1170 pater

929 1241 1036 1283 Cha
1048 1242 1132 1283 rin
1147 1255 1201 1282 us

1342 1311 1454 1361 Quid
1487 1327 1606 1354 meus
1639 1314 1791 1366 pater?

937 1439 1075 1480 Acan
1087 1439 1202 1480 thio

340 1514 476 1556 Tuam
508 1514 690 1555 amicam

726 1675 838 1726 Quid
870 1675 994 1717 eam?

932 1799 1204 1841 Acanthio

951 1871 1081 1913 Uidit.

938 1996 1206 2039 Charinus

1074 2069 1228 2112 Uidit‘?
1261 2068 1351 2111 Uae
1382 2069 1542 2110 misero
1572 2067 1696 2110 mihi!
1732 2078 1797 2112 180

342 2146 423 2196 Qui
456 2146 601 2199 potuit
630 2145 781 2187 uidere
792 2145 812 2186 ἱ)

940 2245 1206 2288 Acanthio

816 2319 975 2361 Oculis.

1919 943 1926 1167 s

942 2421 1206 2463 Charinus

1022 2494 1114 2544 Quo
1145 2493 1309 2549 pacto?

438 2613 499 2645 176
525 2611 613 2656 quid
638 2610 725 2645 boni
754 2609 783 2644 G
874 2610 936 2642 177
963 2606 1184 2642 audiendum
1211 2607 1238 2640 si
1265 2605 1300 2641 B
1404 2608 1468 2642 178
1493 2607 1599 2640 hecle
1626 2606 1656 2642 Ο
1743 2606 1797 2641 uti

345 2668 372 2703 C
475 2669 595 2712 palum
622 2667 658 2702 B
755 2667 817 2700 179
841 2676 1007 2699 meocras
1037 2664 1069 2698 B
1172 2665 1236 2698 180
1261 2663 1407 2708 quidam
1434 2663 1469 2698 B
1571 2663 1744 2708 Sequitur
1766 2675 1796 2699 v.

344 2726 421 2759 Hoc
455 2725 553 2769 quod
588 2729 623 2759 te
654 2727 856 2766 interrogo,
892 2722 1086 2766 responde.
1113 2721 1184 2756 AC.
1212 2721 1304 2764 Quin
1333 2725 1385 2763 tu,
1422 2722 1450 2754 si
1477 2721 1564 2765 quid
1591 2722 1657 2761 uis,
1695 2731 1795 2765 roga.

342 2785 365 2817 τ’.
392 2794 417 2817 e.
443 2784 515 2815 211
