1963 3243
348 182 400 220 28
1011 179 1134 214 Plauti
1530 180 1580 222 Π,
1606 182 1637 224 3,
1662 183 1797 217 60—69

928 305 1217 347 Sceledrus

345 375 451 416 Mihi
479 389 557 428 ego
583 376 723 427 uideo,
748 377 853 418 mihi
877 391 955 431 ego
981 378 1115 431 sapio,
1141 377 1245 419 mihi
1272 392 1350 431 ego
1375 378 1502 420 credo
1529 379 1811 432 plurumum;‚

345 447 412 488 Me
445 448 571 489 horno
603 463 726 490 nemo
760 449 1007 499 deterrebit,
1041 451 1142 505 quin
1175 465 1226 492 ea
1258 452 1315 493 sit
1344 452 1388 492 in
1419 450 1485 492 his
1518 452 1711 494 aedibus.

344 521 425 562 Hic
455 521 678 571 obsistam,
712 537 764 563 ne
794 523 1042 576 inprudenti
1075 523 1158 564 huc
1189 537 1238 564 ea
1271 537 1316 564 se
1340 522 1558 577 subrepsit
1582 526 1698 570 mihi.
1731 540 1798 574 335

914 648 1226 689 Palaestrio

343 718 464 759 Meus
479 718 568 759 illic
585 718 711 760 homo
730 724 815 769 est3
841 719 1081 760 deturbabo
1106 721 1191 761 iam
1219 734 1295 772 ego
1321 720 1440 762 illum
1465 720 1516 762 de
1534 724 1795 776 pugnaculis.

345 790 427 830 Uin
460 791 545 831 iam
577 790 731 832 faciam
764 797 812 832 ut
843 791 1116 833 stultiuidum
1150 793 1186 832 te
1218 793 1304 833 tute
1334 791 1530 834 fateare?

927 916 1217 958 Sceledrus

1569 976 1658 1028 Age
1689 976 1795 1018 face.

919 1063 1225 1106 Palaestrio
1557 1106 1561 1108 .

343 1135 492 1190 Neque
524 1140 565 1176 te
599 1136 832 1190 quicquam
863 1151 1013 1191 sapere
1047 1137 1176 1178 corde
1208 1151 1347 1191 neque
1380 1138 1516 1180 oculis
1548 1140 1640 1180 uti‘?

928 1263 1218 1304 Sceledrus

1674 1321 1796 1364 [J0100

914 1410 1226 1453 Palaestrio

347 1481 509 1535 Nempe
543 1488 587 1523 tu
622 1483 722 1523 istic
755 1483 821 1523 ais
855 1497 947 1523 esse
981 1483 1128 1524 erilem
1163 1484 1473 1525 concubinam?

929 1607 1218 1651 Sceledrus

1493 1669 1632 1721 Atque
1664 1681 1796 1720 arguo

341 1735 446 1776 Eam
481 1750 546 1777 me
580 1737 740 1778 uidisse
774 1739 1041 1779 osculantem
1067 1738 1136 1779 hic
1160 1740 1276 1780 intus
1302 1753 1397 1781 cum
1422 1740 1564 1782 alieno
1591 1741 1698 1782 uiro.
1731 1752 1798 1785 340

918 1864 1224 1907 Palaestrio

341 1932 436 1973 Scin
469 1938 515 1975 tu
548 1935 713 1976 nullum
745 1942 1018 1977 conmeatum
1051 1936 1152 1978 hinc
1182 1937 1259 1978 huc
1289 1952 1384 1979 esse
1416 1952 1442 1979 a
1473 1938 1625 1979 nobis?

927 2061 1217 2104 Sceledrus

1688 2120 1795 2163 Scio.

919 2199 1226 2242 Palaestrio

342 2268 490 2322 Neque
526 2270 731 2311 solarium
765 2285 901 2324 neque
934 2271 1119 2323 hortum,
1152 2273 1235 2313 nisi
1268 2287 1342 2326 per
1373 2273 1650 2326 inpluuium‘?

927 2387 1219 2429 Sceledrus

1684 2444 1794 2486 Scio.

432 2566 497 2598 333
522 2566 608 2599 mihi
642 2567 748 2601 tertio
782 2568 858 2602 loco
889 2580 954 2602 om.
1061 2570 1124 2602 334
1161 2569 1318 2602 detor-uti
1349 2567 1398 2608 Β,
1435 2568 1560 2602 detero
1595 2569 1646 2602 uti
1682 2568 1711 2602 0

341 2623 405 2655 335
431 2622 552 2655 obsita
576 2623 609 2656 B
714 2626 780 2658 337
806 2624 885 2659 Uim
913 2625 1144 2659 stultiuidum
1171 2630 1209 2659 ut
1235 2626 1373 2660 fateare
1398 2624 1445 2668 B,
1485 2625 1715 2659 stultiuidum
1743 2626 1793 2659 fa-

342 2684 444 2712 teare
472 2678 501 2712 C
589 2681 655 2714 338
679 2686 714 2714 te
741 2682 937 2726 quicquam
963 2687 999 2716 te
1026 2687 1172 2726 saporat,
1196 2682 1231 2716 B
1323 2684 1478 2717 338—41
1507 2682 1591 2716 uolo
1690 2682 1796 2716 nobis

341 2745 396 2770 om
432 2736 460 2770 Ο
549 2739 614 2771 339
641 2738 766 2772 isticas
793 2743 892 2773 esset
917 2738 953 2773 B
1045 2742 1111 2774 340
1136 2740 1226 2774 Eam
1253 2751 1298 2774 ne
1324 2740 1478 2774 uidisset
1504 2738 1540 2774 Β
1633 2741 1696 2775 341
1725 2739 1796 2774 huc

340 2803 405 2829 om.
499 2796 564 2830 342
591 2799 711 2830 ortum
739 2795 766 2830 C
