1963 3243
336 221 416 261 256
967 220 1180 255 Pseudolus.

339 348 488 393 „milite
519 361 538 385 e
569 345 839 386 Macedonia“.
882 368 932 372 —
971 349 1063 385 622.
1094 358 1182 386 meo
1214 359 1283 387 ero
1313 351 1358 387 A.
1394 370 1442 376 --
1477 348 1662 398 dederat,
1698 366 1733 390 v.
1765 352 1814 390 ad

334 415 474 465 Amph.
508 417 599 454 379.
632 436 687 440 —
719 417 810 453 623.
850 413 1008 453 noui-Sti
1037 417 1119 453 veri
1150 417 1314 466 perfecti
1345 419 1423 455 vim
1453 418 1592 466 habet,
1633 419 1679 457 cf.
1711 420 1814 457 Men.
1874 467 1882 471 .

335 484 428 520 297.
463 485 553 522 371.
617 484 708 520 Hor.
742 483 821 520 sat.
853 483 908 530 Π,
949 485 991 530 2,
1036 485 1127 521 113.
1188 484 1338 522 Phaedr.
1373 485 1416 531 V,
1456 487 1499 531 9,
1542 487 1579 523 4.
1621 506 1676 511 —-
1722 488 1814 525 624.

333 546 521 588 Athenas
552 551 596 588 A.
627 571 683 575 —
715 552 807 588 626.
852 547 977 598 Quia,
1019 553 1129 600 quasi
1161 553 1446 602 interrogatum
1478 557 1580 591 esset
1610 567 1691 592 non
1726 555 1816 601 „ubi
1891 584 1897 588 .

333 632 394 655 me
425 617 614 656 uidisti‘?“
656 618 725 655 sed
760 618 886 665 „unde
925 632 984 656 me
1014 616 1169 657 nosti‘?“
1220 620 1266 657 cf.
1299 620 1348 657 ad
1377 620 1461 657 Mil.
1494 622 1588 658 474.
1643 621 1814 670 Langen.

332 687 452 724 Beitr.
484 700 521 736 p.
557 688 620 724 56.
681 686 767 723 Non
793 699 947 724 necesse
978 691 1039 724 est
1067 688 1190 735 igitur
1214 701 1299 724 cum
1330 688 1545 725 Ritschelio
1565 692 1722 727 'versum
1748 703 1814 727 ex-

261 751 266 756 ’
334 754 473 791 cidisse
511 758 705 804 putemus,
745 774 801 779 —
845 751 942 792 haec
980 755 1026 791 A.
1065 774 1121 780 --
1167 757 1259 793 627.
1302 753 1454 805 quoad,
1501 758 1525 793 i.
1558 770 1589 794 e.
1623 758 1726 806 quod
1767 758 1816 796 ad

331 826 497 872 tempus.
545 822 632 859 Ter.
650 821 805 859 Phorm.
831 824 927 860 148:
965 822 1127 869 „Senem
1153 823 1281 872 quoad
1315 825 1548 873 exspectatis
1579 823 1812 863 nostrum?“

333 890 379 926 cf.
412 890 464 926 ib.
499 891 597 935 4623
646 890 712 926 sed
744 892 873 927 nescio
907 900 955 926 an
990 904 1128 940 „quam
1160 888 1233 928 ad“
1269 892 1516 929 scribendum
1547 894 1619 940 sit,
1652 897 1698 930 ut
1727 893 1813 930 Ter.

333 957 489 995 Phorm.
526 959 624 995 524:
672 957 769 1004 „tibi
801 958 959 1007 quidem
990 963 1049 995 est
1079 959 1172 996 olim
1204 959 1306 1007 dies,
1338 959 1459 1005 Quam
1491 960 1539 997 ad
1571 961 1682 998 dares
1712 961 1812 1009 huic,

331 1023 609 1074 praestituta“.
650 1045 706 1050 —
747 1027 840 1064 630.
890 1024 1110 1076 „expenso“
1145 1028 1320 1076 spurium
1359 1040 1442 1064 esse
1480 1028 1581 1065 vidit
1615 1028 1729 1066 Both.
1761 1049 1814 1055 —
1879 1070 1882 1071 ⁷

335 1094 426 1131 631.
472 1089 521 1131 Si
553 1089 734 1142 quidem,
777 1107 812 1130 v.
846 1094 895 1130 ad
925 1093 1010 1130 Mil.
1046 1095 1136 1132 189.
1186 1114 1232 1118 —
1273 1095 1487 1143 promptes
1528 1097 1699 1143 Acida].,
1745 1110 1815 1134 nec
1879 1128 1882 1130 .

333 1161 567 1198 indicativus
600 1162 752 1199 defendi
782 1166 927 1210 potest.
957 1181 1002 1186 -
1032 1163 1124 1200 632.
1156 1157 1348 1210 libellam,
1383 1163 1428 1200 cf.
1450 1164 1513 1201 99.
1541 1184 1592 1189 —
1625 1164 1814 1203 sternuas

332 1230 378 1276 A,
409 1229 488 1266 vid.
521 1229 693 1267 Studem.
725 1229 857 1266 Herm.
890 1229 908 1266 Ι
938 1243 975 1279 p.
1011 1231 1103 1276 308,
1134 1234 1178 1267 ut
1208 1231 1284 1268 iam
1315 1231 1561 1270 divinaverat
1591 1232 1812 1280 Salmasius,

332 1299 398 1346 qui
431 1298 548 1334 etiam
579 1311 833 1347 personarum
865 1298 1183 1335 distributionem
1217 1298 1447 1336 emendavit.
1508 1299 1720 1346 Facillime,
1752 1301 1812 1338 in-

333 1367 432 1415 quit,
465 1379 525 1402 res
555 1369 752 1402 transacta
784 1366 867 1411 erit,
899 1367 930 1402 si
963 1366 1056 1402 mihi
1083 1370 1285 1416 argentum
1314 1366 1485 1414 dederis;
1516 1367 1623 1404 nulla
1648 1381 1691 1404 re
1717 1381 1814 1418 opus

333 1435 410 1471 erit
439 1434 514 1470 nisi
545 1438 589 1470 ut
619 1433 718 1469 velle
749 1436 789 1470 te
821 1433 1025 1482 significes.
1056 1454 1109 1459 —-
1143 1435 1234 1472 633.
1269 1435 1378 1480 Quod
1408 1431 1587 1473 solutam
1615 1445 1703 1473 ‘rem
1731 1436 1814 1473 fore

333 1502 488 1538 dixerat
527 1499 591 1548 (cf.
625 1502 673 1538 ad
704 1502 810 1538 Asin.
847 1502 937 1538 217.
970 1502 1072 1538 infra
1104 1502 1221 1549 644),
1263 1503 1422 1552 Harpax
1461 1507 1619 1553 arrepta
1655 1505 1814 1554 propria

335 1572 437 1607 vocis
470 1568 752 1617 significatione
784 1571 840 1606 ait
871 1582 909 1606 se
939 1566 1118 1608 uinctam
1148 1584 1246 1617 rem,
1278 1572 1302 1608 i.
1337 1585 1368 1608 e.
1400 1572 1618 1621 pecuniam,
1657 1585 1813 1610 servaro

331 1638 446 1675 malle
486 1638 682 1687 quomodo
722 1651 822 1674 nunc
861 1638 899 1674 in
942 1651 1124 1675 crumena
1163 1642 1354 1676 servetur.
1438 1634 1629 1678 Uinctam
1668 1639 1724 1688 A,
1767 1643 1818 1676 ut
1891 1658 1894 1659 ⁷
1944 1681 1946 1689 Ι

332 1708 407 1743 iam
440 1705 595 1743 Gruter.
629 1725 683 1730 —
724 1707 816 1744 634.
866 1701 953 1744 Uae
985 1701 1077 1753 tibi,
1111 1720 1144 1743 v.
1185 1707 1235 1744 ad
1273 1707 1391 1745 Mero.
1429 1708 1518 1745 160.
1551 1727 1607 1732 —
1651 1703 1714 1745 Tu
1750 1703 1813 1745 in-

330 1768 512 1820 uentu’s,
572 1774 619 1811 cf.
666 1773 777 1822 Capt.
827 1774 925 1811 563:
992 1774 1074 1820 „Tu
1125 1775 1228 1812 enim
1282 1775 1495 1824 repertu⁷s‚
1554 1775 1811 1812 Philocratem

331 1844 398 1892 qui
438 1855 598 1892 superes
637 1839 901 1878 ue1·iuerbio“.
944 1861 998 1866 -
1037 1851 1133 1879 uero
1173 1846 1232 1879 est
1266 1843 1465 1892 profecto,
1505 1847 1550 1881 ut
1590 1842 1674 1881 Cas.
1712 1843 1810 1881 137:

335 1910 449 1958 „Sine
494 1924 588 1947 uero
635 1910 755 1947 amari
794 1906 873 1947 te“.
949 1909 1048 1947 Rud.
1089 1911 1187 1948 794:
1240 1911 1386 1957 „Quam
1432 1923 1612 1958 magnum
1663 1907 1808 1948 uero?“

332 1977 450 2015 Stich.
483 1979 586 2016 477:
638 1978 800 2025 „Nescio
841 1978 937 2026 quid
973 1991 1068 2015 uero
1105 1978 1229 2016 habeo
1260 1979 1299 2015 in
1329 1976 1514 2017 mundo“.
1561 1979 1607 2016 cf.
1639 1977 1810 2027 Langen.

330 2047 454 2084 Beitr.
486 2059 523 2095 p.
561 2047 635 2083 113
678 2060 734 2095 sq.
777 2066 830 2070 —
867 2041 1056 2093 furcilles
1093 2046 1355 2092 Passeratius,
1396 2046 1463 2084 sed
1497 2059 1620 2096 prava
1657 2059 1811 2084 enarra-

330 2116 455 2160 tione3
489 2119 547 2151 est
578 2115 677 2151 enim
709 2127 851 2160 verses,
883 2115 1015 2159 iactes,
1049 2117 1092 2151 ut
1123 2114 1244 2152 herba
1273 2115 1437 2151 furcillis
1468 2118 1658 2152 versatur.
1718 2113 1808 2152 Lor.

329 2183 496 2220 contulit
526 2182 672 2219 Placid.
706 2195 742 2231 p.
778 2183 819 2219 8:
875 2182 1166 2229 „adfare-inani,
1213 2181 1368 2230 subrui,
1415 2182 1671 2231 labefactaui,
1718 2195 1808 2220 con-

331 2250 471 2288 cussi“.
503 2271 559 2275 —
591 2252 682 2288 635.
721 2249 907 2288 sescenta
939 2249 1072 2297 tanta,
1111 2250 1157 2287 cf.
1189 2249 1327 2287 Bacch.
1366 2251 1482 2288 1031.
1516 2270 1570 2275 —
1601 2251 1692 2288 636.
1733 2245 1810 2288 Ρο-

333 2319 412 2357 test
439 2318 496 2366 ut,
530 2319 576 2356 cf.
611 2320 703 2356 236.
736 2338 791 2343 —
821 2314 899 2355 aliz·
927 2318 974 2354 A.
1004 2337 1061 2343 -—
1090 2317 1136 2355 ut
1163 2328 1224 2365 ne,
1259 2331 1292 2355 v.
1320 2319 1368 2355 ad
1392 2318 1507 2368 Epid.
1536 2319 1599 2356 66.
1632 2337 1687 2343 -
1717 2317 1809 2355 638.

330 2387 449 2424 Immo
480 2390 544 2433 tu,
584 2388 733 2436 inquit,
774 2386 845 2424 hoc
877 2386 989 2432 dicis,
1030 2399 1100 2435 ego
1132 2387 1320 2436 suspicor.
1388 2382 1434 2423 id
1462 2390 1551 2423 ante
1587 2381 1807 2435 „suspicer“
1856 2434 1860 2435 .

331 2469 446 2504 quum
479 2456 518 2492 in
549 2455 583 2492 A
613 2468 688 2492 non
719 2455 889 2502 legisset,
923 2458 1011 2491 ante
1046 2451 1198 2500 „dicas“
1232 2455 1364 2503 posuit
1394 2454 1438 2491 R.
1475 2473 1528 2478 —
1569 2452 1808 2503 que-autem,

330 2537 365 2560 v.
399 2524 445 2561 ad
478 2523 562 2561 Mil.
600 2524 716 2560 1143.
757 2543 811 2547 —
852 2523 944 2560 639.
992 2519 1094 2571 quid
1124 2522 1184 2559 est
1215 2517 1286 2559 tibi
1315 2532 1480 2568 nomen,
1522 2534 1558 2559 v.
1591 2522 1638 2558 ad
1670 2519 1807 2571 Amph.

333 2593 424 2637 360,
456 2591 502 2628 cf.
536 2592 636 2628 infra
665 2590 756 2627 642.
793 2592 885 2628 656.
920 2591 1012 2627 981.
1045 2609 1099 2615 —
1131 2586 1259 2639 Syros
1289 2590 1430 2627 multos
1461 2589 1538 2627 illis
1569 2588 1808 2639 temporibus

329 2661 368 2695 in
402 2659 548 2696 Graecia
580 2658 764 2695 et-Italia
804 2659 968 2695 servisse
1000 2662 1170 2705 constat,
1211 2671 1247 2695 v.
1280 2657 1356 2694 Cic.
1389 2657 1494 2695 Orat.
1527 2656 1576 2702 ΙΙ,
1610 2658 1674 2705 66,
1707 2656 1806 2700 265:

330 2727 434 2775 iique
472 2727 544 2764 hoc
582 2727 735 2764 nomine
773 2726 962 2776 appellari
995 2726 1182 2763 solebant.
1219 2744 1267 2750 ——
1302 2726 1393 2762 642.
1427 2721 1536 2774 quod
1557 2724 1602 2770 A,
1635 2724 1680 2762 cf.
1714 2723 1805 2761 278.

336 2814 378 2818 -—
414 2791 490 2831 huc
521 2795 565 2831 A.
596 2814 643 2818 ——
678 2794 936 2831 Personarum
970 2795 1163 2831 rationem
1191 2807 1263 2830 em.
1280 2793 1392 2831 Acid.
1421 2812 1469 2817 —
1505 2793 1597 2829 644.
1629 2787 1807 2830 solutum
