1963 3243
313 229 395 267 204
1007 226 1129 261 Plauti
1517 226 1560 272 v,
1586 229 1621 272 4,
1642 229 1798 264 92—103

865 350 1242 404 Ayorastocles

314 420 418 471 Quis
450 435 517 463 me
549 421 835 475 amplectetur
864 422 1046 476 postea?

965 501 1148 542 Hanno

1041 572 1167 614 Nunc
1198 586 1276 626 ego
1309 587 1403 614 sum
1434 572 1693 616 fortunatus.
1714 586 1800 620 1260

312 641 548 684 Multorum
582 655 793 684 annorum
827 644 1022 685 miserias
1053 657 1168 686 nunc
1197 644 1278 686 hac
1309 644 1536 698 uoluptate
1567 646 1691 687 sedo:

864 737 1245 789 Adelphasium

311 807 393 850 Uix
425 808 509 850 hoc
540 808 742 850 uidemur
773 808 960 850 credere.

963 902 1014 943 H
1018 915 1149 944 anno

1047 974 1185 1027 Magis
1218 975 1291 1028 qui
1325 975 1525 1027 credatis,
1557 976 1709 1018 dicam.

311 1044 423 1086 Nam
455 1050 609 1087 uostra
639 1045 784 1086 nutrix
816 1046 999 1099 primum
1032 1060 1098 1087 me
1130 1047 1347 1097 cognouit.

870 1139 1247 1191 Adelphasium

1299 1211 1383 1253 Ubi
1415 1226 1471 1263 ea,
1503 1213 1673 1263 amabo,
1707 1214 1799 1256 est?

964 1282 1015 1323 H
1019 1296 1150 1324 anno

312 1354 438 1408 Apud
468 1354 583 1396 huno
616 1360 691 1396 est.

868 1426 1246 1479 Ayorastocles

731 1496 917 1549 Quaeso,
952 1499 1026 1551 qui
1057 1498 1179 1539 lubet
1210 1503 1299 1540 tam
1332 1498 1405 1540 diu
1436 1503 1584 1540 tenere
1615 1499 1801 1541 collum?

312 1567 586 1624 [Priusquam
623 1573 664 1610 te
698 1569 802 1610 mihi
834 1569 1123 1623 desponderit.
1186 1570 1360 1612 Omitto.
1422 1570 1615 1625 Sperate,
1649 1570 1801 1625 salue]

311 1639 472 1682 Omitte
505 1641 656 1683 saltem
688 1645 736 1682 tu
769 1641 919 1682 altera.

865 1735 1247 1786 Adelphasium

966 1806 1075 1848 Nolo
1109 1821 1186 1860 ego
1218 1808 1352 1859 istuc;
1385 1809 1532 1850 enicas
1563 1823 1640 1850 me.
1715 1819 1800 1854 1266

961 1900 1145 1942 Hanno

310 1972 555 2014 Condamus
587 1972 702 2014 alter
734 1972 917 2014 alterum
951 1987 1050 2025 ergo
1082 1974 1125 2014 in
1157 1987 1336 2015 neruom
1368 1973 1646 2016 brachialem.

309 2042 475 2093 Quibus
508 2058 622 2085 nune
656 2045 700 2085 in
732 2049 851 2085 terra
881 2044 1032 2086 melius
1065 2045 1157 2086 est‘?

859 2139 1243 2192 Ayorastoczes

630 2252 635 2257 ,
1181 2211 1396 2252 Eueniunt
1431 2210 1562 2263 digna
1593 2210 1743 2264 dignis.

308 2280 501 2322 Tandem
535 2281 636 2323 huic
669 2283 864 2336 cupitum
896 2283 1088 2335 contigit.
1150 2281 1184 2324 Ο
1217 2282 1382 2336 Apella,
1417 2296 1440 2324 o
1467 2282 1622 2324 Zeuxis
1652 2283 1802 2336 pictor,
1864 2290 1869 2295 ”

307 2352 520 2402 Quidnam
552 2367 729 2395 numero
763 2354 868 2395 estis
902 2354 1072 2402 mortui,
1116 2353 1198 2394 hoo
1230 2353 1424 2407 exemplo
1457 2357 1506 2394 ut
1537 2353 1798 2407 pingeretis?

306 2423 415 2465 Nam
447 2424 557 2465 alios
587 2426 775 2478 pictores
802 2425 910 2466 nihil
938 2439 1079 2466 moror
1105 2425 1350 2466 huiusmodi
1374 2429 1566 2467 tractare
1591 2425 1797 2479 exempla.

398 2572 480 2604 1261
509 2570 618 2606 sedeo
704 2572 791 2605 1262
818 2571 1007 2604 uideamur
1101 2572 1184 2605 1263
1209 2574 1338 2604 nostra
1363 2570 1391 2605 0
1471 2570 1523 2604 ibi
1546 2569 1583 2604 Β
1665 2581 1707 2605 ea
1731 2580 1795 2606 om.

308 2628 392 2661 1264
418 2639 515 2663 nuno
598 2627 728 2662 tandiu
754 2626 789 2661 Β
874 2628 959 2661 1265
978 2628 1149 2671 proximo
1172 2627 1361 2671 postponit
1382 2627 1417 2661 A
1499 2626 1738 2671 desponderit
1760 2625 1796 2661 Β

307 2685 391 2718 1266
417 2684 533 2718 salute
560 2682 817 2718 tu‘alterando
843 2682 887 2726 B,
916 2683 1008 2717 salte
1036 2688 1098 2717 tua
1123 2683 1264 2717 Littera
1287 2683 1374 2717 nolo
1398 2682 1427 2718 C'
1495 2684 1638 2718 enicam
1711 2683 1796 2718 1268

304 2740 359 2773 Oh
385 2740 516 2784 Apella
541 2740 573 2773 Α
695 2751 715 2774 a
739 2740 864 2774 zeuxis
892 2739 920 2774 C
1036 2742 1124 2774 1270
1149 2739 1223 2782 Qui·
1248 2739 1329 2783 AB,
1356 2739 1429 2774 Cur
1455 2738 1483 2774 G
1596 2740 1656 2775 hie
1681 2749 1797 2774 exem·
1867 2738 1870 2743 '

303 2797 403 2840 plum
431 2796 498 2831 ΒΟ
587 2797 781 2841 pingeritis
806 2795 850 2839 B,
878 2797 1081 2841 pigneretis
1109 2796 1136 2831 G
1229 2797 1313 2830 1271
1341 2796 1508 2840 pintores
1533 2795 1570 2830 B
