1963 3243
290 157 370 197 306
849 150 954 184 Miles
980 149 1174 193 gloriosus·

289 285 392 331 irem,
426 287 466 320 et
495 283 581 332 ipse
613 281 705 318 olim
738 283 777 317 et
807 278 922 317 Ribb.
955 281 994 316 et
1024 277 1140 327 Seyff.
1173 297 1227 302 —
1257 278 1411 325 exquire
1431 288 1511 316 rem
1532 279 1586 316 sis
1602 277 1746 327 Bergk.

287 350 373 389 Iud.
415 350 500 387 Hal.
545 344 689 397 18⁵⁹l59
722 361 759 396 p.
791 346 907 393 X111;
939 345 1150 383 edebatur:
1201 341 1391 396 „Quare’s
1421 343 1591 383 ausus?“
1626 346 1746 382 inter-

289 419 495 467 rogatione
525 429 663 467 parum
695 419 810 466 apta3
844 426 966 464 eaque
999 413 1320 463 Periplecomeno
1352 412 1540 460 dabatur3
1571 413 1640 450 sed
1668 412 1747 450 Em

290 486 358 524 tibi
387 486 525 523 saltem
555 485 745 522 lorarium
777 482 907 519 dicere
938 485 1116 531 apparet,
1146 493 1182 517 v.
1216 481 1264 518 ad
1295 481 1404 517 Asin.
1437 481 1531 518 428.
1553 500 1601 505 -
1625 481 1748 519 1400.

287 554 374 592 PY.
408 553 495 590 add.
529 551 634 589 Cam.
686 550 766 589 Oiez·
794 551 838 587 A.
871 569 925 575 —
963 547 1044 587 CA.
1081 548 1207 597 Quam
1237 560 1325 586 mox
1353 549 1464 586 seco?
1493 549 1554 595 A.‚
1585 549 1632 586 cf.
1652 548 1745 586 306.

289 639 341 646 --
377 621 497 658 1401.
528 619 680 656 Nonius
718 632 757 668 p.
800 619 843 656 9:
910 617 1181 668 „Dispennere
1221 621 1280 654 est
1309 616 1543 665 expandere,
1574 621 1747 654 tractum

288 704 309 727 a
340 690 481 739 pennis
513 692 552 724 et
582 687 720 724 volatu
752 688 882 723 avium
918 681 980 734 (!).
1028 684 1192 721 Plautus
1224 684 1371 736 Milite:
1404 684 1482 722 Ubi
1513 683 1636 730 lubet,
1668 683 1744 721 dis-

287 758 448 808 pennite
477 757 672 793 hominem
705 754 906 792 diversum
937 757 977 790 et
1009 748 1265 789 distendite“.
1313 751 1369 789 Cf.
1402 751 1544 789 Donat.
1579 751 1628 788 ad
1657 751 1747 788 Ter.

288 825 444 863 Phorm.
487 825 522 869 2,
565 825 600 870 2,
643 824 690 861 16
732 819 852 870 (33οε
919 817 1185 867 „tenditur“):
1252 820 1440 869 „Legitur
1479 824 1519 857 et
1547 820 1747 866 tenuitur-3

286 893 407 930 habet
439 893 541 930 enim
574 905 598 928 n
628 892 765 928 littera
796 903 880 927 cum
914 890 938 926 d
969 886 1326 926 communionem“.
1379 887 1474 932 Inde
1506 887 1542 924 h.
1568 888 1592 925 l.
1615 886 1748 924 Meur-

288 963 387 999 sium
412 963 568 998 secutus
593 959 658 997 R.:
697 958 946 1007 „dispennite
965 987 972 994 .
994 988 1000 994 .
1022 984 1029 992 .
1049 955 1303 993 distennite“.
1337 976 1391 981 —
1426 957 1545 994 1403.
1576 955 1750 994 nondum

286 1028 399 1067 nihili
432 1028 562 1074 factus
599 1027 728 1074 Cam-3
760 1026 805 1063 R.
839 1026 1033 1071 licentius,
1067 1037 1138 1062 nec
1170 1024 1327 1062 melius:
1379 1025 1495 1072 „dum
1528 1037 1605 1061 non
1636 1023 1750 1060 nihili

287 1091 467 1134 factu’s“.
515 1116 570 1121 —-
612 1095 735 1134 hercle
779 1095 823 1132 A.
866 1113 913 1119 —
960 1094 1079 1131 1404.
1129 1090 1415 1141 „Conciliatrix
1459 1092 1617 1139 dicitur,
1664 1104 1758 1140 quae,
1834 1116 1840 1118 -
1899 1078 1901 1081 ’

288 1166 383 1203 viris
416 1166 599 1203 conciliat
629 1160 771 1200 uxores
803 1167 843 1199 et
874 1163 1062 1199 uxoribus
1094 1160 1224 1198 vir0s“
1261 1160 1368 1197 Fest.
1401 1159 1507 1210 Epit.
1540 1172 1576 1208 p.
1605 1160 1669 1202 62,
1699 1160 1747 1196 cf.

287 1233 364 1271 Cic.
405 1232 452 1270 N.
496 1233 542 1270 D.
583 1233 613 1278 Ι,
656 1233 720 1278 27,
744 1233 814 1268 777
854 1235 893 1268 et
933 1243 1054 1280 supra
1086 1228 1178 1267 802.
1217 1230 1335 1267 1206.
1372 1247 1419 1253 -
1458 1227 1576 1266 1405.
1607 1227 1753 1265 homini

288 1303 516 1340 ...nemi-ni
544 1302 590 1338 A.
638 1300 696 1338 De
725 1300 880 1352 nemini,
913 1299 1087 1347 repetita
1119 1299 1326 1344 negatione
1357 1298 1433 1334 iam
1465 1296 1585 1334 semel
1605 1297 1749 1345 posita,

287 1369 335 1406 cf.
388 1369 437 1406 ad
482 1369 624 1406 Bacch.
678 1369 739 1404 15.
801 1366 918 1416 Prop.
965 1365 1014 1413 II,
1060 1367 1121 1411 19,
1166 1366 1238 1402 32:
1304 1364 1494 1410 „Absenti
1540 1377 1657 1401 nemo
1701 1377 1750 1400 ne

287 1439 466 1475 nocuisse
498 1434 630 1475 velit“.
665 1455 717 1461 —
749 1436 793 1473 de
821 1435 893 1473 hac
921 1445 972 1482 re,
1005 1438 1170 1484 propt-er
1196 1433 1298 1470 hano
1320 1446 1413 1479 rem,
1447 1433 1494 1470 cf.
1514 1432 1634 1470 Mero.
1655 1432 1748 1469 379.

286 1505 404 1543 Poen.
450 1507 568 1543 1347.
610 1505 658 1542 ad
697 1503 808 1542 Curc.
850 1504 930 1541 477
971 1507 1010 1540 et
1042 1503 1090 1539 ad
1123 1501 1208 1539 Cas.
1243 1502 1335 1538 394.
1367 1520 1423 1525 —
1458 1500 1576 1538 1406.
1610 1499 1749 1537 Hiatus

284 1578 373 1623 post
412 1576 454 1611 tu
491 1573 686 1611 offendere
726 1586 803 1609 non
843 1571 968 1609 debet.
1028 1569 1277 1608 uerberabere
1313 1570 1360 1605 A.
1392 1588 1446 1594 -
1489 1570 1595 1606 1407
1636 1567 1762 1605 affert·

285 1642 475 1679 Priscian.
508 1641 566 1678 III
596 1656 633 1692 p.
668 1641 768 1678 610:
835 1640 901 1687 „Si
933 1643 972 1676 te
1003 1640 1152 1677 salvum
1186 1638 1275 1674 hinc
1307 1638 1521 1674 amittimus
1540 1636 1748 1674 Venerium

288 1707 560 1760 nepotulum“.
608 1710 826 1747 amittemus
850 1707 977 1754 Both„
1009 1708 1054 1744 cf.
1088 1706 1200 1743 Asin.
1235 1705 1328 1743 604.
1360 1724 1416 1730 --
1453 1706 1657 1744 Uenerimn
1683 1716 1748 1742 ne-
1789 1731 1798 1735 -
1846 1705 1882 1759 ς’.

278 1778 475 1826 potulum,
521 1779 566 1816 cf.
611 1777 730 1815 1259.
770 1796 824 1802 -
864 1775 982 1814 1408.
1017 1786 1095 1822 per
1133 1774 1268 1813 Iouem
1305 1776 1341 1811 et
1373 1774 1593 1811 Mauortem
1631 1786 1678 1810 ex
1714 1773 1748 1810 A

286 1846 461 1885 Studem.
508 1846 640 1883 Herm.
688 1845 705 1882 I
745 1859 782 1895 p.
827 1846 918 1882 307.
982 1843 1086 1882 Cam.
1130 1856 1226 1893 „per
1269 1842 1434 1879 Dionam
1476 1847 1515 1879 et
1554 1839 1746 1879 Martem“

286 1916 512 1964 scripserat.
530 1934 584 1939 ——
605 1913 724 1951 1409.
752 1915 909 1961 iureque
933 1913 973 1950 id
993 1912 1148 1958 factum
1176 1910 1280 1948 Cam.
1302 1930 1349 1935 —
1374 1911 1493 1948 1410.
1520 1910 1749 1959 Negationis
1791 1964 1798 1968 .
1838 1898 1875 1957 ¹·-

284 1984 440 2032 positus
457 1984 586 2020 nescio
604 1995 695 2019 num
712 1983 807 2019 satis
826 1980 1062 2018 defendatur
1080 1981 1138 2020 iis.
1159 1992 1244 2028 quae
1263 1978 1480 2016 afferuntur
1493 1979 1541 2015 ad
1552 1979 1641 2015 Aul.
1654 1979 1747 2016 224.

286 2051 375 2088 add.
405 2050 489 2088 Cas.
517 2053 610 2088 518.
644 2051 728 2088 Mil.
756 2051 849 2088 295.
891 2049 952 2086 R.:
991 2047 1068 2094 „Et
1093 2049 1124 2084 si
1154 2047 1244 2083 hinc
1270 2060 1345 2083 non
1372 2046 1471 2083 abeo
1496 2045 1747 2084 intestatus'‘.

286 2120 414 2167 Magis
433 2119 596 2156 offendit
613 2132 696 2156 voc.
721 2119 936 2164 intestatus,
962 2115 1067 2166 quod
1087 2121 1274 2152 enarrant
1294 2117 1402 2162 „sine
1420 2112 1655 2160 testiculis“‚
1673 2127 1748 2164 qua

286 2189 324 2225 vi
358 2187 464 2238 apud
496 2188 676 2224 classicos
707 2188 922 2236 scriptores
954 2198 1032 2222 non
1065 2187 1207 2230 exstat,
1243 2196 1276 2218 v.
1310 2183 1359 2220 ad
1390 2182 1501 2220 Curc.
1537 2183 1629 2220 622.
1676 2182 1749 2219 Ac-

288 2257 394 2294 cedit
427 2256 530 2306 quod
562 2257 765 2306 proximus
797 2266 946 2299 versus,
984 2253 1018 2291 si
1047 2253 1087 2290 id
1115 2262 1196 2289 ‘non
1225 2251 1340 2298 faxis,
1380 2264 1430 2289 sc.
1462 2251 1565 2300 quod
1598 2252 1749 2288 iuratus

287 2337 339 2371 es,
371 2325 487 2361 nimis
517 2324 633 2372 longe
667 2324 714 2361 ab
751 2323 857 2360 1408
890 2321 1106 2359 divellitur.
1155 2320 1293 2369 Itaque
1316 2332 1351 2357 v.
1389 2319 1493 2357 1410
1519 2331 1591 2369 pro
1614 2318 1748 2368 spurio

286 2392 502 2440 habuerim,
543 2392 720 2441 quamvis
760 2394 888 2428 exstat
927 2391 966 2426 in
999 2390 1031 2426 A
1063 2388 1230 2426 totidem
1263 2388 1422 2424 litteris.
1455 2407 1508 2412 —
1545 2388 1663 2424 1411.
1701 2385 1752 2424 Ut

288 2466 377 2510 post
398 2460 554 2497 iurandi
578 2460 741 2497 verbum
768 2460 942 2509 ponitur,
969 2458 1038 2495 ubi
1067 2456 1222 2506 aliquid
1247 2455 1422 2493 futurum
1449 2468 1532 2493 esse
1557 2467 1642 2492 cum
1665 2455 1747 2491 iure

286 2528 455 2566 iurando
487 2527 720 2574 affirmatur,
752 2540 787 2564 v.
822 2525 960 2563 Bacch.
995 2526 1096 2563 773:
1143 2523 1308 2571 „adiuro
1339 2527 1384 2561 ut
1415 2552 1450 2561 ..
1484 2519 1747 2563 lacerentur“.

288 2609 402 2645 quem
434 2596 561 2633 locum
591 2597 631 2633 in
664 2595 944 2633 commentario
978 2593 1078 2630 male
1110 2605 1195 2630 cum
1224 2591 1365 2642 Amph.
1400 2590 1480 2629 826
1513 2589 1747 2640 comparavi.

286 2663 468 2715 Propert.
501 2663 530 2710 I,
568 2665 629 2711 15,
665 2665 735 2702 35:
796 2662 901 2709 „Hos
933 2667 975 2699 tu
1007 2661 1179 2707 iurabas,
1215 2661 1247 2697 si
1278 2660 1373 2709 quid
1403 2660 1566 2697 mentita
1597 2659 1746 2702 fuisses,

286 2734 330 2768 ut
360 2732 434 2769 tibi
465 2733 682 2781 suppositis
713 2730 940 2768 exciderent
971 2726 1190 2767 manibus“.
1249 2728 1383 2765 Horat.
1414 2727 1540 2777 Epod.
1577 2727 1638 2772 16,
1671 2726 1744 2763 25:
