1963 3243
333 228 411 266 140
1006 224 1128 259 Plauti
1492 225 1520 267 I,
1544 226 1575 269 3,
1601 224 1741 268 31-11,
1768 225 1810 258 10

331 348 454 398 Quod
485 348 556 390 hic
586 350 698 390 inter
727 363 803 390 nos
833 349 991 390 liceat?
1050 350 1118 390 Ita
1149 363 1214 391 me
1246 350 1439 403 Iuppiter
1469 373 1523 379 —

331 419 429 461 Scin
462 442 516 448 ——
548 419 686 470 Quam
717 420 891 461 uidetur
922 420 1038 461 credi
1070 421 1184 474 quod
1217 434 1293 474 ego
1324 420 1509 462 fabuler!

953 521 1180 572 Milphio

332 592 376 634 Si
407 606 573 646 nequeo
605 592 747 633 facere
778 597 826 633 ut
856 592 998 642 abeas,
1032 598 1200 645 egomet
1231 593 1392 634 abiero.
1744 606 1810 638 440

330 664 440 705 Nam
472 665 544 705 isti
575 664 747 717 quidem
779 663 921 704 hercle
954 665 1135 705 orationi
1169 664 1333 717 Oedipo

331 735 448 789 Opus
482 736 734 786 coniectore,
768 736 841 788 qui
873 735 1043 788 sphingi
1075 737 1286 789 interpres
1318 735 1409 778 fuit.

880 838 1259 891 Ayorastocles

330 908 424 949 Illic
455 908 553 949 hinc
584 909 720 949 iratus
753 909 872 958 abiit,
905 922 1017 950 nunc
1048 907 1152 949 mihi
1185 910 1326 950 cautio
1359 914 1432 959 est,

333 980 393 1020 Ne
426 986 610 1021 meamet
642 980 768 1033 eulpa
798 994 892 1021 meo
924 980 1059 1021 amori
1091 980 1275 1021 obiexim
1307 995 1483 1022 moram.

331 1052 407 1092 Ibo
440 1056 571 1104 atque
605 1065 820 1093 arcessam
852 1052 990 1101 testis,
1023 1051 1196 1104 quando
1229 1065 1348 1093 amor
1379 1052 1500 1093 iubet
1745 1062 1811 1096 445

333 1123 400 1163 Me
433 1122 733 1164 oboedientem
765 1136 860 1163 esse
891 1136 1016 1164 seruo
1046 1122 1240 1164 liberum.

526 1461 706 1504 LYCUS
737 1461 900 1504 LENO.
961 1462 1403 1504 ANTAMOENIDES
1436 1462 1616 1504 MILES.

988 1586 1152 1640 Lycus

335 1660 388 1701 Di
418 1659 539 1700 illum
570 1658 793 1700 infelicent
824 1672 983 1701 omnes,
1017 1660 1090 1712 qui
1121 1663 1219 1712 post
1250 1658 1363 1700 hunc
1394 1659 1506 1700 diem

335 1731 450 1772 Leno
481 1730 613 1772 ullam
646 1730 803 1772 Ueneri
833 1744 1037 1784 umquam
1067 1730 1288 1771 inmolarit
1320 1729 1516 1782 hostiam,

335 1803 470 1853 Quiue
501 1802 636 1843 ullum
667 1803 775 1843 turis
806 1815 985 1854 granum
1016 1801 1345 1852 sacrificauerit3

331 1874 439 1916 Nam
473 1888 549 1927 ego
580 1873 710 1915 hodie
740 1873 901 1923 infelix,
934 1873 1000 1914 dis
1032 1873 1136 1914 mihi
1166 1873 1438 1923 iratissumis,
1745 1885 1813 1919 450

333 1946 414 1987 Sex
446 1945 653 1986 inmolaui
685 1957 818 1996 agnos
849 1959 927 1986 nec
958 1945 1080 1998 potui
1111 1950 1255 1986 tamen

332 2018 566 2070 Propitiam
597 2016 804 2067 Uenerem
839 2015 981 2058 facere
1013 2020 1061 2058 ut
1089 2015 1116 2068 †
1145 2022 1259 2059 esset
1289 2017 1405 2058 mihi.

333 2089 545 2139 Quoniam
575 2088 701 2129 litare
732 2102 913 2141 nequeo,
947 2088 1036 2129 abii
1065 2088 1174 2129 illim
1205 2088 1304 2129 ilico

332 2161 495 2212 Iratus3
527 2161 647 2201 uotui
679 2164 779 2201 exta
809 2160 1080 2212 prosicarier‚

331 2233 481 2286 Neque
513 2245 563 2273 ea
593 2232 810 2285 porricere
840 2232 980 2283 uolui;
1013 2233 1217 2286 quoniam
1248 2246 1332 2273 non
1363 2231 1476 2273 bona
1747 2241 1813 2275 455

331 2304 557 2357 Haruspex
590 2302 707 2354 dixit,
741 2303 864 2345 deam
896 2317 990 2345 esse
1022 2303 1241 2356 indignam
1273 2303 1449 2344 credidi.

420 2449 486 2481 438
511 2447 599 2480 lieet
622 2446 656 2480 A
732 2447 798 2480 439
823 2445 916 2480 Uide
941 2449 981 2479 tu
1006 2445 1076 2480 ΒΟ
1145 2445 1270 2480 credin
1348 2446 1414 2479 440
1438 2444 1563 2479 abireo
1588 2444 1634 2487 B,
1659 2444 1760 2480 abire
1787 2443 1817 2480 G'

330 2507 391 2538 441
421 2515 468 2548 sq.
497 2503 655 2536 orationi
684 2502 842 2546 oedippo
870 2501 970 2546 Opus
996 2508 1052 2536 est
1077 2502 1287 2536 coniectore
1387 2503 1454 2535 444
1476 2512 1595 2535 meam
1621 2499 1649 2535 G
1744 2501 1811 2536 445

330 2560 431 2595 lubet
455 2559 491 2593 Β
616 2560 682 2592 446
707 2558 791 2592 Meo
817 2557 853 2592 B
980 2558 1238 2593 obuedientem
1265 2558 1297 2592 A
1424 2557 1524 2601 lycus
1551 2558 1812 2592 antamonedes

331 2617 411 2650 add.
438 2616 507 2651 BG
618 2615 755 2650 LICUS
781 2614 1146 2649 ANTAMONEDES
1172 2614 1301 2648 L!·:NO
1328 2613 1477 2648 MILES
1503 2613 1538 2648 B
1651 2615 1718 2649 449
1743 2613 1813 2658 Qui
1850 2643 1855 2649 ,,
1899 2627 1909 2635 ·

331 2674 443 2706 ulium
469 2673 503 2706 A
608 2674 674 2706 450
699 2672 770 2706 mei
794 2672 839 2713 A,
864 2672 954 2705 meis
979 2671 1047 2706 BC
1149 2674 1214 2705 452
1240 2672 1291 2705 uti
1318 2671 1387 2705 BG
1493 2671 1558 2704 453
1584 2670 1642 2704 abi
1746 2671 1813 2704 454
1870 2671 1873 2677 “

332 2729 430 2762 u‹›lui
458 2730 502 2772 A,
530 2729 605 2762 otui
635 2728 663 2763 C'
775 2729 1006 2773 prosecarier
1033 2728 1077 2772 A,
1104 2729 1320 2772 prosum-ior
1345 2726 1380 2761 B
1505 2728 1660 2761 455—56
1685 2737 1749 2761 om.
1779 2725 1813 2760 A

329 2787 395 2819 455
422 2786 543 2828 picere
568 2784 613 2821 B.
639 2785 801 2829 aspicere
829 2784 858 2818 O
