1963 3243
84 206 143 251 IV,
166 206 197 246 4,
224 202 358 238 26—36
710 200 903 233 Mercator,
1458 205 1533 241 195

629 326 983 379 Lyshnachus

895 398 1011 438 Haec
1043 403 1150 438 east.
1469 411 1535 441 γῆς,

84 459 189 510 Quid
222 458 324 499 mihi
356 456 604 498 molestu's‘?

707 534 917 589 Coquos

619 609 731 658 Quia
763 622 828 648 me
860 621 945 648 non
978 607 1153 647 nouisse
1184 607 1263 647 ais.

84 682 174 725 Nisi
206 682 360 723 metuis
393 685 438 721 tu
472 681 626 721 istane.

630 759 983 814 Lysimachus

655 832 810 886 Sapi03
842 845 941 873 nam
975 831 1079 872 mihi
1111 831 1295 872 unicast.

703 911 915 966 Coquos

85 970 163 1013 Uin
194 984 260 1011 me
292 970 507 1023 experiri?

630 1048 985 1101 Lysimachus

553 1122 676 1163 Nolo.

705 1201 919 1256 Coquos

761 1274 1003 1316 Mercedem
1036 1273 1157 1315 cedo.

630 1355 987 1409 Lysimachus

85 1426 188 1470 Cras
220 1428 377 1482 petit03
410 1427 608 1475 dabit-um
642 1442 757 1469 nunc
789 1428 874 1469 abi.

690 1508 726 1549 D
737 1523 761 1550 0
773 1509 815 1549 ri
830 1523 855 1562 p
867 1524 893 1563 p
907 1522 933 1550 a

856 1580 950 1622 Heu
983 1580 1167 1621 miserae
1202 1579 1325 1620 mihi!

635 1660 985 1714 Lysimachus

85 1731 207 1774 Nunc
238 1747 315 1786 ego
348 1747 496 1775 uerum
528 1734 636 1775 illud
671 1733 850 1775 uerbum
884 1747 979 1774 esse
1013 1733 1212 1786 experior
1244 1736 1384 1776 uetus,
1473 1743 1539 1774 760

87 1805 258 1859 Aliquid
292 1806 395 1847 mali
428 1820 522 1848 esse
556 1811 732 1860 propter
763 1807 954 1847 uicinum
988 1806 1165 1847 malum.

695 1885 920 1940 [coquos

90 1955 173 1998 Cur
202 1956 271 1999 hic
302 1957 558 1999 adstamus?
604 1959 708 2014 quin
741 1959 943 2001 abimus?
989 1957 1257 2000 Incommodi

88 2029 132 2072 Si
162 2030 265 2084 quid
295 2030 374 2072 tibi
407 2032 563 2081 euenit,
596 2031 638 2072 id
669 2046 752 2073 non
786 2039 854 2074 est
885 2033 1013 2086 culpa
1045 2046 1152 2072 mea.

638 2112 986 2166 Lysimachus

90 2181 197 2233 Quin
228 2197 293 2224 me
325 2183 522 2226 eradicas
553 2186 769 2226 miserum.

711 2263 918 2318 Coquos

832 2338 928 2379 Scio
961 2338 1059 2385 iam,
1092 2337 1196 2390 quid
1231 2337 1361 2381 uelis:

92 2405 250 2462 Nempe
283 2423 346 2451 me
379 2409 477 2451 hinc
508 2410 629 2452 abire
662 2410 740 2450 uis.

637 2490 989 2544 Lysimachus

766 2562 1110 2618 [hss0.inquanm

180 2653 245 2685 756
270 2654 448 2686 molestus
474 2664 511 2686 es
527 2652 556 2687 G
656 2655 723 2686 757
744 2651 880 2696 N1B0,
907 2680 935 2687 ..
964 2655 994 2687 si
1010 2655 1042 2687 A
1136 2653 1203 2688 758
1228 2654 1314 2686 uein
1329 2652 1362 2685 A
1457 2651 1543 2685 uolo

94 2704 160 2742 BG
248 2708 342 2743 dabo
365 2709 395 2744 0
482 2711 548 2744 759
574 2721 615 2744 eu
632 2710 699 2744 BC
788 2713 852 2744 761
871 2711 1017 2746 essetB
1116 2712 1182 2744 762
1206 2710 1289 2743 heic
1305 2709 1337 2742 A
1432 2709 1542 2752 quein

94 2763 129 2798 Δ
217 2764 385 2800 habimus
409 2766 444 2800 B
544 2768 609 2801 763
638 2767 674 2801 Si
703 2767 791 2811 quid
819 2779 924 2802 secus
950 2769 1017 2802 tibi
1045 2768 1169 2802 euenit
1198 2766 1229 2800 A
1331 2767 1399 2800 764
1424 2765 1541 2809 Quein

96 2821 128 2855 Δ
218 2824 402 2858 erradicas
428 2825 471 2868 A,
496 2825 642 2859 radicas
668 2824 736 2859 BC
828 2826 893 2859 765
919 2826 978 2859 hic
1005 2824 1040 2858 Β
1134 2825 1213 2858 ueis
1239 2825 1271 2857 A

1278 2894 1339 2927 13·
