1963 3243
234 218 286 257 32
912 214 1033 250 Plauti
1421 211 1451 256 I,
1477 213 1509 256 3,
1542 213 1718 247 114—122

829 337 1120 380 Calidorus

231 410 319 453 Cur
348 411 394 453 id
425 410 568 453 ausu's
599 410 773 452 facere?

890 495 1068 537 Ballio

830 567 1012 618 Lubuit3
1042 580 1137 608 mea
1183 566 1273 608 fuit.

836 667 867 710 C
879 668 990 710 alid
1002 682 1025 710 ο
1036 682 1093 709 ru
1103 682 1121 710 s

1319 737 1423 788 Eho,
1456 737 1678 788 Pseudole,

237 812 268 863 Ι,
300 811 489 866 gladium
522 811 655 853 adfer.

825 893 857 934 P
871 908 889 935 s
901 907 923 935 e
935 908 961 935 u
973 893 1096 937 dolu
1110 907 1128 934 s

508 965 619 1017 Quid
650 979 756 1019 opus
787 965 962 1018 gladio?

837 1065 1121 1108 Calidorus

817 1138 897 1189 Qui
929 1137 1044 1179 hunc
1075 1135 1269 1179 occidam
1301 1140 1432 1191 atque
1464 1136 1628 1178 enicem.
1656 1147 1722 1182 350

831 1239 1136 1281 Pseudolus

240 1311 354 1362 Quin
385 1316 431 1353 tu
462 1316 506 1353 te
538 1311 698 1353 occidis
730 1311 904 1365 potius?
946 1326 1045 1352 nam
1076 1311 1190 1352 hunc
1220 1309 1354 1352 fames
1385 1310 1472 1352 iam
1503 1309 1721 1351 occiderit.

838 1411 1127 1454 Calidorus

238 1482 351 1533 Quid
391 1484 483 1526 ais?
532 1489 740 1538 quantum
779 1490 937 1526 terram
976 1485 1119 1538 tetigit
1145 1484 1369 1525 hominum·
1405 1483 1724 1537 periurissnm,

239 1555 476 1615 Iurauistiln
508 1560 549 1597 te
580 1555 702 1597 illam
733 1556 840 1597 nulli
872 1556 1148 1597 uenditurum
1178 1555 1260 1597 nisi
1291 1554 1424 1596 mihi?

895 1657 928 1698 B
940 1657 1069 1699 allio

241 1728 409 1770 Fateor.

840 1799 870 1842 C
883 1800 996 1842 alid
1007 1815 1030 1842 o
1041 1815 1062 1841 r
1073 1815 1098 1842 u
1111 1815 1128 1842 s

458 1872 621 1925 Nempe
654 1873 872 1926 conceptis
904 1872 1075 1914 uerbis?

897 1974 1072 2015 Ballio

1127 2045 1269 2087 Etiam
1301 2044 1508 2087 consultis
1541 2056 1724 2098 quoque.

844 2115 1130 2158 Calidorus

244 2188 540 2240 Periurauisti‚
573 2188 763 2230 sceleste.

899 2259 1077 2302 Ballio

785 2332 841 2373 At
871 2335 1097 2384 argentum
1127 2332 1241 2373 intro
1272 2330 1456 2372 condidi.
1663 2340 1730 2376 355

244 2403 334 2456 Ego
367 2403 578 2445 scelestus
609 2417 722 2445 nunc
754 2408 978 2456 argentum
1011 2416 1206 2456 promere
1238 2416 1415 2457 possum
1448 2401 1594 2453 domo;

244 2475 307 2516 Tu
341 2476 413 2529 qui
445 2475 541 2529 pius
574 2488 629 2520 es,
662 2475 772 2517 istoc
803 2488 957 2528 genere
990 2480 1157 2528 gnatus,
1190 2487 1409 2516 nummum
1439 2487 1524 2515 non
1556 2473 1699 2515 habes.

340 2612 404 2645 349
430 2610 500 2644 CA.
527 2620 592 2645 om.
622 2608 649 2643 C
751 2607 826 2652 Qur
850 2608 922 2643 AB
1025 2609 1063 2643 P.
1091 2609 1202 2643 libuit
1305 2608 1370 2642 349
1396 2607 1440 2641 Ei
1465 2607 1508 2650 A,
1540 2605 1589 2641 Et,
1615 2606 1644 2642 Ο

245 2666 367 2701 αάἲεη
391 2666 427 2701 Β
533 2665 680 2700 occidar
703 2665 739 2700 B
845 2669 953 2710 atque
979 2677 1036 2700 me
1141 2666 1204 2700 351
1232 2664 1377 2699 occides
1405 2663 1432 2698 0
1529 2663 1670 2707 postius
1695 2662 1730 2698 B

247 2725 311 2757 352
337 2727 432 2757 terra
558 2723 648 2767 tegit
673 2721 741 2758 BC
855 2723 920 2757 353
945 2722 1201 2756 iurauistincte
1228 2719 1256 2756 0
1381 2721 1447 2755 354
1471 2720 1630 2755 consulis
1657 2719 1730 2762 BG,

244 2780 411 2814 consutis
437 2779 469 2813 A
563 2780 628 2813 355
655 2778 726 2813 CA.
752 2788 816 2814 om.
910 2779 975 2813 357
1002 2779 1081 2822 pius
1107 2778 1220 2812 sistoc
1246 2775 1312 2811 BC
1403 2787 1572 2811 nummus
1598 2776 1632 2811 A
