1963 3243
767 270 808 305 V.
834 271 1024 306 906—929.
1557 275 1637 314 337

145 398 317 436 dentiam
351 397 592 449 Milphionis,
634 413 710 449 qua
748 400 788 436 in
820 400 997 450 proxima
1028 412 1142 437 scena
1173 399 1322 437 Punica
1354 399 1471 437 verba
1504 400 1642 437 Latine

146 466 310 504 reddere
342 471 516 513 conatur,
549 466 677 504 ridere
708 470 887 517 possent,
921 467 1107 517 perpauci
1138 470 1271 504 tamen
1303 469 1527 505 continuam
1555 481 1642 505 ora-

145 535 292 572 tionem
312 534 455 571 Punice
486 533 663 572 habitam
695 536 805 584 sequi
831 539 1056 584 potuerunt,
1090 547 1170 580 nec,
1203 535 1235 571 si
1262 536 1496 583 potuissent,
1531 535 1643 584 quid-

146 615 261 652 quam
294 602 450 639 ridiculi
489 605 557 639 aut
595 602 716 653 lepidi
749 602 925 648 haberet,
971 601 1142 639 Poenum
1174 602 1319 639 Punice
1352 602 1470 651 loqui.
1533 602 1644 640 Talia

145 670 430 720 posterioribus
461 669 616 707 demum
648 672 686 707 in
719 675 886 707 mentem
919 672 1050 707 venire
1082 673 1317 720 potuerunt.
1368 671 1434 719 qui
1467 683 1486 706 a
1518 670 1645 708 Musis

146 737 372 787 Gratiisque
404 738 534 783 alieni,
567 751 758 776 novarum
790 751 918 775 rerum
952 742 991 775 et
1021 739 1080 776 sui
1113 738 1286 775 iactandi
1311 737 1456 787 cupidi,
1491 752 1536 775 ea
1560 751 1645 788 quae

147 805 348 843 Musarum
381 806 562 843 alumnus
593 808 822 856 scripserat,
864 808 944 844 suis
976 806 1255 844 additamentis
1298 806 1553 843 multifariam
1586 808 1644 843 in-

146 875 309 923 quinare
364 875 448 911 ausi
501 880 605 912 sunt.
697 875 845 912 Horum
893 875 1035 924 aliquis
1089 887 1208 924 quum
1256 887 1333 912 uon
1389 875 1648 911 intellexisset

146 943 327 992 proxima
357 955 471 980 scena
503 947 586 980 tum
613 943 767 980 demum
795 943 1021 980 Hannonem
1052 955 1122 979 sua
1147 942 1279 991 lingua
1306 943 1376 987 uti,
1412 955 1531 992 quum
1558 955 1646 980 eum

147 1009 316 1060 Milphio
350 1010 494 1048 Punice
526 1015 778 1061 provocasset
810 1007 944 1060 (991),
987 1024 1073 1048 eum
1105 1012 1238 1047 statim
1274 1010 1321 1047 ab
1356 1011 1468 1047 initio
1500 1010 1645 1048 Punice

147 1077 258 1128 loqui
297 1079 422 1116 voluit
463 1083 501 1116 et
539 1081 757 1117 orationem
797 1081 879 1116 eius
921 1075 1151 1125 (949—58)
1192 1078 1336 1115 Punice
1378 1078 1551 1115 reddidit
1584 1091 1644 1115 vv.

148 1147 355 1193 939—4S‚
390 1147 457 1197 qui
483 1148 522 1184 in
539 1148 573 1184 A
590 1147 721 1185 decem
745 1152 847 1201 sunt,
876 1148 915 1184 in
941 1148 1080 1184 ceteris
1106 1147 1234 1193 codd„
1259 1149 1402 1184 omissa
1429 1147 1649 1196 posteriore

150 1218 265 1264 parte
307 1228 342 1251 v.
378 1216 454 1253 941
491 1220 528 1252 et
559 1217 691 1264 priore
730 1229 765 1253 v.
799 1217 901 1257 942.
943 1220 1042 1253 octo.
1120 1215 1191 1253 Cui
1239 1229 1356 1264 quum
1405 1219 1471 1251 aut
1510 1227 1650 1264 parum

150 1284 383 1320 successisse
417 1283 618 1321 videretur
644 1288 711 1320 aut
737 1284 991 1321 librariorum
1016 1283 1132 1332 eulpa
1158 1284 1438 1333 interpretatio
1465 1286 1650 1332 corrupta

149 1355 266 1399 esset,
298 1355 437 1400 postea
470 1352 569 1388 alius
601 1351 762 1400 quidam
793 1365 932 1390 novam
967 1351 1120 1389 addidit
1146 1352 1530 1401 interpretationem,
1564 1363 1650 1401 quae

150 1418 200 1456 ab
232 1419 265 1456 A
299 1420 423 1467 abest,
458 1421 498 1456 in
530 1421 668 1457 ceteris
700 1421 872 1469 priorem
904 1420 1032 1457 locum
1066 1419 1230 1467 obtinet,
1265 1420 1472 1456 929—38.

266 1488 368 1534 Haec,
403 1500 488 1538 quae
522 1502 542 1525 a
575 1487 713 1526 Plauto
747 1488 874 1525 aliena
905 1493 1014 1534 sunt,
1057 1488 1188 1534 magni
1228 1490 1416 1525 momenti
1449 1489 1531 1525 visa
1562 1490 1654 1524 sunt

150 1555 307 1593 Punicae
338 1556 480 1605 linguae
511 1556 717 1602 studiosis,
761 1558 868 1593 cuius
910 1560 1054 1606 praeter
1092 1556 1366 1604 inscriptiones
1399 1567 1654 1605 nummosque

151 1623 232 1661 haec
255 1624 335 1661 fere
362 1624 444 1662 sola
468 1631 719 1662 monumenta
743 1625 882 1662 relicta
906 1628 1008 1670 sunt,
1041 1627 1151 1661 tanto
1178 1625 1302 1672 magis
1327 1625 1515 1672 pretiosa,
1550 1623 1654 1672 quod

151 1692 354 1730 vocalibus
409 1694 447 1730 in
499 1693 674 1729 semitica
727 1692 922 1730 scribendi
969 1694 1122 1730 ratione
1169 1693 1321 1729 omissis
1370 1691 1508 1728 Latina
1553 1691 1654 1728 ratio

151 1773 288 1797 carere
320 1773 396 1797 non
428 1761 573 1810 potuit.
649 1760 730 1798 Nos
767 1774 860 1798 vero
901 1761 1055 1797 illarum
1094 1760 1316 1798 litterarum
1359 1759 1476 1796 rudes
1515 1760 1555 1796 in
1596 1759 1654 1796 his

153 1827 383 1866 enarrandis
410 1842 454 1866 ea
479 1829 698 1875 reddemus,
733 1842 819 1879 quae
843 1829 1131 1879 probatissimis
1156 1828 1383 1865 auctoribus
1410 1827 1653 1877 placuerunt,

153 1897 194 1934 in
225 1896 356 1934 dubiis
382 1901 536 1935 tantum
563 1902 601 1934 et
627 1898 694 1935 ubi
727 1897 931 1935 doctorum
964 1898 1137 1934 virorum
1169 1896 1373 1933 sententiae
1406 1896 1523 1943 longe
1554 1895 1657 1932 inter

154 1977 195 2002 se
221 1965 456 2014 discrepant,
490 1966 661 2015 eligendi
688 1951 846 2014 aliquod
871 1965 1078 2001 arbitrium
1105 1963 1244 2001 timide
1271 1963 1381 2000 nobis
1407 1966 1654 2012 arrogantes.

155 2032 310 2078 Omnes,
343 2036 410 2083 qui
443 2035 523 2071 haec
554 2033 703 2071 Punica
734 2038 980 2082 tractarunt,
1014 2045 1242 2070 enumerare
1274 2031 1434 2079 longum
1475 2034 1556 2078 est,
1589 2044 1658 2068 nec

157 2114 267 2150 opus,
300 2115 388 2138 nam
419 2103 578 2140 nomina
609 2115 745 2139 eorum
771 2101 830 2138 vel
857 2101 959 2150 apud
992 2100 1230 2138 Moversium
1257 2099 1531 2146 inveniuntur3
1564 2102 1656 2144 tres,

156 2169 300 2219 quibus
333 2172 499 2207 maxime
531 2183 624 2208 usus
651 2183 749 2216 sum,
781 2169 820 2206 hi
845 2172 955 2206 sunt:
989 2168 1032 2206 F.
1053 2167 1093 2206 C.
1113 2168 1229 2205 Wex
1261 2168 1307 2205 de
1333 2167 1490 2204 Punicae
1516 2166 1660 2216 linguae

157 2237 334 2287 reliquiis
366 2239 405 2275 in
438 2238 566 2276 Plauti
599 2237 798 2283 Poenulo,
846 2241 1140 2286 programmata
1180 2236 1257 2273 duo
1296 2236 1489 2285 gymnasii
1522 2234 1657 2273 Sueri-

158 2306 289 2343 nensis
335 2307 439 2343 1838
482 2310 521 2343 et
561 2307 631 2352 39,
680 2306 723 2342 F.
756 2305 797 2343 C.
833 2305 1030 2342 Movers
1075 2304 1145 2342 Die
1184 2303 1405 2346 Punischen
1447 2302 1568 2340 Texte
1607 2303 1661 2339 im

159 2372 354 2411 Poenulus
388 2374 455 2411 des
486 2374 669 2419 Plautus,
719 2373 882 2410 Breslau
918 2373 1045 2419 1845,
1090 2371 1129 2409 P.
1163 2370 1350 2409 Schred
1368 2384 1417 2408 er
1459 2371 1533 2408 Die
1563 2370 1660 2421 pho-

159 2441 331 2479 nizische
363 2442 555 2491 Sprache,
598 2441 709 2478 Halle
745 2442 872 2487 1869,
906 2454 943 2490 p.
979 2441 1056 2477 285
1091 2453 1174 2490 sqq.
1210 2459 1262 2465 —
1294 2439 1338 2476 In
1370 2437 1660 2486 distinguendis

159 2509 362 2547 vocabulis
391 2509 550 2547 Punicis
597 2512 787 2547 rationem
828 2510 955 2546 secuti
995 2521 1148 2554 sumus,
1197 2521 1273 2546 non
1313 2507 1447 2550 codd.‚
1493 2519 1660 2556 quorum

161 2590 280 2626 quum
312 2591 466 2627 semper
497 2580 537 2615 in
569 2577 639 2614 hac
671 2590 711 2614 re
744 2579 896 2625 exigua,
930 2582 1012 2613 tum
1044 2575 1107 2613 hic
1131 2576 1286 2613 omnino
1313 2574 1422 2612 nulla
1447 2575 1662 2612 auctoritas

162 2649 243 2692 est,
289 2647 364 2684 nisi
396 2646 499 2695 quod
532 2659 567 2683 v.
602 2646 795 2682 934—37
829 2647 1031 2692 signorum
1072 2644 1248 2693 reliquiae
1288 2642 1466 2692 quaedam
1503 2646 1661 2679 servata

163 2719 266 2760 sunt,
310 2715 390 2751 934
424 2715 463 2750 in
499 2713 543 2750 B:
583 2711 672 2762 yth}
706 2710 801 2749 ahili
834 2711 899 2761 ysS
933 2709 1052 2749 chon!
1087 2710 1216 2749 chem?
1250 2710 1350 2756 liful,
1394 2711 1432 2746 in
1464 2709 1512 2747 C:
1553 2708 1660 2759 chyl!

163 2794 226 2830 γε’,
260 2782 338 2819 935
364 2783 412 2819 ‘in
445 2781 492 2818 B:
525 2778 621 2818 Yth}
654 2778 794 2817 binim?
826 2776 1033 2828 ysdibur5;
1068 2780 1146 2816 936
1180 2779 1217 2815 in
1251 2778 1300 2818 B:
1335 2775 1540 2814 emanethe
1572 2777 1662 2826 ihy3

167 2850 245 2886 937
279 2850 318 2887 in
350 2849 402 2886 B:
446 2849 533 2886 chil.
567 2848 666 2886 luch.
744 2847 788 2885 In
831 2847 1052 2885 enarrando
1092 2851 1220 2884 autem
1261 2845 1327 2883 ubi
1359 2845 1562 2882 Hebraicis
1600 2845 1664 2882 lit-

1348 2920 1392 2954 22
