1963 3243
716 214 755 248 ν,
783 215 974 249 377—418.
1498 219 1570 255 251

115 362 175 387 me
212 349 418 398 perpetiar
456 348 589 398 probri
631 346 747 384 Falso
781 344 1084 383 insimulatan1“.
1149 345 1218 383 His
1251 345 1367 383 dictis
1399 345 1574 383 Philoco-

115 420 281 456 masium
312 416 414 455 aedes
445 418 579 454 intrat.

231 486 324 524 399.
368 486 547 533 yesserlm
592 484 637 522 A.
689 503 737 509 -
786 484 925 522 dorsus
965 483 1081 520 etiam
1125 482 1276 521 Nonius
1316 497 1353 533 p.
1398 484 1490 521 203.
1525 503 1578 508 —

109 556 251 604 prure't,
293 567 327 592 v.
362 554 411 591 ad
444 553 585 603 Amph.
619 554 712 591 291.
750 572 797 577 —
833 553 927 590 400.
960 555 1058 589 cerlo
1097 555 1151 589 est
1182 555 1287 589 certa
1317 553 1362 590 A.
1400 572 1446 577 —-
1482 553 1575 590 401.

116 624 207 663 dwm
239 624 292 661 ibe?
319 626 374 660 est
403 622 553 672 scripsi.
616 621 694 658 Nec
726 621 894 658 Acidalii
930 621 1021 667 „ubi
1055 620 1139 659 est“
1177 635 1245 658 nec
1277 620 1407 658 Bothii
1442 622 1577 667 „ubiu—

117 689 221 730 bist“
258 692 351 729 ferri
384 695 529 741 potest.
591 689 721 727 Gertz.
753 689 911 727 Tidskr.
946 690 971 726 f.
1004 689 1174 738 Filologi
1208 689 1238 725 V
1271 703 1308 740 p.
1344 691 1443 727 256:
1492 692 1575 737 „ui-

113 759 286 799 cissim“.
312 779 368 785 -
399 760 499 797 402.
530 759 581 796 ad
611 759 650 796 td
679 758 904 806 exemplum.
938 759 985 796 cf.
1019 759 1112 797 757.
1147 758 1268 795 Mero.
1306 759 1400 796 262.
1434 759 1575 798 Pseud.

118 830 210 867 135.
251 828 359 866 Pers,
401 829 494 866 334.
537 827 645 865 Trin.
685 827 781 865 922.
825 847 877 852 -—-
908 839 1022 875 qnam
1053 827 1175 865 simile
1206 826 1323 874 Cam,
1356 827 1577 876 quotidiani

113 898 303 935 sermonis
344 895 600 942 abundantia,
641 909 676 932 v.
718 897 765 933 ad
800 897 908 934 Asin.
946 896 1037 934 574.
1071 896 1165 933 Brix
1197 896 1312 933 affert
1343 898 1460 933 etiam
1493 897 1574 935 Cic.

115 965 226 1004 Brut..
262 967 323 1010 10,
359 966 430 1002 39:
496 964 705 1010 „Videsne‚
750 969 794 1002 ut
825 967 863 1002 in
895 979 940 1002 ea
971 966 1057 1015 ipsa
1089 964 1199 1014 urbe,
1231 966 1270 1002 in
1303 978 1381 1015 qua
1413 969 1451 1002 et
1483 970 1577 1003 nata

114 1039 154 1072 et
192 1034 271 1071 alta
316 1035 366 1070 sit
412 1033 650 1082 eloquentia,
698 1047 813 1083 quam
852 1047 898 1071 ea
938 1048 1027 1072 sero
1066 1033 1262 1083 prodierit
1308 1036 1346 1071 in
1392 1032 1570 1072 lueem‘?“

114 1103 159 1142 R.
204 1102 456 1149 „consimile“
499 1101 637 1140 edidit.
682 1122 733 1127 -——
777 1103 870 1140 403.
913 1101 968 1139 De
1001 1104 1144 1140 omisso
1176 1102 1354 1141 subiecto
1386 1103 1574 1140 infinitivi

113 1186 148 1210 v.
181 1172 230 1210 ad
263 1173 356 1210 245.
391 1191 438 1196 —
473 1172 710 1209 osculantem
744 1171 780 1208 h.
814 1172 838 1209 l.
872 1172 917 1209 A.
963 1191 1010 1197 —
1053 1173 1133 1209 404
1167 1174 1330 1209 accessit
1361 1185 1409 1209 ex
1439 1173 1484 1209 A.
1519 1191 1572 1197 —

114 1241 204 1279 voc.
238 1242 314 1278 lam
346 1239 535 1278 Fleckeis.
571 1242 670 1278 Anu.
705 1240 801 1290 phil.
835 1239 939 1278 CVII
970 1255 1007 1290 p.
1045 1241 1122 1278 504
1165 1241 1282 1278 delet.
1322 1261 1377 1266 —-
1416 1242 1496 1278 405
1531 1255 1577 1278 ex

111 1311 144 1348 A
175 1311 395 1347 restitutus.
427 1328 482 1335 -
514 1310 609 1347 406.
642 1310 855 1358 Resipisoes
885 1310 930 1347 A.
968 1329 1015 1334 -
1058 1310 1255 1347 ‹leuenerit
1284 1309 1387 1346 idem
1420 1311 1576 1348 omissis

116 1378 191 1426 „ob
223 1376 400 1416 oculos“.
461 1378 537 1416 Sed
576 1379 637 1415 vel
675 1380 730 1416 sic
772 1391 908 1415 versus
949 1380 1052 1415 iusto
1091 1379 1246 1427 longior
1286 1381 1356 1425 est,
1395 1379 1471 1415 nisi
1510 1382 1578 1415 aut

116 1444 273 1496 „prius“
315 1450 385 1484 aut
426 1446 611 1497 „pulcre“
654 1447 823 1493 deletur,
863 1460 1030 1497 quorum
1069 1447 1166 1484 illud
1207 1461 1254 1484 ne
1293 1446 1342 1484 ab
1381 1449 1575 1484 sententia

112 1515 268 1566 quidem
311 1515 622 1553 commendatur.
668 1536 715 1540 —
766 1517 845 1554 407
895 1519 1000 1553 recte
1039 1517 1084 1553 A.
1161 1515 1289 1553 Affert
1328 1515 1487 1553 Servius
1528 1515 1575 1553 ad

113 1584 205 1624 ΕΠ.
237 1584 267 1630 Ι,
302 1585 401 1623 233:
438 1584 522 1632 „Ob
554 1588 707 1622 veteres
738 1598 812 1634 pro
845 1586 953 1621 iuxta
985 1584 1198 1634 ponebant.
1238 1584 1403 1622 Plautus
1435 1585 1474 1622 in
1505 1584 1576 1621 Mi-

113 1653 201 1691 lite:
246 1652 358 1690 Nunc
390 1655 470 1692 scio
503 1654 597 1690 mihi
630 1654 678 1691 ob
712 1653 846 1691 oculos
879 1654 1086 1702 caliginem
1119 1652 1363 1691 obstitisse“.
1398 1673 1452 1678 —
1485 1654 1579 1691 408.

105 1722 272 1770 planum
303 1725 359 1760 est
388 1723 428 1760 iel
457 1721 503 1760 A.
541 1742 588 1748 —
623 1734 732 1770 quae,
765 1736 801 1760 v.
828 1723 877 1760 ad
911 1723 975 1760 66.
1013 1742 1057 1746 -
1093 1722 1154 1760 hic
1184 1720 1231 1759 A.
1265 1741 1318 1746 —
1351 1721 1581 1759 409.Νι’1ιι”ῐ

113 1790 226 1829 habeo
268 1793 371 1836 certi,
410 1805 488 1829 non
530 1796 638 1830 certo
678 1793 772 1830 scio.
813 1811 866 1816 —
908 1792 993 1829 uida·
1029 1803 1111 1828 eam
1149 1790 1255 1828 Cam.
1291 1810 1341 1815 —
1383 1791 1476 1828 410.
1509 1803 1578 1828 nos

107 1872 231 1909 paene
252 1861 458 1908 perdidisti
486 1860 591 1898 Cam.

227 1927 322 1967 413.
362 1928 422 1967 Ex
462 1929 613 1967 aedibus
653 1929 962 1979 Periplecomeni
1000 1928 1330 1966 Philocomasium
1373 1928 1578 1978 egreditur

113 1999 275 2036 alterius
320 1999 466 2036 sororis
512 2011 721 2048 personam
768 2011 904 2047 agens,
961 2001 1000 2034 et
1046 1999 1159 2047 quasi
1201 2011 1326 2048 nuper
1372 1997 1578 2034 advenerit

114 2067 266 2116 diisque
313 2067 504 2105 adventus
551 2079 667 2104 causa
714 2065 984 2104 sacrificatura
1029 2067 1098 2113 sit,
1145 2066 1325 2103 ancillam
1372 2066 1482 2103 iubet
1520 2067 1576 2113 ig-

115 2149 202 2174 nem
248 2138 287 2174 in
334 2149 444 2173 aram
492 2140 581 2172 ante
629 2135 732 2173 aedes
778 2136 946 2184 positam
993 2135 1137 2172 inferre
1184 2133 1320 2181 (Poen.
1371 2130 1470 2183 316)
1510 2139 1578 2171 aut

114 2205 266 2242 indere:
301 2205 397 2246 inde,
431 2204 478 2243 cf.
497 2204 620 2242 Stich.
656 2203 748 2242 707.
782 2223 835 2229 —-
867 2205 1001 2242 laudes
1032 2209 1121 2250 cet.,
1155 2204 1202 2241 cf.
1235 2203 1340 2241 Trin.
1376 2205 1468 2241 822.
1489 2203 1574 2241 Liv.

114 2272 198 2318 VH,
232 2272 297 2311 36.
332 2275 375 2310 7:
413 2274 513 2320 „diis
543 2273 681 2311 laudes
712 2277 922 2323 gratesque
955 2272 1118 2323 agunt“.
1180 2273 1270 2310 Tac.
1304 2273 1404 2309 Aun.
1438 2271 1469 2313 I.
1503 2273 1575 2310 69:

118 2341 276 2388 „laudes
308 2346 347 2379 et
376 2346 508 2391 grates
539 2341 707 2379 reversis
734 2341 954 2389 legionibus
979 2339 1232 2379 habentem“.
1269 2361 1315 2366 —-
1352 2342 1445 2378 415.
1472 2340 1578 2389 Quae

114 2410 174 2447 ed.
214 2425 274 2461 pr.
308 2431 360 2437 —
392 2412 485 2449 locis
525 2411 744 2457 Neptuniis,
787 2411 832 2448 cf.
867 2410 976 2449 Trin.
1010 2412 1104 2448 824.
1154 2410 1302 2458 templis
1335 2410 1576 2448 turbulentis.

114 2479 162 2518 cf.
194 2479 294 2518 Rud.
329 2481 408 2518 897
442 2493 499 2529 sq.
536 2476 805 2530 „(Neptunus)
848 2492 908 2516 me
940 2493 987 2517 ex
1020 2480 1101 2517 suis
1131 2479 1268 2530 pulcre
1300 2483 1480 2516 ornatum
1513 2492 1572 2516 ex-

113 2548 266 2598 pediuit
310 2545 510 2599 templis“.
555 2548 645 2586 Ter.
694 2547 793 2586 Eun.
845 2549 946 2586 590:
1010 2548 1184 2598 „templa
1228 2546 1366 2593 caeli“,
1416 2547 1574 2585 Lucret.

114 2616 145 2666 I,
180 2618 270 2655 114.
304 2617 353 2655 al.
389 2636 437 2643 —
473 2618 567 2655 417.
602 2617 667 2654 eho
698 2616 827 2664 Both„
861 2617 966 2667 quod
998 2618 1155 2655 vocanti
1188 2617 1343 2665 egregie
1376 2618 1573 2659 convenit,

116 2686 368 2737 respondenti
398 2700 475 2724 non
516 2688 631 2733 item3
670 2686 806 2735 itaque
845 2690 1055 2736 utrumque
1088 2685 1152 2723 eho
1184 2684 1368 2722 Sceledro
1401 2684 1571 2721 dandum

116 2757 187 2801 oet,
224 2768 303 2792 non
343 2755 508 2792 alterum
547 2754 808 2792 Palaestrioni.
850 2773 902 2779 —
941 2755 1036 2792 418.
1079 2755 1154 2791 exit
1184 2752 1402 2803 perfectum
1434 2757 1504 2799 est,
1538 2765 1572 2789 v.

117 2822 208 2860 378.
243 2822 281 2860 8ἰ
307 2824 395 2873 quis
419 2835 490 2874 pro
515 2824 702 2874 praesenti
726 2821 883 2870 habeat,
900 2821 1040 2860 afferat
1057 2821 1147 2859 Ter.
1166 2820 1258 2858 Hec.
1277 2821 1378 2859 458:
1417 2821 1570 2868 „Adue-
