<?xml version="1.0" encoding="UTF-8"?>
<!DOCTYPE html PUBLIC "-//W3C//DTD XHTML 1.0 Transitional//EN"
    "http://www.w3.org/TR/xhtml1/DTD/xhtml1-transitional.dtd">
<html xmlns="http://www.w3.org/1999/xhtml" xml:lang="en" lang="en">
 <head>
  <title>
</title>
<meta http-equiv="Content-Type" content="text/html;charset=utf-8" />
  <meta name='ocr-system' content='tesseract 3.04.00' />
  <meta name='ocr-capabilities' content='ocr_page ocr_carea ocr_par ocr_line ocrx_word'/>
</head>
<body>
  <div class='ocr_page' id='page_1' title='image "./comoediaerecensu04plauuoft_0405.png"; bbox 0 0 1963 3243; ppageno 0'>
   <div class='ocr_carea' id='block_1_1' title="bbox 123 260 1608 307">
    <p class='ocr_par' dir='ltr' id='par_1_1' title="bbox 123 260 1608 307">
     <span class='ocr_line' id='line_1_1' title="bbox 123 260 1608 307; baseline -0.008 -7"><span class='ocrx_word' id='word_1_1' title='bbox 123 265 150 307; x_wconf 89' lang='lat'>1,</span> <span class='ocrx_word' id='word_1_2' title='bbox 178 266 210 307; x_wconf 83' lang='lat'>3,</span> <span class='ocrx_word' id='word_1_3' title='bbox 238 263 413 298; x_wconf 82' lang='lat'>132—141</span> <span class='ocrx_word' id='word_1_4' title='bbox 759 260 969 295; x_wconf 79' lang='lat' dir='ltr'>Pseudolus.</span> <span class='ocrx_word' id='word_1_5' title='bbox 1557 263 1608 301; x_wconf 79' lang='lat'>35</span> 
     </span>
    </p>
   </div>
   <div class='ocr_carea' id='block_1_2' title="bbox 773 385 1607 483">
    <p class='ocr_par' dir='ltr' id='par_1_2' title="bbox 773 385 1607 483">
     <span class='ocr_line' id='line_1_2' title="bbox 773 385 954 427; baseline -0.006 0"><span class='ocrx_word' id='word_1_6' title='bbox 773 386 806 427; x_wconf 80' lang='grc' dir='ltr'>Β</span> <span class='ocrx_word' id='word_1_7' title='bbox 819 401 842 427; x_wconf 78' lang='lat' dir='ltr'>a</span> <span class='ocrx_word' id='word_1_8' title='bbox 856 386 868 427; x_wconf 96' lang='lat' dir='ltr'>l</span> <span class='ocrx_word' id='word_1_9' title='bbox 881 385 892 426; x_wconf 91' lang='lat' dir='ltr'>l</span> <span class='ocrx_word' id='word_1_10' title='bbox 907 386 954 426; x_wconf 92' lang='lat' dir='ltr'>io</span> 
     </span>
     <span class='ocr_line' id='line_1_3' title="bbox 1329 440 1607 483; baseline 0.004 -2"><span class='ocrx_word' id='word_1_11' title='bbox 1329 440 1607 483; x_wconf 73' lang='lat' dir='ltr'>planissume.</span> 
     </span>
    </p>
   </div>
   <div class='ocr_carea' id='block_1_3' title="bbox 120 514 1014 633">
    <p class='ocr_par' dir='ltr' id='par_1_3' title="bbox 120 514 1014 633">
     <span class='ocr_line' id='line_1_4' title="bbox 703 514 1014 556; baseline -0.003 0"><span class='ocrx_word' id='word_1_12' title='bbox 703 514 1014 556; x_wconf 70' lang='lat' dir='ltr'>Pseudolus</span> 
     </span>
     <span class='ocr_line' id='line_1_5' title="bbox 120 589 426 633; baseline -0.01 0"><span class='ocrx_word' id='word_1_13' title='bbox 120 589 426 633; x_wconf 80' lang='lat' dir='ltr'>Fraudulente.</span> 
     </span>
    </p>
   </div>
   <div class='ocr_carea' id='block_1_4' title="bbox 475 673 1009 800">
    <p class='ocr_par' dir='ltr' id='par_1_4' title="bbox 475 673 1009 800">
     <span class='ocr_line' id='line_1_6' title="bbox 722 673 1009 715; baseline -0.003 0"><span class='ocrx_word' id='word_1_14' title='bbox 722 673 1009 715; x_wconf 81' lang='lat' dir='ltr'>Calidorus</span> 
     </span>
     <span class='ocr_line' id='line_1_7' title="bbox 475 746 776 800; baseline -0.007 -12"><span class='ocrx_word' id='word_1_15' title='bbox 475 747 633 800; x_wconf 85' lang='lat' dir='ltr'>Inpure</span> <span class='ocrx_word' id='word_1_16' title='bbox 667 746 776 787; x_wconf 82' lang='lat' dir='ltr'>leno.</span> 
     </span>
    </p>
   </div>
   <div class='ocr_carea' id='block_1_5' title="bbox 713 839 1030 953">
    <p class='ocr_par' dir='ltr' id='par_1_5' title="bbox 713 839 1030 953">
     <span class='ocr_line' id='line_1_8' title="bbox 713 839 1014 882; baseline -0.003 0"><span class='ocrx_word' id='word_1_17' title='bbox 713 839 1014 882; x_wconf 83' lang='lat' dir='ltr'>Pseudolus</span> 
     </span>
     <span class='ocr_line' id='line_1_9' title="bbox 828 910 1030 953; baseline -0.005 0"><span class='ocrx_word' id='word_1_18' title='bbox 828 910 1030 953; x_wconf 81' lang='lat' dir='ltr'>Caenum.</span> 
     </span>
    </p>
   </div>
   <div class='ocr_carea' id='block_1_6' title="bbox 121 1006 1503 1286">
    <p class='ocr_par' dir='ltr' id='par_1_6' title="bbox 121 1006 1503 1286">
     <span class='ocr_line' id='line_1_10' title="bbox 773 1006 954 1048; baseline -0.006 0"><span class='ocrx_word' id='word_1_19' title='bbox 773 1006 954 1048; x_wconf 78' lang='lat' dir='ltr'>Ballio</span> 
     </span>
     <span class='ocr_line' id='line_1_11' title="bbox 1086 1076 1503 1130; baseline -0.005 -11"><span class='ocrx_word' id='word_1_20' title='bbox 1086 1077 1297 1119; x_wconf 83' lang='lat' dir='ltr'>Cantores</span> <span class='ocrx_word' id='word_1_21' title='bbox 1330 1076 1503 1130; x_wconf 88' lang='lat' dir='ltr'>probos.</span> 
     </span>
     <span class='ocr_line' id='line_1_12' title="bbox 721 1158 1012 1200; baseline -0.003 0"><span class='ocrx_word' id='word_1_22' title='bbox 721 1158 752 1200; x_wconf 82' lang='lat' dir='ltr'>C</span> <span class='ocrx_word' id='word_1_23' title='bbox 767 1174 787 1199; x_wconf 72' lang='lat' dir='ltr'>a</span> <span class='ocrx_word' id='word_1_24' title='bbox 802 1158 872 1200; x_wconf 87' lang='lat' dir='ltr'>lid</span> <span class='ocrx_word' id='word_1_25' title='bbox 886 1173 909 1199; x_wconf 94' lang='lat' dir='ltr'>o</span> <span class='ocrx_word' id='word_1_26' title='bbox 922 1172 979 1199; x_wconf 90' lang='lat' dir='ltr'>ru</span> <span class='ocrx_word' id='word_1_27' title='bbox 993 1172 1012 1199; x_wconf 91' lang='lat' dir='ltr'>s</span> 
     </span>
     <span class='ocr_line' id='line_1_13' title="bbox 121 1231 1008 1286; baseline -0.003 -13"><span class='ocrx_word' id='word_1_28' title='bbox 121 1231 418 1274; x_wconf 79' lang='lat' dir='ltr'>Uerberauisti</span> <span class='ocrx_word' id='word_1_29' title='bbox 451 1236 617 1286; x_wconf 84' lang='lat' dir='ltr'>patrem</span> <span class='ocrx_word' id='word_1_30' title='bbox 652 1237 782 1285; x_wconf 84' lang='lat' dir='ltr'>atque</span> <span class='ocrx_word' id='word_1_31' title='bbox 815 1235 1008 1271; x_wconf 78' lang='lat' dir='ltr'>matrem.</span> 
     </span>
    </p>
   </div>
   <div class='ocr_carea' id='block_1_7' title="bbox 120 1325 1583 1524">
    <p class='ocr_par' dir='ltr' id='par_1_7' title="bbox 120 1325 1583 1524">
     <span class='ocr_line' id='line_1_14' title="bbox 784 1325 958 1366; baseline -0.006 0"><span class='ocrx_word' id='word_1_32' title='bbox 784 1325 958 1366; x_wconf 78' lang='lat' dir='ltr'>Ballio</span> 
     </span>
     <span class='ocr_line' id='line_1_15' title="bbox 1070 1394 1583 1448; baseline -0.004 -12"><span class='ocrx_word' id='word_1_33' title='bbox 1070 1396 1210 1448; x_wconf 84' lang='lat' dir='ltr'>Atque</span> <span class='ocrx_word' id='word_1_34' title='bbox 1244 1394 1379 1435; x_wconf 79' lang='lat' dir='ltr'>occidi</span> <span class='ocrx_word' id='word_1_35' title='bbox 1412 1407 1583 1447; x_wconf 82' lang='lat' dir='ltr'>quoque</span> 
     </span>
     <span class='ocr_line' id='line_1_16' title="bbox 120 1465 1576 1524; baseline -0.003 -13"><span class='ocrx_word' id='word_1_36' title='bbox 120 1470 267 1512; x_wconf 82' lang='lat' dir='ltr'>Potius</span> <span class='ocrx_word' id='word_1_37' title='bbox 300 1483 428 1523; x_wconf 84' lang='lat' dir='ltr'>quam</span> <span class='ocrx_word' id='word_1_38' title='bbox 460 1469 600 1511; x_wconf 80' lang='lat' dir='ltr'>eibum</span> <span class='ocrx_word' id='word_1_39' title='bbox 637 1469 957 1524; x_wconf 81' lang='lat' dir='ltr'>praehiberem3</span> <span class='ocrx_word' id='word_1_40' title='bbox 987 1482 1086 1509; x_wconf 90' lang='lat' dir='ltr'>num</span> <span class='ocrx_word' id='word_1_41' title='bbox 1118 1467 1295 1521; x_wconf 84' lang='lat' dir='ltr'>peccaui</span> <span class='ocrx_word' id='word_1_42' title='bbox 1327 1465 1576 1519; x_wconf 73' lang='lat' dir='ltr'>quidpiam?</span> 
     </span>
    </p>
   </div>
   <div class='ocr_carea' id='block_1_8' title="bbox 122 1571 1618 1699">
    <p class='ocr_par' dir='ltr' id='par_1_8' title="bbox 122 1571 1618 1699">
     <span class='ocr_line' id='line_1_17' title="bbox 714 1571 1023 1613; baseline -0.006 0"><span class='ocrx_word' id='word_1_43' title='bbox 714 1571 1023 1613; x_wconf 81' lang='lat' dir='ltr'>Pseudolus</span> 
     </span>
     <span class='ocr_line' id='line_1_18' title="bbox 122 1641 1618 1699; baseline 0.001 -15"><span class='ocrx_word' id='word_1_44' title='bbox 122 1643 168 1685; x_wconf 86' lang='lat' dir='ltr'>In</span> <span class='ocrx_word' id='word_1_45' title='bbox 200 1651 419 1699; x_wconf 78' lang='lat' dir='ltr'>pertusum</span> <span class='ocrx_word' id='word_1_46' title='bbox 454 1645 689 1697; x_wconf 82' lang='lat' dir='ltr'>ingerimus</span> <span class='ocrx_word' id='word_1_47' title='bbox 723 1644 842 1685; x_wconf 77' lang='lat' dir='ltr'>dicta</span> <span class='ocrx_word' id='word_1_48' title='bbox 874 1643 1055 1693; x_wconf 75' lang='lat' dir='ltr'>dolium3</span> <span class='ocrx_word' id='word_1_49' title='bbox 1088 1656 1262 1696; x_wconf 83' lang='lat' dir='ltr'>operam</span> <span class='ocrx_word' id='word_1_50' title='bbox 1294 1641 1495 1682; x_wconf 82' lang='lat' dir='ltr'>ludimus.</span> <span class='ocrx_word' id='word_1_51' title='bbox 1551 1652 1618 1685; x_wconf 78' lang='lat'>370</span> 
     </span>
    </p>
   </div>
   <div class='ocr_carea' id='block_1_9' title="bbox 122 1745 1064 1872">
    <p class='ocr_par' dir='ltr' id='par_1_9' title="bbox 122 1745 1064 1872">
     <span class='ocr_line' id='line_1_19' title="bbox 777 1745 958 1787; baseline -0.006 0"><span class='ocrx_word' id='word_1_52' title='bbox 777 1745 958 1787; x_wconf 80' lang='lat' dir='ltr'>Ballio</span> 
     </span>
     <span class='ocr_line' id='line_1_20' title="bbox 122 1817 1064 1872; baseline -0.001 -13"><span class='ocrx_word' id='word_1_53' title='bbox 122 1817 233 1859; x_wconf 90' lang='lat' dir='ltr'>Num</span> <span class='ocrx_word' id='word_1_54' title='bbox 275 1818 378 1872; x_wconf 85' lang='lat' dir='ltr'>quid</span> <span class='ocrx_word' id='word_1_55' title='bbox 413 1818 529 1860; x_wconf 87' lang='lat' dir='ltr'>aliud</span> <span class='ocrx_word' id='word_1_56' title='bbox 564 1820 696 1859; x_wconf 78' lang='lat' dir='ltr'>etiam</span> <span class='ocrx_word' id='word_1_57' title='bbox 728 1818 862 1859; x_wconf 81' lang='lat' dir='ltr'>uoltis</span> <span class='ocrx_word' id='word_1_58' title='bbox 895 1818 1064 1859; x_wconf 81' lang='lat' dir='ltr'>dicere?</span> 
     </span>
    </p>
   </div>
   <div class='ocr_carea' id='block_1_10' title="bbox 122 1912 1616 2477">
    <p class='ocr_par' dir='ltr' id='par_1_10' title="bbox 728 1912 1564 2105">
     <span class='ocr_line' id='line_1_21' title="bbox 728 1912 1014 1954; baseline -0.007 1"><span class='ocrx_word' id='word_1_59' title='bbox 728 1912 1014 1954; x_wconf 72' lang='lat' dir='ltr'>Calidorus</span> 
     </span>
     <span class='ocr_line' id='line_1_22' title="bbox 1128 1981 1564 2036; baseline -0.007 -12"><span class='ocrx_word' id='word_1_60' title='bbox 1128 1982 1297 2036; x_wconf 84' lang='lat' dir='ltr'>Ecquid</span> <span class='ocrx_word' id='word_1_61' title='bbox 1329 1988 1370 2023; x_wconf 87' lang='lat' dir='ltr'>te</span> <span class='ocrx_word' id='word_1_62' title='bbox 1403 1981 1564 2035; x_wconf 73' lang='lat' dir='ltr'>pudet?</span> 
     </span>
     <span class='ocr_line' id='line_1_23' title="bbox 782 2064 960 2105; baseline 0 0"><span class='ocrx_word' id='word_1_63' title='bbox 782 2064 960 2105; x_wconf 85' lang='lat' dir='ltr'>Ballio</span> 
     </span>
    </p>

    <p class='ocr_par' dir='ltr' id='par_1_11' title="bbox 122 2133 1616 2477">
     <span class='ocr_line' id='line_1_24' title="bbox 124 2133 1615 2189; baseline -0.002 -13"><span class='ocrx_word' id='word_1_64' title='bbox 124 2134 236 2177; x_wconf 79' lang='lat' dir='ltr'>Tene</span> <span class='ocrx_word' id='word_1_65' title='bbox 264 2140 501 2177; x_wconf 84' lang='lat' dir='ltr'>amatorem</span> <span class='ocrx_word' id='word_1_66' title='bbox 528 2149 621 2177; x_wconf 81' lang='lat' dir='ltr'>esse</span> <span class='ocrx_word' id='word_1_67' title='bbox 647 2137 868 2177; x_wconf 80' lang='lat' dir='ltr'>inuentum</span> <span class='ocrx_word' id='word_1_68' title='bbox 896 2137 1064 2177; x_wconf 71' lang='lat' dir='ltr'>inanem</span> <span class='ocrx_word' id='word_1_69' title='bbox 1091 2135 1216 2189; x_wconf 83' lang='lat' dir='ltr'>quasi</span> <span class='ocrx_word' id='word_1_70' title='bbox 1241 2147 1408 2175; x_wconf 81' lang='lat' dir='ltr'>cassam</span> <span class='ocrx_word' id='word_1_71' title='bbox 1433 2133 1615 2174; x_wconf 81' lang='lat' dir='ltr'>nucem‘?</span> 
     </span>
     <span class='ocr_line' id='line_1_25' title="bbox 122 2205 1536 2262; baseline -0.003 -13"><span class='ocrx_word' id='word_1_72' title='bbox 122 2207 281 2250; x_wconf 86' lang='lat' dir='ltr'>Uerum</span> <span class='ocrx_word' id='word_1_73' title='bbox 315 2220 578 2262; x_wconf 81' lang='lat' dir='ltr'>quamquam</span> <span class='ocrx_word' id='word_1_74' title='bbox 611 2207 748 2249; x_wconf 80' lang='lat' dir='ltr'>multa</span> <span class='ocrx_word' id='word_1_75' title='bbox 781 2208 983 2261; x_wconf 84' lang='lat' dir='ltr'>malaque</span> <span class='ocrx_word' id='word_1_76' title='bbox 1016 2208 1058 2248; x_wconf 85' lang='lat' dir='ltr'>in</span> <span class='ocrx_word' id='word_1_77' title='bbox 1091 2220 1158 2247; x_wconf 88' lang='lat' dir='ltr'>me</span> <span class='ocrx_word' id='word_1_78' title='bbox 1192 2206 1361 2247; x_wconf 82' lang='lat' dir='ltr'>dixistis</span> <span class='ocrx_word' id='word_1_79' title='bbox 1393 2205 1536 2258; x_wconf 78' lang='lat' dir='ltr'>impia,</span> 
     </span>
     <span class='ocr_line' id='line_1_26' title="bbox 123 2277 1612 2333; baseline -0.002 -13"><span class='ocrx_word' id='word_1_80' title='bbox 123 2278 216 2321; x_wconf 85' lang='lat' dir='ltr'>Nisi</span> <span class='ocrx_word' id='word_1_81' title='bbox 248 2279 351 2320; x_wconf 88' lang='lat' dir='ltr'>mihi</span> <span class='ocrx_word' id='word_1_82' title='bbox 382 2279 466 2321; x_wconf 87' lang='lat' dir='ltr'>huc</span> <span class='ocrx_word' id='word_1_83' title='bbox 497 2279 707 2321; x_wconf 79' lang='lat' dir='ltr'>adtulerit</span> <span class='ocrx_word' id='word_1_84' title='bbox 738 2279 861 2321; x_wconf 88' lang='lat' dir='ltr'>miles</span> <span class='ocrx_word' id='word_1_85' title='bbox 894 2280 1085 2333; x_wconf 86' lang='lat' dir='ltr'>quinque</span> <span class='ocrx_word' id='word_1_86' title='bbox 1117 2292 1228 2332; x_wconf 83' lang='lat' dir='ltr'>quas</span> <span class='ocrx_word' id='word_1_87' title='bbox 1254 2277 1383 2318; x_wconf 78' lang='lat' dir='ltr'>debet</span> <span class='ocrx_word' id='word_1_88' title='bbox 1407 2278 1545 2318; x_wconf 87' lang='lat' dir='ltr'>minas</span> <span class='ocrx_word' id='word_1_89' title='bbox 1565 2299 1612 2304; x_wconf 92' lang='lat'>—</span> 
     </span>
     <span class='ocr_line' id='line_1_27' title="bbox 125 2349 1616 2406; baseline -0.001 -13"><span class='ocrx_word' id='word_1_90' title='bbox 125 2350 243 2393; x_wconf 83' lang='lat' dir='ltr'>Sicut</span> <span class='ocrx_word' id='word_1_91' title='bbox 272 2351 381 2393; x_wconf 85' lang='lat' dir='ltr'>haec</span> <span class='ocrx_word' id='word_1_92' title='bbox 413 2357 477 2393; x_wconf 80' lang='lat' dir='ltr'>est</span> <span class='ocrx_word' id='word_1_93' title='bbox 508 2352 771 2406; x_wconf 79' lang='lat' dir='ltr'>praestituta</span> <span class='ocrx_word' id='word_1_94' title='bbox 803 2365 970 2392; x_wconf 86' lang='lat' dir='ltr'>summa</span> <span class='ocrx_word' id='word_1_95' title='bbox 1002 2352 1040 2392; x_wconf 89' lang='lat' dir='ltr'>ei</span> <span class='ocrx_word' id='word_1_96' title='bbox 1075 2355 1255 2404; x_wconf 83' lang='lat' dir='ltr'>argento</span> <span class='ocrx_word' id='word_1_97' title='bbox 1289 2349 1380 2390; x_wconf 87' lang='lat' dir='ltr'>dies</span> <span class='ocrx_word' id='word_1_98' title='bbox 1410 2371 1466 2376; x_wconf 88' lang='grc'>-</span> <span class='ocrx_word' id='word_1_99' title='bbox 1551 2359 1616 2393; x_wconf 82' lang='grc'>375</span> 
     </span>
     <span class='ocr_line' id='line_1_28' title="bbox 125 2409 1572 2477; baseline -0.003 -12"><span class='ocrx_word' id='word_1_100' title='bbox 125 2422 167 2465; x_wconf 88' lang='lat' dir='ltr'>Si</span> <span class='ocrx_word' id='word_1_101' title='bbox 197 2423 242 2465; x_wconf 89' lang='lat' dir='ltr'>id</span> <span class='ocrx_word' id='word_1_102' title='bbox 272 2438 357 2466; x_wconf 88' lang='lat' dir='ltr'>non</span> <span class='ocrx_word' id='word_1_103' title='bbox 388 2422 542 2472; x_wconf 79' lang='lat' dir='ltr'>adfert,</span> <span class='ocrx_word' id='word_1_104' title='bbox 576 2437 704 2477; x_wconf 91' lang='lat' dir='ltr'>posse</span> <span class='ocrx_word' id='word_1_105' title='bbox 738 2423 894 2477; x_wconf 86' lang='lat' dir='ltr'>opinor</span> <span class='ocrx_word' id='word_1_106' title='bbox 924 2423 1067 2464; x_wconf 86' lang='lat' dir='ltr'>facere</span> <span class='ocrx_word' id='word_1_107' title='bbox 1100 2435 1165 2462; x_wconf 91' lang='lat' dir='ltr'>me</span> <span class='ocrx_word' id='word_1_108' title='bbox 1199 2409 1387 2461; x_wconf 86' lang='lat' dir='ltr'>officium</span> <span class='ocrx_word' id='word_1_109' title='bbox 1418 2433 1572 2461; x_wconf 88' lang='lat' dir='ltr'>meum.</span> 
     </span>
    </p>
   </div>
   <div class='ocr_carea' id='block_1_11' title="bbox 279 2519 420 2523">
    <p class='ocr_par' dir='ltr' id='par_1_12' title="bbox 279 2519 420 2523">
     <span class='ocr_line' id='line_1_29' title="bbox 279 2519 420 2523; baseline 0 0"><span class='ocrx_word' id='word_1_110' title='bbox 279 2519 420 2523; x_wconf 95' lang='lat' dir='ltr'> </span> 
     </span>
    </p>
   </div>
   <div class='ocr_carea' id='block_1_12' title="bbox 124 2557 1620 2663">
    <p class='ocr_par' dir='ltr' id='par_1_13' title="bbox 124 2557 1620 2663">
     <span class='ocr_line' id='line_1_30' title="bbox 215 2557 1616 2604; baseline -0.004 -8"><span class='ocrx_word' id='word_1_111' title='bbox 215 2562 281 2596; x_wconf 83' lang='grc'><strong>367</strong></span> <span class='ocrx_word' id='word_1_112' title='bbox 308 2562 542 2596; x_wconf 69' lang='lat' dir='ltr'>fraudalente</span> <span class='ocrx_word' id='word_1_113' title='bbox 570 2562 597 2595; x_wconf 76' lang='lat' dir='ltr'><em>C</em></span> <span class='ocrx_word' id='word_1_114' title='bbox 642 2599 645 2602; x_wconf 54' lang='grc'>,</span> <span class='ocrx_word' id='word_1_115' title='bbox 679 2561 716 2596; x_wconf 80' lang='lat' dir='ltr'>C.</span> <span class='ocrx_word' id='word_1_116' title='bbox 746 2573 874 2595; x_wconf 81' lang='lat' dir='ltr'>cenum</span> <span class='ocrx_word' id='word_1_117' title='bbox 902 2561 970 2596; x_wconf 79' lang='lat' dir='ltr'>BC</span> <span class='ocrx_word' id='word_1_118' title='bbox 1048 2561 1113 2595; x_wconf 80' lang='lat'>369</span> <span class='ocrx_word' id='word_1_119' title='bbox 1138 2559 1330 2604; x_wconf 79' lang='lat' dir='ltr'>prehibere</span> <span class='ocrx_word' id='word_1_120' title='bbox 1356 2557 1392 2592; x_wconf 88' lang='lat' dir='ltr'><strong><em>B</em></strong></span> <span class='ocrx_word' id='word_1_121' title='bbox 1471 2558 1537 2592; x_wconf 90' lang='grc'><strong>370</strong></span> <span class='ocrx_word' id='word_1_122' title='bbox 1562 2558 1616 2591; x_wconf 90' lang='lat' dir='ltr'>in-</span> 
     </span>
     <span class='ocr_line' id='line_1_31' title="bbox 124 2613 1620 2663; baseline -0.003 -11"><span class='ocrx_word' id='word_1_123' title='bbox 124 2623 254 2663; x_wconf 80' lang='lat' dir='ltr'>pertus</span> <span class='ocrx_word' id='word_1_124' title='bbox 280 2630 360 2653; x_wconf 81' lang='lat' dir='ltr'>sum</span> <span class='ocrx_word' id='word_1_125' title='bbox 439 2619 663 2663; x_wconf 69' lang='lat' dir='ltr'>inger-rimus</span> <span class='ocrx_word' id='word_1_126' title='bbox 691 2618 720 2652; x_wconf 78' lang='lat' dir='ltr'><strong><em>C</em></strong></span> <span class='ocrx_word' id='word_1_127' title='bbox 810 2619 922 2652; x_wconf 81' lang='lat' dir='ltr'>docta</span> <span class='ocrx_word' id='word_1_128' title='bbox 947 2617 983 2652; x_wconf 90' lang='grc' dir='ltr'><em>Β</em></span> <span class='ocrx_word' id='word_1_129' title='bbox 1076 2619 1140 2651; x_wconf 97' lang='grc'><strong>371</strong></span> <span class='ocrx_word' id='word_1_130' title='bbox 1168 2615 1274 2650; x_wconf 82' lang='lat' dir='ltr'>Nunc</span> <span class='ocrx_word' id='word_1_131' title='bbox 1301 2614 1388 2659; x_wconf 87' lang='lat' dir='ltr'>quid</span> <span class='ocrx_word' id='word_1_132' title='bbox 1416 2615 1527 2648; x_wconf 83' lang='lat' dir='ltr'>alium</span> <span class='ocrx_word' id='word_1_133' title='bbox 1553 2613 1620 2649; x_wconf 82' lang='lat' dir='ltr'>BC</span> 
     </span>
    </p>
   </div>
   <div class='ocr_carea' id='block_1_13' title="bbox 126 2670 1618 2831">
    <p class='ocr_par' dir='ltr' id='par_1_14' title="bbox 126 2670 1618 2831">
     <span class='ocr_line' id='line_1_32' title="bbox 214 2670 1618 2719; baseline -0.004 -10"><span class='ocrx_word' id='word_1_134' title='bbox 214 2675 313 2710; x_wconf 85' lang='lat' dir='ltr'>Haeo</span> <span class='ocrx_word' id='word_1_135' title='bbox 335 2700 342 2708; x_wconf 91' lang='lat'><strong>.</strong></span> <span class='ocrx_word' id='word_1_136' title='bbox 363 2702 369 2708; x_wconf 92' lang='lat'><em>.</em></span> <span class='ocrx_word' id='word_1_137' title='bbox 391 2675 426 2709; x_wconf 88' lang='lat' dir='ltr'>id</span> <span class='ocrx_word' id='word_1_138' title='bbox 454 2677 498 2718; x_wconf 81' lang='lat' dir='ltr'>A,</span> <span class='ocrx_word' id='word_1_139' title='bbox 524 2676 627 2719; x_wconf 84' lang='lat' dir='ltr'>ecqui</span> <span class='ocrx_word' id='word_1_140' title='bbox 653 2674 719 2709; x_wconf 84' lang='lat' dir='ltr'>BC</span> <span class='ocrx_word' id='word_1_141' title='bbox 828 2676 893 2708; x_wconf 82' lang='grc'><strong>372</strong></span> <span class='ocrx_word' id='word_1_142' title='bbox 918 2674 994 2709; x_wconf 85' lang='lat' dir='ltr'>Ten</span> <span class='ocrx_word' id='word_1_143' title='bbox 1022 2675 1065 2716; x_wconf 79' lang='lat' dir='ltr'>A,</span> <span class='ocrx_word' id='word_1_144' title='bbox 1093 2673 1145 2707; x_wconf 86' lang='lat' dir='ltr'>Te</span> <span class='ocrx_word' id='word_1_145' title='bbox 1170 2673 1235 2706; x_wconf 80' lang='lat' dir='ltr'>BC</span> <span class='ocrx_word' id='word_1_146' title='bbox 1360 2673 1425 2706; x_wconf 88' lang='grc'>373</span> <span class='ocrx_word' id='word_1_147' title='bbox 1452 2670 1525 2705; x_wconf 88' lang='lat' dir='ltr'>Sed</span> <span class='ocrx_word' id='word_1_148' title='bbox 1548 2670 1618 2705; x_wconf 87' lang='lat' dir='ltr'>BC</span> 
     </span>
     <span class='ocr_line' id='line_1_33' title="bbox 215 2728 1617 2767; baseline -0.004 -1"><span class='ocrx_word' id='word_1_149' title='bbox 215 2733 315 2767; x_wconf 81' lang='lat' dir='ltr'>diota</span> <span class='ocrx_word' id='word_1_150' title='bbox 339 2732 485 2766; x_wconf 81' lang='lat' dir='ltr'>dixistis</span> <span class='ocrx_word' id='word_1_151' title='bbox 603 2732 691 2765; x_wconf 85' lang='lat' dir='ltr'>mihi</span> <span class='ocrx_word' id='word_1_152' title='bbox 718 2731 786 2766; x_wconf 79' lang='lat' dir='ltr'>BC</span> <span class='ocrx_word' id='word_1_153' title='bbox 887 2732 952 2765; x_wconf 77' lang='lat'>374</span> <span class='ocrx_word' id='word_1_154' title='bbox 978 2731 1049 2765; x_wconf 88' lang='lat' dir='ltr'>huc</span> <span class='ocrx_word' id='word_1_155' title='bbox 1076 2741 1140 2765; x_wconf 82' lang='lat' dir='ltr'>om.</span> <span class='ocrx_word' id='word_1_156' title='bbox 1167 2729 1236 2764; x_wconf 81' lang='lat' dir='ltr'>BC</span> <span class='ocrx_word' id='word_1_157' title='bbox 1336 2728 1444 2762; x_wconf 74' lang='lat' dir='ltr'>mites</span> <span class='ocrx_word' id='word_1_158' title='bbox 1550 2728 1617 2761; x_wconf 86' lang='grc'><strong>375</strong></span> 
     </span>
     <span class='ocr_line' id='line_1_34' title="bbox 126 2784 1616 2831; baseline -0.004 -8"><span class='ocrx_word' id='word_1_159' title='bbox 126 2800 267 2823; x_wconf 77' lang='lat' dir='ltr'>summa</span> <span class='ocrx_word' id='word_1_160' title='bbox 284 2790 317 2822; x_wconf 93' lang='lat' dir='ltr'>.i</span> <span class='ocrx_word' id='word_1_161' title='bbox 343 2788 387 2823; x_wconf 77' lang='lat' dir='ltr'>A.</span> <span class='ocrx_word' id='word_1_162' title='bbox 414 2800 566 2823; x_wconf 83' lang='lat' dir='ltr'>summae</span> <span class='ocrx_word' id='word_1_163' title='bbox 594 2788 639 2831; x_wconf 92' lang='lat' dir='ltr'>B,</span> <span class='ocrx_word' id='word_1_164' title='bbox 666 2799 806 2822; x_wconf 83' lang='lat' dir='ltr'>summe</span> <span class='ocrx_word' id='word_1_165' title='bbox 836 2787 864 2822; x_wconf 83' lang='lat' dir='ltr'><strong><em>C</em></strong></span> <span class='ocrx_word' id='word_1_166' title='bbox 983 2788 1049 2821; x_wconf 85' lang='grc'><strong>376</strong></span> <span class='ocrx_word' id='word_1_167' title='bbox 1074 2788 1102 2820; x_wconf 70' lang='lat' dir='ltr'>is</span> <span class='ocrx_word' id='word_1_168' title='bbox 1129 2798 1202 2820; x_wconf 78' lang='lat' dir='ltr'>nou</span> <span class='ocrx_word' id='word_1_169' title='bbox 1231 2785 1348 2820; x_wconf 68' lang='lat' dir='ltr'>aderit</span> <span class='ocrx_word' id='word_1_170' title='bbox 1373 2784 1440 2818; x_wconf 87' lang='lat' dir='ltr'>BC</span> <span class='ocrx_word' id='word_1_171' title='bbox 1558 2795 1616 2817; x_wconf 79' lang='lat' dir='ltr'>me</span> 
     </span>
    </p>
   </div>
   <div class='ocr_carea' id='block_1_14' title="bbox 125 2844 1343 2947">
    <p class='ocr_par' dir='ltr' id='par_1_15' title="bbox 125 2844 1343 2947">
     <span class='ocr_line' id='line_1_35' title="bbox 125 2844 284 2880; baseline 0.006 -1"><span class='ocrx_word' id='word_1_172' title='bbox 125 2855 191 2879; x_wconf 89' lang='lat' dir='ltr'>om.</span> <span class='ocrx_word' id='word_1_173' title='bbox 216 2844 284 2880; x_wconf 85' lang='lat' dir='ltr'>BC</span> 
     </span>
     <span class='ocr_line' id='line_1_36' title="bbox 1302 2913 1343 2947; baseline 0 -15"><span class='ocrx_word' id='word_1_174' title='bbox 1302 2913 1343 2947; x_wconf 83' lang='lat'>3*</span> 
     </span>
    </p>
   </div>
  </div>
 </body>
</html>
