1963 3243
316 181 394 219 142
987 181 1105 214 Plauti
1520 179 1548 220 Ι,
1573 181 1604 223 2,
1628 181 1762 215 48—55

909 305 1174 347 Charinus

312 374 574 417 Dormientis
605 380 873 431 spectatores
906 378 1063 419 metuis
1095 392 1146 418 ne
1179 391 1229 418 ex
1262 390 1410 419 somno
1443 377 1655 418 excitem?

908 501 1172 543 Acanthio

313 571 402 613 Uae
437 573 536 614 tibi!
570 573 666 613 Tibi
699 572 897 627 equidem
932 586 958 613 a
989 578 1120 626 portu
1152 574 1334 626 adporto
1367 574 1461 613 hoc.

907 696 938 738 C
950 697 975 737 h
987 699 1102 738 arin
1115 712 1143 738 u
1155 711 1173 738 s

1157 768 1269 818 Quid
1302 768 1416 810 fers?
1448 768 1516 809 dio
1548 768 1663 809 mihi.
1698 781 1762 814 160

906 893 1172 935 Acanthio

311 965 420 1016 Uim,
452 969 626 1016 metum,
659 967 912 1017 cruciatum,
937 979 1083 1007 curam
1106 966 1377 1019 iurgiumque
1403 968 1534 1019 atque
1557 966 1759 1019 inopiam.

906 1090 1172 1132 Charinus

309 1161 438 1212 Perii,
469 1166 517 1203 tu
549 1163 722 1215 quidem
754 1163 1007 1205 thesaurum
1038 1162 1121 1204 huc
1152 1162 1256 1203 mihi
1289 1162 1580 1215 adportauisti
1611 1161 1724 1204 mali.

310 1233 464 1274 Nullus
496 1248 603 1275 sum.

907 1313 1171 1355 Acanthio

637 1385 772 1428 Immo
804 1400 849 1427 es
883 1408 931 1414 —

898 1514 929 1556 C
942 1514 969 1555 h
982 1528 1007 1555 a
1019 1515 1099 1555 rin
1109 1529 1138 1556 u
1152 1529 1171 1555 S

851 1586 948 1628 Scio
980 1587 1078 1638 iam,
1110 1588 1312 1628 miserum
1344 1586 1473 1628 dices.

903 1711 1170 1754 Acanthio

1255 1785 1318 1825 Tu
1351 1784 1477 1836 dixti3
1512 1798 1589 1837 ego
1621 1788 1759 1826 taceo.
1787 1823 1794 1826 ,

907 1883 1024 1953 Cha⁴
1050 1911 1172 1952 rinus

308 1985 417 2035 Quid
449 1986 562 2026 istuc
593 1988 660 2027 est
691 1985 823 2026 mali?

903 2110 938 2150 A
949 2123 971 2151 c
983 2125 1008 2152 a
1018 2125 1043 2151 n
1055 2115 1073 2152 t
1082 2108 1168 2152 hio

837 2181 899 2224 Ne
931 2183 1091 2236 rogites
1103 2199 1111 2234 ;
1144 2195 1389 2224 maxumum
1420 2181 1756 2224 infortuniumst.

903 2306 1169 2350 Charinus

307 2379 511 2429 Obsecro,
544 2380 734 2422 dissolue
765 2381 851 2421 iam
883 2394 968 2431 me;
1000 2382 1125 2422 nimis
1159 2380 1231 2422 diu
1264 2380 1395 2422 animi
1427 2378 1606 2434 pendeo.
1694 2390 1756 2424 165

901 2505 1168 2548 Acanthio

305 2577 494 2628 Placide3
531 2577 664 2618 multa
689 2578 916 2631 exquirere
942 2578 1070 2618 etiam
1096 2579 1214 2631 prius
1240 2578 1350 2627 uolo,
1384 2591 1512 2631 quam
1539 2576 1752 2631 uapulem.

399 2736 462 2769 159
488 2736 625 2770 excites
734 2737 797 2770 160
822 2735 867 2769 ad
894 2739 1004 2779 portu
1029 2735 1064 2769 B
1168 2737 1230 2769 162
1257 2735 1337 2769 Peri
1362 2734 1407 2777 B,
1434 2735 1502 2769 Per
1528 2734 1557 2770 0
1656 2735 1754 2770 hunc

307 2793 334 2826 C
428 2795 491 2825 1653
516 2793 591 2826 dixi
618 2793 642 2836 ,ἐς
667 2797 767 2827 taces
794 2792 840 2834 B,
865 2793 959 2826 dixti
985 2803 1053 2834 ego
1079 2798 1182 2826 taceo
1210 2793 1238 2826 (J
1332 2794 1394 2826 165
1419 2793 1537 2827 iamne
1562 2793 1596 2827 B
