1963 3243
153 230 218 273 ΙΙΙ,
244 231 275 273 8,
300 228 456 271 ’ro-IV,
485 230 514 271 1,
546 231 581 262 ll
714 227 820 262 Miles
846 228 1044 271 gloriosus.
1557 227 1607 266 77

155 357 211 400 Ut.
235 356 442 398 adcurate
471 360 512 396 et
537 354 759 396 commode
786 353 866 394 hoc
891 352 1005 407 quod
1031 351 1291 401 agundumst
1309 365 1608 405 exsequamur,

153 429 216 472 Ne
248 429 366 483 quid.
400 427 471 469 ubi
504 426 626 468 miles
658 427 839 471 uenerit.
873 424 1097 467 titubetur.

668 551 1097 592 Acroteleutium

1134 622 1198 663 Tu
1225 636 1407 663 morare.

191 921 678 966 PYRGOPOLINICES
711 920 896 963 MILES.
959 918 1312 961 PALAESTRIO
1346 918 1575 961 SERUOS.

655 1036 1108 1101 Pyrgopolinices

158 1123 298 1176 Uolup
316 1128 381 1164 est
398 1121 512 1177 quod
531 1134 634 1173 agas
659 1122 694 1162 si
722 1120 767 1161 id
792 1119 988 1173 procedit
1012 1118 1154 1172 lepide
1179 1123 1304 1170 atque
1319 1131 1369 1159 ex
1386 1119 1614 1160 sententia.

156 1195 266 1237 Nam
284 1208 362 1247 ego
381 1194 508 1235 hodie
527 1193 582 1235 ad
599 1193 826 1235 Seleucum
845 1206 988 1245 regem
1007 1192 1102 1233 misi
1121 1192 1360 1244 parasitum
1382 1205 1533 1241 meum,
1549 1202 1616 1235 945

160 1268 215 1310 Ut
246 1268 437 1309 latrones
469 1280 578 1320 quos
612 1265 798 1307 conduxi
831 1265 929 1306 hinc
961 1264 1016 1305 ad
1050 1263 1277 1305 Seleucum
1312 1263 1500 1314 duceret,

160 1339 240 1390 Qui
272 1341 364 1383 eius
396 1353 574 1392 regnum
607 1344 864 1385 tutarentur,
895 1336 1000 1378 mihi
1033 1335 1132 1377 dum
1164 1335 1286 1377 fieret
1318 1337 1465 1377 otium.

730 1463 1043 1504 Palaestrio

159 1539 268 1590 Quin
300 1543 347 1580 tu
378 1542 496 1579 tuam
527 1550 618 1578 rem
651 1549 756 1578 cura
787 1536 931 1590 potius
963 1548 1092 1588 quam
1125 1534 1303 1583 Seleuci,
1337 1547 1448 1588 quae
1479 1533 1560 1575 tibi

159 1610 361 1653 Condicio
393 1622 508 1651 noua
539 1613 583 1651 et
612 1608 835 1650 luculenta
864 1607 1004 1650 fertur
1036 1621 1113 1660 per
1142 1621 1209 1648 me
1241 1607 1533 1660 interpretem.

666 1734 1113 1788 Pyrgopolinices

160 1811 293 1853 Immo
319 1810 457 1851 omnis
481 1822 552 1849 res
579 1808 844 1862 posteriores
870 1820 980 1860 pono
1006 1811 1138 1860 atque
1162 1819 1338 1859 operam
1358 1805 1412 1847 do
1429 1805 1520 1846 tibi.
1553 1816 1620 1849 950

164 1883 381 1937 Loquere3
413 1882 531 1923 auris
563 1894 681 1922 meas
714 1879 911 1934 profecto
944 1879 1055 1920 dedo
1087 1880 1130 1919 in
1165 1879 1379 1920 dicionem
1412 1882 1545 1918 tuam.

735 2006 1046 2047 Palaestrio

164 2078 454 2133 Circumspice
488 2079 599 2130 dum,
632 2093 685 2120 ne
718 2079 813 2133 quis
846 2083 994 2119 nostro
1027 2078 1095 2118 hic
1120 2090 1280 2130 auceps
1309 2077 1494 2118 sermoni
1522 2077 1619 2127 siet3

164 2152 272 2194 Nam
306 2151 388 2193 hoc
421 2153 563 2205 negoti
595 2151 863 2193 clandestino
894 2156 942 2192 ut
973 2164 1143 2204 agerem
1175 2148 1472 2191 mandatumst
1502 2149 1619 2190 mihi.

668 2276 1117 2331 Pyrgopolinices

166 2334 300 2376 Nemo
331 2334 468 2377 adest.

257 2519 323 2552 942
346 2516 582 2562 postponitur
604 2518 770 2560 proximo
864 2520 1058 2550 accurrate
1152 2515 1223 2548 huc
1326 2513 1471 2559 agendfi
1495 2513 1531 2548 B

167 2576 232 2610 943
258 2574 394 2619 Nequit
420 2574 449 2609 C'
539 2574 635 2607 milis
663 2572 691 2607 C
789 2579 934 2608 morare
960 2571 989 2608 Ο
1078 2570 1469 2606 PIRGOPOLINICIS
1496 2571 1532 2606 B

166 2634 233 2666 944
256 2631 436 2675 Uoluptas
462 2630 498 2666 B
590 2636 628 2664 at
654 2631 838 2664 sententia
932 2631 998 2664 945
1023 2629 1111 2663 hodi
1138 2628 1165 2663 C
1205 2638 1208 2642 ’
1256 2629 1471 2663 seleuticum
1497 2627 1533 2663 Β

167 2690 234 2723 946
259 2689 472 2723 seleuticum
500 2687 536 2722 Β
630 2689 767 2722 ducere
860 2689 926 2721 947
952 2686 1027 2730 Que
1053 2685 1100 2729 Β,
1129 2685 1226 2728 Quae
1254 2685 1282 2720 C
1372 2697 1530 2729 regnum
1557 2697 1622 2721 om.

168 2745 204 2780 Β
284 2747 351 2780 948
376 2745 471 2790 Quin
498 2751 598 2779 tuam
624 2744 670 2781 Β,
698 2744 792 2789 Quin
818 2748 899 2778 tuta
924 2757 1008 2778 uam
1035 2743 1063 2778 C
1154 2743 1320 2787 seleutiq'
1344 2742 1390 2785 B,
1417 2743 1622 2786 seleuticiq’

171 2801 200 2838 0
287 2804 354 2837 950
378 2803 596 2848 posterioris
622 2802 650 2836 0
739 2802 802 2835 951
830 2801 930 2836 duris
957 2801 984 2836 C
1070 2800 1157 2835 dido
1251 2801 1316 2834 952
1342 2799 1623 2843 Circumspicito

169 2870 252 2894 cum
347 2861 396 2894 sit
487 2861 553 2894 953
581 2859 802 2893 clandestino
831 2857 860 2893 Ο
949 2869 1059 2901 agere
1086 2857 1283 2892 mandatus
