1963 3243
676 1078 1113 1132 PROLOGUS.

155 1217 364 1260 Achillem
396 1216 636 1260 Aristarchi
668 1217 771 1259 mihi
804 1216 1241 1269 conmentari*lubet;

151 1289 258 1331 Inde
289 1289 392 1331 mihi
425 1289 684 1343 principium
716 1290 884 1343 capiam
915 1303 966 1331 ex
998 1302 1049 1330 ea
1079 1289 1317 1343 tragoedia.

159 1360 404 1416 „Sileteque
437 1365 480 1403 et
509 1365 651 1403 tacete
685 1366 816 1416 atque
848 1361 1040 1402 animum
1073 1361 1312 1413 aduortite3

154 1433 315 1475 Audire
346 1432 469 1475 iubet
499 1447 578 1475 uos
609 1433 854 1487 inperator“
889 1431 1105 1474 histricus.

154 1504 361 1558 Bonoque
391 1510 440 1547 ut
471 1506 614 1547 animo
646 1504 824 1547 sedeant
854 1505 896 1546 in
929 1504 1146 1547 subselliis
1623 1517 1647 1551 5

151 1576 208 1619 Et
238 1578 315 1631 qui
347 1578 585 1619 esurientes
618 1582 660 1618 et
691 1577 764 1631 qui
795 1577 934 1618 saturi
965 1577 1165 1618 uenerint
1206 1601 1253 1606 —

153 1647 233 1699 Qui
265 1649 431 1701 edistis,
464 1649 599 1691 multo
631 1648 793 1691 fecistis
827 1649 1082 1702 sapientiu83

151 1722 232 1773 Qui
263 1735 347 1763 non
382 1721 546 1771 edistis,
580 1721 716 1763 saturi
746 1720 820 1763 fite
851 1720 1029 1772 fabulis;

151 1793 259 1836 Nam
294 1794 396 1848 quoi
429 1798 630 1847 paratum
662 1798 738 1844 est,
771 1793 886 1847 quod
918 1793 1019 1843 edit,
1051 1797 1203 1834 nostra
1237 1793 1378 1846 gratia

152 1865 294 1907 Nimia
327 1871 392 1908 est
423 1865 610 1908 stultitia
641 1879 806 1907 sessum
837 1866 1090 1919 inpransum
1121 1864 1320 1906 incedere
1356 1888 1404 1894 —-
1603 1877 1649 1910 10

152 1938 357 1991 Exsurge,
391 1951 559 1991 praeco,
598 1937 666 1979 fac
698 1937 860 1992 populo
893 1937 1178 1989 audientiam3

153 2009 242 2052 Iam
277 2009 438 2052 dudum
471 2014 688 2064 exspecto,
722 2010 757 2051 si
789 2014 911 2050 tuum
944 2008 1132 2050 officium
1163 2010 1283 2050 scias.

153 2082 314 2124 Exerce
345 2095 507 2133 uocem,
541 2095 669 2135 quam
701 2094 777 2135 per
808 2081 922 2123 uiuis
955 2086 997 2122 et
1028 2080 1146 2132 cluis,

153 2154 261 2197 Nam
293 2155 374 2196 nisi
406 2153 626 2205 clamabis,
658 2154 842 2195 tacitum
874 2158 916 2194 te
949 2153 1130 2207 obrepet
1160 2152 1309 2194 fames.

152 2228 241 2281 Age
272 2239 385 2268 nunc
417 2225 571 2277 reside,
603 2225 818 2280 duplicem
849 2230 897 2267 ut
928 2224 1168 2266 mercedem
1202 2224 1326 2266 feras.
1601 2235 1643 2268 15

154 2299 321 2341 Bonum
351 2297 514 2341 factum
547 2311 660 2351 ergo,
694 2297 835 2338 edicta
865 2301 914 2338 ut
946 2297 1131 2338 seruetis
1162 2309 1275 2337 mea:

152 2370 352 2413 Scortum
384 2370 601 2412 exoletum
631 2383 683 2411 ne
717 2368 831 2423 quod
863 2369 906 2410 in
938 2369 1162 2422 proscenio
1227 2409 1230 2412 .

154 2442 322 2493 Sedeat,
355 2456 438 2484 neu
470 2441 596 2483 lictor
626 2440 807 2482 uerbum
841 2445 917 2481 aut
948 2441 1093 2494 uirgae
1126 2441 1346 2489 mutuant,

154 2514 248 2556 Neu
281 2514 546 2568 dissignator
579 2519 751 2567 praeter
783 2526 830 2554 os
863 2511 1113 2554 obambulet

242 2652 264 2684 4
287 2649 391 2684 lubet
417 2648 452 2683 Β
533 2647 720 2692 hystricus
803 2649 823 2681 5
848 2646 998 2682 sedeate
1085 2649 1106 2682 6
1134 2647 1340 2691 esuplentes
1423 2648 1443 2679 7
1469 2645 1577 2680 edisti
1607 2645 1645 2679 Β

154 2706 175 2739 8
200 2704 386 2740 satur-ifice
413 2705 448 2739 Β
517 2706 538 2739 9
563 2707 732 2749 paratum
759 2704 787 2738 si
815 2715 889 2747 quo
917 2704 1017 2738 dedit
1101 2706 1140 2738 lO
1165 2704 1293 2738 stultia
1319 2709 1400 2737 sesfi
1423 2706 1590 2746 iprasum
1619 2702 1649 2736 Ο

155 2763 196 2796 13
222 2762 342 2806 uiuisq
369 2766 404 2796 et
432 2761 460 2796 C
590 2761 682 2796 colis
834 2763 873 2794 14
898 2759 991 2794 Num
1017 2760 1053 2794 Β
1197 2764 1236 2795 ta
1261 2761 1367 2795 titum
1393 2758 1438 2801 B,
1465 2760 1587 2794 statim
1619 2758 1648 2793 G

157 2820 197 2854 16
220 2818 357 2853 factum
384 2829 462 2853 esse
489 2818 610 2853 edicta
762 2819 802 2850 17
826 2828 872 2851 ne
898 2817 978 2861 quis
1003 2817 1041 2851 in
1067 2816 1112 2861 B,
1139 2828 1210 2862 neq
1237 2818 1274 2851 in
1301 2816 1329 2851 C
1405 2837 1409 2841 -
1490 2817 1531 2849 18
1557 2817 1644 2850 niue

156 2876 196 2909 19
222 2875 436 2920 designator
463 2874 491 2909 C
1231 2882 1234 2884 ’
