1963 3243
376 153 452 191 195
1027 147 1147 181 Plauti
1545 146 1610 187 IV,
1633 151 1666 187 4,
1691 147 1824 182 36--49

996 271 1206 326 Coquos

1483 330 1724 372 Abibitur.·
1758 344 1823 377 765

372 387 635 428 Drachmam
667 387 782 428 dato.

921 465 1274 517 Lysimachus

847 537 1044 579 Dabitur.

996 639 1206 694 Coquos

1050 712 1152 753 Dari
1185 727 1285 766 ergo
1317 714 1376 754 sis
1408 713 1521 754 iube.

372 785 472 825 Dari
506 788 645 837 potest
676 785 855 833 interea,
888 783 988 824 dum
1020 784 1084 824 illi
1117 790 1293 837 ponunt.

923 886 1272 938 Lysimachus

1389 943 1503 992 Quin
1535 944 1673 995 abis‘?]

370 1017 521 1058 Potine
552 1021 601 1056 ut
630 1015 836 1056 molestus
868 1029 920 1055 ne
953 1016 1043 1056 sis?

994 1106 1207 1159 Coquos

1050 1180 1189 1231 Agite,
1223 1179 1429 1232 adponite

371 1252 610 1305 Opsonium
642 1252 757 1292 istuc
788 1255 888 1291 ante
921 1250 1054 1304 pedes
1085 1250 1148 1291 illi
1180 1252 1283 1292 seni.

370 1326 489 1366 Haec
520 1338 630 1365 uasa
661 1328 737 1363 aut
768 1337 865 1363 mox
897 1327 974 1363 aut
1006 1336 1101 1363 cras
1133 1323 1290 1364 iubebo
1324 1323 1401 1364 abs
1434 1328 1476 1364 te
1509 1325 1608 1377 peti.
1758 1337 1824 1370 770

369 1396 669 1451 Sequiminin‘?

922 1474 1270 1527 Lysimachus

726 1546 929 1588 Forssasse
961 1546 1082 1587 illum
1116 1548 1263 1587 mirari
1296 1560 1491 1601 coquom,

371 1622 494 1672 Quod
527 1622 648 1663 uenit
680 1624 811 1672 atque
843 1619 950 1660 haee
983 1619 1145 1659 attulit.
1208 1619 1369 1669 Dicam,
1403 1619 1448 1660 id
1481 1619 1584 1673 quid
1616 1624 1694 1661 est.

981 1723 1216 1777 Dorippa

370 1796 465 1837 Non
499 1796 643 1844 miror,
677 1795 712 1835 si
744 1794 850 1847 quid
882 1794 1028 1835 damni
1059 1795 1166 1836 sacis
1199 1798 1276 1836 aut
1307 1793 1459 1848 flagiti,

369 1869 460 1910 Nec
491 1868 563 1922 pol
597 1881 673 1920 ego
705 1868 853 1921 patiar
885 1869 948 1908 sic
980 1882 1045 1908 me
1078 1873 1260 1921 nuptam
1292 1873 1383 1907 tam
1413 1866 1525 1907 male

370 1942 577 1994 Measque
608 1941 651 1980 in
685 1939 804 1981 aedis
837 1941 897 1981 sic
930 1945 1074 1980 scorta
1106 1939 1396 1980 obductarier.
1757 1950 1822 1982 775

371 2014 490 2067 Syra,
523 2013 536 2053 i
568 2016 721 2065 rogato
754 2027 890 2053 meum
923 2016 1089 2066 patrem
1122 2012 1268 2053 uerbis
1301 2013 1421 2061 meis,

370 2085 427 2126 Ut
458 2086 609 2126 ueniat
639 2085 694 2125 ad
728 2099 793 2125 me
826 2086 909 2125 iam
943 2084 1071 2125 simul
1103 2089 1245 2125 tecum
1277 2084 1365 2125 huc.

1033 2187 1164 2240 Syra

1390 2243 1465 2284 Eo.

927 2324 1273 2377 Lysimachus

371 2398 534 2442 Nescis,
568 2397 716 2449 negoti
749 2396 853 2450 quid
887 2397 954 2443 sit,
988 2411 1106 2440 uxor,
1140 2397 1335 2437 obsecro.

461 2546 527 2579 766
553 2543 765 2578 Drachman
790 2543 838 2583 B,
864 2544 1055 2587 dragmam
1082 2542 1110 2577 C
1208 2543 1311 2578 darei
1337 2543 1371 2576 A
1472 2543 1539 2577 767
1564 2542 1676 2577 Darei
1700 2543 1733 2577 A

369 2604 436 2636 768
461 2603 532 2636 seis
559 2603 592 2635 A
691 2603 758 2636 770
783 2613 891 2636 nassa
917 2601 950 2634 A
1048 2602 1113 2635 771
1140 2601 1337 2645 sequimini
1362 2600 1397 2634 B
1499 2606 1534 2634 te
1561 2600 1665 2634 illum
1757 2600 1822 2634 772

371 2661 406 2693 id
433 2670 498 2694 om.
525 2659 592 2693 BC
684 2659 746 2703 qui
773 2657 800 2692 C
898 2659 964 2692 773
991 2659 1043 2691 sei
1069 2659 1101 2692 A
1200 2658 1346 2692 damnei
1374 2659 1406 2691 A
1505 2658 1573 2690 774
1598 2657 1673 2690 seio
1699 2656 1731 2689 A

369 2718 433 2749 775
459 2717 580 2751 aedeis
607 2717 680 2749 seio
706 2717 737 2749 A
850 2716 915 2748 776
942 2715 974 2748 «21
1001 2714 1035 2747 Β
1139 2715 1285 2749 uerbeis
1312 2715 1424 2748 meeis
1452 2715 1495 2755 A,
1529 2714 1620 2747 meis
1646 2714 1768 2748 uerbis
1796 2711 1825 2748 0

461 2776 526 2807 777
553 2773 597 2807 ad
623 2779 660 2807 te
686 2775 754 2806 iam
785 2773 812 2806 G
905 2773 1020 2806 semul
1116 2772 1186 2806 hnc
1212 2783 1277 2806 om.
1372 2773 1437 2805 778
1465 2772 1605 2805 uesceis
1632 2772 1664 2804 A
