1963 3243
281 225 333 264 62
961 222 1083 257 Plauti
1494 222 1545 268 Π,
1570 226 1602 267 4,
1626 226 1715 259 42—
1722 227 1767 260 52

872 347 1170 390 Pseudolus

280 417 396 459 Bene
427 419 563 459 iuuas.
625 416 710 459 Sed
749 419 939 472 quinque
977 419 1164 461 inuentis
1205 433 1310 473 opus
1343 424 1409 462 est
1439 421 1607 474 argenti
1636 421 1766 463 minis

281 488 456 540 Mutuis,
488 503 595 543 quas
626 489 754 531 hodie
785 489 985 539 1²eddam;
1019 504 1117 531 nam
1149 490 1274 532 huius
1306 491 1409 532 mihi
1441 491 1569 533 debet
1599 496 1734 546 pater.

890 583 1153 626 Charinus

281 654 370 707 Ego
403 654 537 706 dab03
567 668 621 696 ne
653 669 812 708 quaere
844 655 1029 697 aliunde.

873 745 1174 787 Pseudolus

1011 817 1045 858 O
1077 817 1293 859 hominem
1325 822 1613 871 opportunum
1645 818 1766 861 mihi.

282 887 426 929 Etiam
458 892 590 942 opust
620 887 842 942 chlamyde
876 892 918 929 et
949 887 1176 930 machaera
1207 894 1250 930 et
1279 893 1444 942 petaso.
1469 907 1473 910 ’

897 977 1163 1020 Charinus

1284 1035 1465 1077 Possum
1496 1050 1521 1078 a
1552 1050 1617 1078 me
1651 1037 1765 1079 dare.

881 1113 1177 1156 Pseudolus

283 1185 336 1227 Di
355 1186 621 1237 inmortales,
632 1200 717 1227 non
728 1184 940 1227 Charinus
957 1185 1061 1226 mihi
1077 1185 1147 1226 hic
1165 1186 1338 1239 quidem
1357 1191 1433 1238 est,
1443 1187 1517 1230 sed
1530 1186 1676 1242 Copia.
1702 1200 1771 1233 740

283 1257 367 1300 Sed
398 1256 479 1300 is'te
511 1272 660 1300 seruos
693 1272 743 1299 ex
775 1257 963 1311 Carysto,
996 1258 1069 1311 qui
1100 1257 1170 1298 hic
1201 1257 1337 1309 adest,
1372 1259 1525 1312 ecquid
1556 1260 1696 1313 sapit?

889 1347 957 1390 Ch
969 1349 1124 1390 arinu
1136 1363 1154 1389 s

282 1405 459 1446 Hircum
490 1405 546 1447 ab
579 1405 672 1446 alis.

877 1475 1174 1517 Pseudolus

587 1549 880 1590 Manuleatam
912 1548 1103 1589 tunicam
1133 1548 1294 1590 habere
1325 1548 1539 1592 hominem
1571 1549 1766 1592 addecet.

281 1620 446 1674 Ecquid
478 1621 513 1662 is
544 1620 670 1662 homo
703 1620 834 1662 habet
866 1621 977 1661 aceti
1008 1621 1051 1660 in
1082 1621 1289 1673 pectore?

889 1709 919 1752 C
932 1710 958 1752 h
969 1725 993 1752 a
1004 1711 1081 1752 rin
1096 1726 1120 1752 u
1136 1725 1154 1752 s

1272 1784 1412 1837 Atque
1444 1782 1764 1825 acidissumum.

875 1861 1174 1903 Pseudolus

280 1932 402 1984 Quid,
435 1933 471 1975 si
503 1938 631 1988 opust
660 1938 709 1975 ut
740 1933 864 1975 dulce
895 1937 1068 1988 promat
1096 1933 1301 1983 indidem,
1335 1933 1491 1987 ecquid
1521 1933 1680 1976 habet?

887 2023 1152 2066 Charinus

1593 2096 1765 2149 Rogas?

279 2167 517 2209 Murrinam
548 2182 724 2222 passum
757 2168 972 2210 defrutum
1005 2167 1177 2209 mellam
1208 2167 1292 2208 mel
1323 2167 1624 2220 quoiuismodi.
1699 2178 1766 2212 745

281 2238 392 2288 Quin
424 2240 467 2280 in
498 2240 625 2282 corde
656 2240 869 2282 instruere
902 2239 1119 2294 quondam
1151 2239 1294 2292 coepit
1324 2238 1637 2292 pantopolium.

364 2398 431 2432 736
449 2397 554 2432 lubas
566 2396 635 2432 BG
720 2398 891 2432 inuentus
908 2396 936 2432 C
1013 2397 1078 2431 737
1098 2407 1182 2430 nam
1202 2407 1312 2431 unam
1332 2395 1440 2431 huius
1453 2394 1521 2430 BC
1605 2397 1672 2430 '738
1694 2394 1764 2430 CA.

278 2454 343 2488 '739
369 2465 460 2498 opus
486 2458 523 2489 te
548 2453 583 2488 B
671 2453 848 2498 chamyde
931 2452 1123 2487 machaera
1147 2452 1182 2487 Β
1266 2452 1337 2487 CH.
1363 2462 1429 2488 om.
1514 2453 1581 2486 740
1605 2452 1670 2488 PS.
1697 2462 1762 2487 om.

369 2509 430 2544 Dii
514 2514 569 2545 est
594 2521 658 2546 om.
685 2511 718 2544 Α
801 2512 863 2544 741
890 2511 952 2544 isti
977 2508 1046 2545 BC
1124 2509 1184 2545 hic
1211 2509 1272 2553 qui
1297 2509 1448 2544 aduenit
1472 2508 1539 2543 BC
1629 2509 1691 2553 qui
1715 2507 1764 2552 B,

281 2566 369 2610 quid
397 2566 426 2602 Ο
554 2569 619 2601 742
645 2567 824 2611 Hirquum
850 2566 896 2609 B,
924 2566 987 2600 His
1014 2577 1096 2600 cum
1123 2565 1152 2601 O
1273 2566 1353 2600 aliis
1378 2565 1446 2600 BG
1569 2564 1676 2600 decet
1699 2563 1768 2600 BG

278 2624 343 2657 743
366 2622 549 2667 Equidem
575 2624 686 2658 homo
712 2623 826 2658 habet
850 2623 898 2666 A,
937 2622 1080 2666 Ecquid
1109 2622 1254 2657 habetis
1285 2622 1396 2656 homo
1421 2620 1488 2656 BG
1628 2621 1761 2656 acidis-

278 2679 360 2713 simi
384 2679 454 2715 ΒΟ
564 2681 630 2730 744
655 2691 746 2724 opus
773 2680 821 2714 sit
925 2682 962 2714 et
987 2679 1075 2723 quid
1101 2678 1131 2714 C
1231 2677 1301 2712 CA.
1414 2688 1549 2722 rogans
1575 2677 1604 2712 C
1699 2679 1764 2712 745

279 2735 486 2771 defructum
511 2735 547 2771 B
657 2737 830 2771 melinam
857 2735 902 2779 B,
928 2736 1114 2770 mellinum
1143 2734 1172 2770 G
1279 2734 1515 2779 quoiusmodi
1540 2735 1583 2777 A,
1610 2734 1760 2779 quouis-

277 2791 377 2826 modi
402 2792 468 2827 BG
570 2794 636 2827 746
660 2792 928 2837 hermopolium
956 2791 1023 2826 BC
