1963 3243
196 222 267 267 III,
293 223 324 264 3,
351 222 484 256 78—93
846 220 1038 254 Poenulus.
1610 227 1683 265 157

765 344 1114 387 Collabiscus

454 417 565 467 Quia
597 430 620 458 α
653 418 810 458 muscis
840 418 875 458 si
909 417 1011 458 mihi
1044 417 1283 471 hospitium
1316 433 1581 472 quaererem,
1618 433 1686 464 690

196 490 440 532 Adueniens
472 490 578 531 irem
609 489 652 530 in
684 502 900 530 carcerem
932 494 1053 530 recta
1084 490 1165 530 uia.

196 562 286 616 Ego
316 561 360 603 id
393 575 553 615 quaero
586 560 836 612 hospitium,
867 561 940 602 ubi
972 575 1050 614 ego
1083 574 1206 602 curer
1232 562 1414 613 mollius,

198 633 334 684 Quam
365 634 456 686 regi
488 631 701 674 Antiocho
733 632 845 674 oculi
879 634 1023 674 curari
1055 632 1207 675 solent.

860 746 1032 800 Lycus

197 818 361 873 Edepol
392 832 443 859 ne
478 818 559 859 tibi
591 818 698 860 illud
730 833 908 872 possum
940 819 1143 860 festiuom
1176 819 1290 870 (lare,

197 890 242 933 Si
278 890 452 944 quidem
486 895 607 944 potes
640 904 734 932 esse
765 895 807 932 te
840 891 931 944 pati
963 891 1005 931 in
1037 890 1181 945 lepido
1214 891 1323 942 loco,
1623 905 1689 938 (595

197 963 246 1004 In
275 962 388 1004 lecto
420 962 563 1017 lepide
596 966 746 1012 strato,
781 967 822 1004 et
854 962 1043 1015 lepidam
1077 963 1296 1004 mulierem

198 1033 463 1089 conplexum
496 1039 783 1084 contractare,

771 1140 884 1183 Col]
899 1141 1013 1182 abis
1026 1155 1084 1182 cu
1097 1156 1116 1183 s

853 1213 958 1263 Inis,
992 1213 1100 1263 leno,
1133 1214 1259 1254 uiam.

863 1331 1032 1385 Lycus

201 1402 283 1445 Ubi
314 1408 363 1444 tu
396 1402 628 1451 Leucadio,
663 1402 833 1451 Lesbio,
866 1402 1038 1450 Thasio,
1072 1401 1190 1444 Chio.

200 1474 432 1517 Uetustate
464 1476 566 1517 uino
599 1475 800 1517 edentulo
833 1479 1023 1517 aetatem
1054 1476 1225 1528 inriges.

201 1547 266 1588 Ibi
297 1551 339 1588 te
371 1547 547 1601 replebo
579 1561 714 1602 usque
745 1553 1014 1601 unguentum
1046 1546 1297 1588 cheumatis.
1625 1558 1693 1590 τοο

201 1617 314 1668 Quid
343 1619 482 1661 multa
512 1619 676 1661 uerba?
707 1617 864 1661 faciam
896 1624 954 1664 ut,
987 1619 1061 1661 ubi
1092 1625 1138 1660 tu
1169 1619 1337 1667 laueris,

199 1690 265 1732 Ibi
295 1691 521 1733 balneator
552 1691 683 1733 faciat
713 1692 1056 1743 unguentariam.

201 1761 283 1804 Sed
315 1763 423 1804 haec
454 1763 780 1813 latrocinantur,
814 1777 925 1816 quae
958 1776 1036 1815 ego
1069 1763 1169 1809 dixi,
1205 1764 1360 1804 omnia.

767 1876 1118 1918 Collabiscus

200 1947 314 1998 Quid
345 1949 438 1990 ita?

863 2043 1029 2095 Lycus

499 2115 609 2165 Quia
640 2129 792 2157 aurum
826 2121 1009 2168 poscunt
1041 2114 1400 2168 praesentarium.

771 2232 1114 2274 Collabiscus

199 2305 312 2354 Quin
342 2304 487 2346 hercle
520 2307 715 2359 accipere
750 2311 795 2346 tu
828 2319 911 2346 non
943 2306 1094 2346 mauis.
1129 2317 1258 2358 quam
1292 2317 1368 2356 ego
1402 2302 1516 2343 dare.
1624 2313 1690 2345 705

290 2464 356 2497 690
382 2476 401 2497 a
427 2474 489 2497 om.
587 2465 650 2497 691
680 2463 889 2497 Adueniens
916 2462 986 2497 huc
1013 2463 1102 2496 irem
1129 2461 1196 2496 BC
1287 2461 1353 2495 692
1379 2459 1543 2494 hostium
1625 2460 1690 2492 693

200 2520 296 2554 oculi
321 2530 388 2554 om.
409 2519 438 2555 C
505 2522 570 2554 694
596 2521 700 2554 illum
728 2531 878 2564 possum
893 2519 975 2557 AB,
1000 2531 1151 2563 possum
1179 2519 1279 2552 illum
1296 2517 1324 2552 C
1400 2518 1466 2551 695
1492 2522 1526 2550 te
1547 2527 1610 2551 om⁴
1627 2515 1694 2549 BG

198 2577 264 2611 696
290 2583 326 2610 et
353 2588 417 2611 om.
445 2576 512 2611 BC
592 2579 658 2611 697
688 2587 714 2611 ω
740 2578 768 2610 is
845 2578 912 2611 698
938 2577 991 2609 los
1017 2576 1078 2610 bio
1106 2576 1147 2617 B,
1174 2575 1289 2619 lespia
1315 2574 1342 2608 C
1423 2573 1560 2607 thassio
1587 2572 1615 2607 C

199 2633 290 2668 choo
316 2633 386 2669 BC
480 2635 546 2667 700
572 2634 628 2667 Ibi
655 2645 725 2677 ego
753 2637 787 2667 te
815 2634 846 2666 A
951 2633 1129 2677 geumatis
1157 2632 1199 2673 A,
1227 2630 1432 2675 egeumatis
1459 2629 1526 2664 BC
1626 2632 1686 2662 701

199 2697 239 2724 ut
264 2701 329 2725 om.
414 2692 479 2724 702
507 2690 561 2724 lbi
590 2696 630 2724 ut
656 2690 848 2724 balneator
930 2691 995 2723 705
1021 2689 1087 2731 Qui
1114 2688 1235 2722 hercle
1320 2692 1384 2721 tuo
1409 2687 1554 2720 mannis
1581 2685 1616 2720 Β

202 2747 288 2791 quin
308 2748 342 2781 A
469 2748 594 2781 «larem
623 2747 650 2782 C
785 2745 992 2790 Sequuntur
1017 2747 1054 2779 in
1080 2744 1161 2779 BC.-
1199 2743 1291 2786 Quiu
1320 2755 1472 2787 sequere
1498 2755 1554 2777 me
1580 2744 1677 2777 intro

203 2814 238 2838 ω.
265 2803 345 2838 Duc
371 2816 428 2838 mv
454 2816 542 2848 ergo
569 2805 686 2844 intro;
713 2803 905 2837 addictum
931 2807 1034 2836 tenes
1231 2813 1235 2815 “
