1963 3243
193 232 273 270 360
837 226 1034 261 Poenulus.

193 357 282 393 inde
327 370 348 393 a
398 357 503 394 1352
551 356 598 393 ad
649 357 751 393 1395
800 356 908 392 uncis
955 355 1109 392 inclusi.
1191 354 1291 392 Nam
1335 358 1379 392 ut
1423 355 1462 391 in
1507 355 1683 392 Terentii

194 423 364 469 Andria,
411 425 466 460 ita
506 426 545 461 in
591 423 724 460 Plauti
763 422 936 459 Poenulo
982 422 1127 472 duplex
1174 423 1317 470 legitur
1357 422 1497 460 fabulae
1542 424 1681 470 exitus,

193 505 356 541 quorum
388 492 552 529 alterum
586 494 740 528 tantum
765 490 975 538 genuinum
1009 503 1090 527 esse
1114 490 1228 527 facile
1260 493 1438 540 apparet,
1470 504 1506 527 v.
1535 489 1682 527 Ritsch.

194 560 353 607 Parerg.
400 572 438 608 p.
481 560 558 596 584
601 571 684 607 sqq.
760 557 813 594 Et
858 557 1104 594 Camerarius
1151 557 1308 607 quidem
1355 571 1416 595 vv.
1454 558 1558 594 1369
1599 570 1683 606 sqq.

194 631 237 664 ut
282 628 506 677 suppositos
552 627 709 662 omnino
764 625 924 671 abiecit3
978 627 1238 663 recentiorum
1291 627 1444 663 cautius
1495 625 1685 663 iudicium

193 696 288 741 fuit,
352 697 515 731 maxime
573 697 782 742 postquam
841 696 1016 730 extrema
1070 693 1138 729 illa
1191 693 1305 730 etiam
1358 694 1398 730 in
1449 694 1483 729 A
1539 695 1687 741 scripta

193 763 311 800 fuisse
345 762 659 799 animadversum
684 765 755 798 est.
817 760 1014 798 Lomanus
1039 760 1195 810 quidem
1223 758 1408 809 (Specim.
1435 762 1520 798 crit.
1546 774 1584 810 p.
1615 756 1684 809 57)

195 831 343 868 nullam
376 842 529 867 causam
562 829 681 873 vidit,
721 842 790 865 cur
827 829 909 865 haec
939 829 1070 877 potius
1104 841 1219 877 quam
1252 829 1320 865 illa
1351 842 1372 865 a
1403 828 1546 866 Plauto
1578 829 1686 866 abiu-

196 899 443 944 dicarentur3
486 897 715 934 Theodorus
749 896 905 946 Hasper
936 900 1065 933 autem
1099 893 1165 945 (de
1197 897 1345 946 duplici
1377 896 1535 933 Poenuli
1567 897 1685 943 exitu,

194 966 334 1004 Annal.
375 965 511 1016 philol.
552 966 628 1002 vol.
668 964 858 1014 supplem.
891 964 923 1001 V
962 977 999 1013 p.
1035 965 1113 1002 279
1147 961 1249 1014 sqq.)
1289 968 1500 1013 utrumque
1539 965 1686 1001 exitum

198 1036 401 1083 antiquum
434 1046 515 1070 esse
555 1034 710 1076 statuit,
752 1045 888 1069 verum
920 1033 1199 1081 posteriorem,
1241 1046 1263 1069 a
1293 1046 1328 1069 v.
1366 1033 1490 1080 1369,
1532 1045 1607 1070 non
1641 1031 1688 1068 ab

196 1103 280 1152 ipso
305 1102 445 1138 Plauto
471 1102 732 1150 compositum
749 1113 843 1146 esse,
863 1099 930 1137 sed
956 1100 1002 1136 ab
1029 1101 1231 1138 imitatore
1257 1100 1400 1149 aliquo,
1418 1102 1484 1149 qui
1508 1100 1689 1149 genuinis

201 1171 417 1208 1320—68
445 1169 526 1206 haec
557 1169 774 1205 substituta
798 1167 927 1205 vellet.
989 1167 1065 1205 Sed
1089 1169 1129 1205 in
1157 1169 1218 1215 iis,
1252 1181 1337 1217 quae
1362 1170 1533 1216 genuina
1557 1156 1688 1214 habet,

196 1252 257 1275 vv.
296 1239 514 1275 1352—56
555 1240 616 1273 tot
653 1237 814 1286 ineptiis
855 1235 1075 1282 abundant,
1124 1241 1168 1274 ut
1214 1237 1432 1273 necessario
1478 1235 1690 1273 damnandi

197 1308 285 1352 sint,
329 1306 375 1343 ab
407 1307 455 1342 iis
488 1309 617 1342 autem
648 1305 826 1353 proxima
858 1304 905 1340 ad
943 1305 1047 1341 1368
1081 1305 1214 1342 divelli
1245 1318 1320 1342 non
1352 1308 1526 1354 possunt.
1590 1304 1691 1350 Quid

199 1387 290 1423 ergo
323 1373 567 1418 dubitamus,
602 1372 696 1422 quin
728 1373 838 1421 prior
870 1372 997 1409 exitus
1028 1373 1184 1421 spurius
1216 1374 1285 1419 sit,
1323 1373 1541 1422 praesertim
1572 1385 1691 1421 quum

198 1443 360 1480 senariis
391 1442 443 1477 sit
469 1441 652 1489 scriptus,
687 1453 763 1488 quo
790 1453 951 1477 numero
977 1442 1218 1490 posteriores
1244 1440 1325 1477 fere
1352 1441 1434 1477 solo
1461 1439 1690 1488 utebantur,

198 1524 275 1547 non
316 1509 566 1558 septenariis,
615 1509 758 1557 quibus
797 1508 929 1544 Plauti
958 1507 1120 1554 fabulae,
1164 1512 1299 1558 utpote
1332 1512 1535 1544 cantorum
1567 1507 1692 1544 modis

199 1578 375 1628 expletae,
394 1578 600 1614 terminari
625 1575 783 1613 solent?
831 1576 903 1622 Qui
929 1589 1022 1613 vero
1046 1581 1264 1625 sequuntur
1281 1576 1434 1624 senarii,
1460 1576 1692 1621 1369—94,

198 1659 315 1696 quum
355 1658 432 1682 non
473 1645 520 1681 ab
562 1645 696 1682 eodem
737 1647 897 1681 auctore
938 1645 1144 1693 compositi
1183 1645 1285 1686 sint,
1332 1648 1416 1680 tum
1458 1656 1535 1680 non
1567 1643 1694 1680 minus

198 1715 322 1764 spurii
354 1717 464 1760 sunt;
512 1715 592 1750 sive
633 1714 735 1750 enim
776 1715 905 1750 versui
943 1713 1045 1750 1319
1095 1714 1175 1750 sive
1212 1713 1317 1750 1327
1359 1716 1426 1749 aut
1465 1712 1532 1748 alii
1571 1711 1693 1748 cuivis

199 1796 264 1820 eos
297 1781 504 1819 adnectere
537 1783 701 1827 coneris,
736 1794 805 1818 nec
837 1782 875 1817 in
902 1780 1201 1828 Agorastoclem
1228 1781 1412 1817 convenit
1438 1784 1515 1816 tam
1540 1778 1695 1828 placida

200 1850 390 1900 loquendi
429 1851 551 1895 ratio,
601 1863 669 1886 nec
710 1849 860 1886 lenonis
906 1849 1010 1886 idem
1056 1849 1253 1897 ingenium
1299 1851 1358 1884 est
1403 1851 1520 1896 atque
1567 1852 1692 1884 antea.

199 1919 373 1956 Trochaei
406 1923 550 1964 autem,
584 1919 650 1967 qui
682 1931 703 1953 a
733 1931 769 1955 v.
800 1918 903 1954 1395
930 1917 1134 1965 incipiunt,
1166 1920 1312 1966 praeter
1343 1929 1406 1952 eos
1437 1928 1572 1953 versus
1598 1927 1694 1964 quos

199 1987 353 2033 seclusi,
391 1986 494 2023 1400
528 1988 567 2022 et
602 1986 833 2032 1406-10,
867 1998 938 2022 nec
970 1984 1195 2022 ostensionis
1230 1983 1442 2033 quidquam
1478 1982 1625 2020 habent
1657 1985 1695 2020 et

202 2057 420 2103 legitimum
454 2068 497 2091 ac
528 2067 618 2090 vere
650 2053 875 2090 Plautinum
908 2053 1048 2090 fabulae
1082 2053 1229 2089 exitum
1261 2051 1445 2088 reddunt.

318 2123 435 2160 1353.
469 2117 532 2159 Ite
561 2118 692 2170 ἱρέων
721 2117 847 2165 intro,
881 2134 959 2170 qua
990 2121 1037 2157 de
1069 2119 1214 2158 causa?
1245 2140 1292 2144 —-
1325 2120 1443 2157 1354.
1478 2115 1695 2166 desponde,

201 2191 296 2240 quid
339 2203 436 2239 opus
469 2193 528 2227 est
565 2190 703 2226 iterari
743 2202 828 2238 quae
867 2189 1044 2226 sollemni
1075 2201 1183 2226 more
1216 2188 1318 2225 facta
1349 2192 1440 2224 sunt
1475 2188 1580 2224 1153
1614 2199 1695 2235 sq.;

202 2259 268 2296 sed
302 2261 339 2296 in
373 2257 565 2295 eiusmodi
598 2257 904 2306 repetitionibus
930 2257 1001 2293 sibi
1035 2257 1165 2306 placet
1196 2256 1468 2306 interpolator,
1503 2267 1537 2291 V.
1575 2239 1693 2291 1276.

202 2348 255 2351 —
284 2329 402 2365 1355.
428 2322 524 2363 bene
540 2321 647 2363 wale.
695 2325 790 2362 Vale
818 2325 972 2362 dicendi
999 2338 1150 2362 causam
1171 2337 1272 2372 aegre
1291 2325 1480 2360 invenias.
1508 2341 1556 2346 —
1588 2323 1692 2359 1356

202 2396 299 2432 male
339 2408 425 2432 cum
469 2395 572 2431 1346
607 2397 646 2430 et
677 2395 727 2430 49
762 2394 959 2438 convenit,
1004 2393 1070 2429 ubi
1110 2392 1221 2428 miles
1262 2405 1302 2428 se
1341 2392 1523 2428 lenonem
1565 2391 1603 2427 in
1637 2392 1694 2426 ius

203 2464 411 2500 ducturum
443 2460 570 2499 dixit?
645 2458 739 2508 hoc,
785 2461 889 2511 quod
932 2474 1002 2510 pro
1043 2463 1208 2509 pignore
1242 2462 1346 2509 cepit
1385 2459 1509 2504 [2833
1559 2457 1692 2494 Lamb.

208 2530 354 2575 „hunc‘²
393 2529 560 2578 scripsit,
594 2529 744 2578 Hasper
780 2528 929 2575 „heic“.
957 2548 1008 2552 —
1045 2530 1162 2565 1357.
1198 2537 1330 2575 (suom,
1362 2526 1466 2575 quod
1498 2527 1614 2562 etiam
1648 2524 1694 2561 ab

203 2601 234 2636 A
269 2600 391 2644 abest,
425 2598 513 2634 add.
544 2596 683 2635 Dousa.
745 2597 841 2633 Tum
875 2596 1028 2633 demum
1062 2608 1146 2632 euin
1181 2596 1329 2645 perisse
1362 2594 1471 2638 dicit,
1504 2606 1622 2641 quum
1657 2595 1695 2629 in

204 2668 263 2703 ius
304 2667 466 2703 venerit.
511 2685 557 2689 —
607 2666 725 2702 1359.
772 2661 974 2712 simplum
1018 2677 1090 2713 pro
1132 2663 1253 2712 duplo
1301 2662 1418 2699 1348.
1461 2679 1514 2684 --
1577 2662 1693 2698 1361.

206 2730 429 2781 ΤαΉίὶ-Ψεν
476 2729 641 2781 quidem
682 2737 793 2779 cett.,
841 2746 886 2769 ca
926 2731 1086 2781 quidem
1127 2731 1373 2776 condicione,
1421 2732 1465 2766 ut
1501 2730 1697 2778 tantisper

204 2802 309 2851 apud
343 2815 400 2838 me
433 2801 565 2838 codice
599 2796 746 2849 (1150)
780 2802 932 2838 vinctus
965 2801 1029 2837 sis.
1063 2819 1117 2824 —
1154 2800 1271 2836 1303.
1312 2794 1418 2835 lemw
1450 2800 1694 2845 correptum;
