1963 3243
112 234 174 276 111,
205 236 232 272 1.
263 233 434 268 179-191
678 227 783 262 Miles
811 227 1003 270 gloriosus.
1515 234 1567 270 (53

600 352 1078 407 Periplecomenus

383 427 681 482 Perpurigatis
715 425 868 466 damus
901 425 979 466 tibi
1013 426 1141 467 ambo
1174 441 1349 480 operam
1378 427 1567 469 auribus,

686 537 990 581 Palaestrio

111 617 221 659 Erus
254 629 372 658 meus
404 615 465 656 ita
505 626 685 665 magnus
726 612 929 654 moechus
970 612 1196 654 mulierum
1237 619 1314 662 est,
1355 620 1402 655 ut
1439 616 1568 655 nemi-

1292 699 1387 727 nem
1504 698 1571 731 775

112 762 260 804 Fuisse
292 773 431 814 aeque
463 771 604 811 neque
636 755 830 798 futurum
863 756 1050 798 credam.

596 870 1082 924 Periplecomenus

1018 942 1158 986 Credo
1190 958 1268 998 ego
1299 946 1412 988 istuc
1442 946 1569 989 idem.

684 1045 997 1088 Palaestrio

112 1123 251 1177 Atque
283 1119 516 1163 Alexandri
549 1122 773 1173 praestare
807 1118 1033 1173 praedicat
1064 1120 1226 1162 formae
1259 1135 1402 1173 suam;

111 1193 262 1248 Itaque
294 1194 434 1235 omnis
466 1206 510 1233 se
542 1192 656 1233 ultro
682 1193 839 1233 sectari
866 1193 907 1233 iu
928 1191 1096 1246 Epheso
1123 1199 1335 1235 memorat
1358 1194 1572 1236 mulieres.

615 1294 1076 1348 Periplecomew-us

111 1368 279 1423 Edepol
310 1369 383 1422 qui
415 1374 455 1409 te
489 1368 540 1409 de
573 1369 657 1410 isto
690 1368 816 1409 multi
849 1369 1082 1422 opinentur
1114 1370 1358 1419 mentirier3

111 1441 194 1483 Sed
213 1454 291 1493 ego
310 1442 374 1481 ita
392 1454 484 1481 esse
502 1446 549 1481 ut
578 1439 686 1481 dicis
712 1445 839 1482 teneo
867 1441 1035 1494 pulcre;
1063 1443 1199 1494 proin,
1228 1442 1481 1490 Palaestrio,
1506 1455 1573 1487 780

112 1512 248 1563 Quam
280 1513 394 1567 potis
426 1518 516 1554 tam
547 1513 682 1554 uerba
713 1513 860 1554 confer
892 1527 1089 1555 maxume
1122 1514 1175 1554 ad
1208 1515 1507 1569 conpendium.

685 1615 1000 1658 Palaestrio

115 1688 307 1743 Ecquam
340 1693 388 1729 tu
420 1689 531 1742 potis
565 1689 757 1742 reperire
790 1689 929 1730 forma
959 1689 1107 1743 lepida
1139 1690 1374 1739 mulierem,

116 1760 224 1811 Quoi
257 1759 520 1802 fallaciarum
554 1774 712 1814 corpus
743 1774 881 1816 usque
914 1762 971 1803 sit
1002 1762 1178 1816 plenum
1212 1769 1254 1804 et
1286 1763 1406 1805 doli?

606 1863 1076 1918 Periplecomenus

116 1936 407 1989 Ingenuamne
439 1950 493 1977 an
525 1936 802 1978 libertinam?

689 2040 1002 2083 Palaestrio

844 2114 979 2168 Aequi
1012 2115 1124 2156 istuc
1157 2114 1281 2165 facio,
1315 2115 1416 2157 dum
1451 2117 1577 2158 modo

123 2185 225 2226 liam
244 2185 319 2226 des
337 2199 448 2238 quae
467 2187 523 2227 sit
548 2190 825 2240 quaestuosa,
852 2200 963 2240 quae
989 2187 1079 2228 alat
1104 2201 1260 2242 corpus
1286 2202 1480 2242 corpore,
1513 2202 1579 2234 785

120 2257 316 2312 Quoique
348 2259 491 2312 sapiat
522 2263 690 2311 pectus3
731 2272 830 2300 nam
869 2273 942 2301 cor
979 2273 1063 2302 non
1106 2266 1262 2314 potest,
1303 2262 1418 2314 quod
1459 2262 1580 2304 nulla

1207 2333 1351 2375 habet.

211 2456 279 2489 774
304 2454 544 2499 Pei-purgatis
571 2456 680 2489 ambo
695 2455 824 2490 damus
843 2456 911 2491 tibi
976 2457 1059 2492 ‘7¹75
1085 2458 1191 2493 PAL.
1218 2469 1283 2493 om.
1366 2470 1538 2495 moeceus
1556 2459 1584 2494 C

121 2512 195 2547 cec'
222 2513 256 2547 Β
335 2513 402 2546 776
428 2511 572 2546 Fuisset
597 2517 704 2556 atque
793 2513 914 2548 credo.
943 2513 1034 2548 PLE
1129 2517 1250 2550 istunc
1333 2517 1399 2549 777
1424 2516 1581 2551 formam

121 2569 167 2613 B,
195 2570 314 2604 forma
340 2568 369 2604 C
460 2569 631 2613 Sequitur
654 2579 794 2606 versus:
826 2571 897 2606 Sed
923 2571 985 2614 (Se
1009 2571 1051 2615 C)
1077 2573 1325 2616 procumbunt
1353 2573 1389 2607 in
1415 2585 1579 2608 mensam

122 2627 305 2661 dimidiati
343 2631 473 2672 petunt
579 2628 646 2661 778
683 2628 783 2662 omni
895 2629 961 2663 779
986 2628 1091 2663 PER.
1131 2639 1217 2663 om.'
1312 2631 1467 2675 cupiunt
1506 2643 1580 2666 non

236 2685 398 2719 mentier
422 2683 468 2726 B,
496 2685 624 2719 metier
651 2685 679 2719 C
793 2686 860 2719 780
886 2685 1056 2729 palesirio
1183 2687 1249 2720 782
1276 2687 1346 2722 PL.
1374 2687 1408 2722 Β
1534 2689 1582 2722 Et

123 2752 230 2785 quam
325 2742 391 2776 783
417 2741 590 2775 fatiarum
614 2753 821 2787 corpusque
916 2745 982 2778 784
1008 2743 1260 2785 Ingenuumne
1281 2745 1376 2780 hanc
1471 2751 1581 2791 atque

123 2799 218 2833 istuc
254 2798 431 2833 faciundu
467 2798 577 2833 modo
612 2798 657 2839 B,
696 2804 805 2843 atque
844 2801 937 2834 istuc
975 2800 1105 2834 faciom
1146 2801 1345 2835 dummodo
1373 2802 1402 2837 C
1516 2805 1582 2838 785

123 2855 276 2900 Eeamq’
305 2855 419 2900 diesq’
448 2855 477 2891 C'
565 2858 631 2890 78ss
657 2857 727 2890 iam
