1963 3243
671 209 711 245 v.
737 209 930 243 934—969.
1453 214 1529 251 281

78 340 115 379 11
152 354 190 391 p.
231 339 324 376 649.
359 358 405 363 -
443 339 538 376 954.
577 339 720 376 amoris
756 342 796 374 et
833 338 959 384 accipe
997 336 1055 372 ed.
1097 350 1154 386 pr.
1191 355 1238 362 -—
1274 339 1366 374 955.
1406 337 1536 386 Quid?

79 408 139 447 hic
165 407 269 446 unde
297 407 380 444 est?
432 405 556 455 Vulgo
587 406 903 456 inter-pungitur:
970 403 1094 450 ..Quid
1129 403 1218 440 hic?
1251 405 1445 442 undem?
1485 426 1532 431 —

79 475 172 514 Post
210 473 406 513 luculenta
447 474 578 512 hiatur
617 476 654 512 iu
695 473 861 518 disere-si,
894 474 925 509 si
957 473 1152 522 scripturn
1187 486 1299 518 verm
1335 474 1536 512 Acidalius

84 547 223 593 „atque
256 556 277 578 a
309 541 475 579 festiua“
510 543 682 592 scripsit,
724 542 901 578 Klotzius
944 540 1203 587 „luculentust
1237 540 1320 577 ac“.
1358 562 1405 566 -—
1440 544 1534 580 956.

79 613 185 650 amat
229 613 409 658 tuamque
456 610 559 647 Pius.
620 611 815 657 azpetesstt
859 609 903 646 R.
951 613 994 646 ut
1044 610 1162 646 1225.
1203 629 1255 634 -
1297 610 1388 647 957.
1437 610 1538 650 Eius

81 679 250 730 pertinet
292 678 340 715 nd
372 679 525 721 ancilla,
559 679 604 716 cf.
639 679 731 716 971.
765 698 817 704 —
849 678 956 716 hunc
987 677 1139 714 Acidal.
1175 695 1226 701 —
1258 677 1441 722 deferrem
1475 679 1536 716 ed.

80 760 138 799 pr.
174 766 220 772 —
258 747 350 784 958.
383 758 476 784 eane
498 745 677 792 Gruter.;
708 747 817 783 Acid.
848 743 1110 793 ..ingenuun“.
1143 765 1193 770 —
1227 756 1376 784 eserua
1395 746 1537 785 Dousa.

79 833 134 841 -
162 815 313 861 festuca
344 817 454 862 virga
488 821 557 859 est,
591 828 708 864 quam
741 817 779 852 in
806 814 1109 852 manumis³io11e
1134 814 1237 862 apud
1263 822 1473 863 praetorem
1493 817 1536 860 is,

81 885 145 934 qni
175 896 328 920 servum
364 885 401 919 in
434 883 657 920 libertatem
692 883 929 924 vindicabat,
963 883 1081 932 capiti
1115 885 1198 919 eius
1232 883 1469 931 imponebat,
1504 898 1538 921 v.

82 951 166 990 Gai.
204 951 269 994 IV,
308 952 368 989 16.
404 970 454 976 —-
489 952 583 990 959.
623 952 706 990 Uala
744 952 966 988 interiectio
1005 956 1117 988 extra
1158 964 1337 988 numeros
1379 958 1449 996 est,
1491 952 1538 990 cf.

82 1020 181 1058 infra
199 1019 246 1056 ad
271 1021 389 1058 1052.
422 1039 475 1044 —
506 1020 559 1057 ad
583 1023 615 1057 te
640 1026 678 1057 et
695 1020 873 1058 auderem
891 1019 952 1056 ed.
972 1033 1031 1068 pr.
1067 1038 1114 1044 —
1150 1020 1242 1057 960.
1262 1030 1358 1066 quae
1374 1021 1538 1066 cupiunt

83 1089 141 1128 lui
168 1087 387 1139 Scioppius,
418 1102 452 1126 V.
493 1089 541 1125 ad
576 1088 714 1126 Bacch.
749 1091 840 1126 275.
881 1108 928 1113 —
961 1089 1053 1126 961.
1087 1087 1309 1135 Nuptanest
1337 1100 1390 1124 an
1423 1088 1464 1125 R.
1486 1108 1538 1114 —

87 1155 166 1206 Quo
204 1157 263 1194 ed.
304 1171 363 1207 pr.
399 1177 449 1182 —
483 1159 576 1195 963.
617 1157 737 1205 Euye,
781 1173 813 1195 v.
848 1157 894 1194 nd
929 1157 1043 1194 Most.
1080 1157 1172 1194 254.
1206 1176 1261 1181 -
1297 1155 1406 1194 Gaue
1434 1168 1538 1194 men-

82 1225 244 1271 dacium,
277 1238 329 1263 sc.
363 1226 481 1272 dicas,
515 1239 549 1262 v.
583 1226 630 1262 ad
663 1228 772 1263 Asin.
808 1227 871 1264 30.
907 1245 957 1250 —
989 1227 1082 1263 964.
1116 1224 1182 1263 Ad
1219 1228 1326 1262 tuam
1355 1224 1538 1270 formam.

82 1294 172 1343 πρὸς
202 1295 241 1330 τὸ
272 1295 337 1330 σὺν
367 1295 505 1340 κάλλος,
537 1295 584 1332 cf.
622 1296 682 1332 12.
718 1295 806 1332 Ter.
839 1294 939 1331 Eun.
975 1295 1074 1331 361:
1133 1293 1292 1341 ‚‚Estne‚
1329 1300 1367 1330 ut
1402 1294 1539 1339 fertur,

82 1359 236 1401 forma?
294 1361 372 1400 PA.
412 1362 525 1400 Sane.
565 1362 644 1400 CH.
707 1363 760 1401 At
799 1363 896 1399 nihil
937 1363 984 1398 ad
1028 1368 1200 1400 nostram
1233 1363 1370 1400 hanff.
1438 1363 1537 1400 Fere

84 1430 216 1468 eodem
235 1430 348 1468 modo
370 1430 490 1481 „pro“
513 1431 874 1481 poniturSall.Cat.
897 1432 966 1469 51:
992 1431 1134 1479 „digna
1152 1444 1277 1480 poena
1296 1444 1367 1479 pro
1385 1430 1538 1468 factis“.

83 1498 238 1537 Lucret.
265 1499 310 1547 V,
342 1500 372 1536 1.
402 1499 496 1537 Hor.
523 1499 596 1549 Ep.
616 1500 646 1540 Ι.
666 1502 702 1546 7,
723 1502 788 1537 24.
811 1520 847 1524 -
870 1499 1055 1547 pulcram
1079 1500 1182 1537 Pius.
1202 1520 1256 1525 -
1274 1500 1367 1537 965.
1398 1499 1543 1537 Pravas

84 1579 335 1618 personarum
364 1574 475 1606 notas
500 1570 658 1606 sustulit
686 1569 752 1616 R.;
785 1568 890 1606 Cam.
917 1568 1117 1605 ediderat:
1139 1569 1242 1615 „PY.
1268 1569 1310 1606 In
1329 1567 1540 1617 proximo?

84 1634 189 1673 PA.“
237 1636 364 1674 Etiam
400 1637 536 1675 Ribb.:
579 1636 683 1683 ‚‚PY.
728 1633 952 1674 Proxuma?
994 1635 1097 1674 PA.“
1140 1657 1194 1662 —
1237 1651 1281 1684 „e
1320 1635 1536 1688 p:·oxumo“

84 1703 218 1742 Goetz.
260 1717 344 1742 cum
386 1705 540 1744 Baebio.
575 1725 630 1730 —
662 1706 755 1744 966.
788 1706 1009 1751 demoritur,
1052 1707 1218 1756 deperit,
1252 1707 1298 1743 cf.
1337 1706 1454 1743 1035.
1492 1724 1540 1730 —-

86 1773 191 1821 eupit
225 1774 336 1810 Acid.
377 1794 417 1797 —
457 1775 548 1811 967.
586 1777 619 1812 te
657 1786 769 1812 orare
808 1775 927 1821 iussit,
962 1788 1013 1811 sc.
1047 1788 1117 1819 me,
1152 1789 1185 1812 v,
1218 1775 1267 1811 ad
1300 1775 1441 1824 Amph.
1475 1775 1540 1811 22.

84 1843 303 1891 —copiam
327 1842 386 1879 ed.
413 1855 496 1891 pr.‚·
518 1854 612 1882 eam.
640 1845 663 1880 i.
690 1858 723 1880 e.
751 1844 833 1880 eius
859 1845 936 1886 rei,
962 1842 1130 1880 abeundi
1156 1857 1177 1879 a
1202 1844 1286 1879 viro
1311 1849 1349 1880 et
1366 1845 1424 1880 tui
1450 1855 1540 1893 pos-

85 1909 251 1960 sidendi,
275 1911 322 1948 cf.
350 1912 450 1948 770:
485 1913 634 1957 „istanc
659 1909 891 1949 rationem“.
918 1911 1064 1960 Vulgo:
1099 1910 1220 1957 ..tui“,
1239 1925 1317 1960 quo
1336 1925 1412 1948 nou
1431 1924 1541 1961 opus.

197 1979 288 2017 969.
320 1978 426 2027 Quae
450 1981 558 2027 cupit
572 1982 636 2017 vix
664 1994 796 2017 verum
829 1987 900 2017 est.
933 1980 1135 2017 Acidalius
1171 1978 1378 2026 „Quaene“
1414 1979 1543 2017 uoluit

87 2042 151 2095 (R.
194 2046 415 2097 „Quaen“)‚
455 2048 619 2086 Guietus
655 2047 822 2095 „Quin“.
885 2048 960 2086 Sed
994 2050 1107 2085 nimis
1139 2049 1270 2085 subito
1303 2055 1339 2084 et
1374 2049 1542 2098 abrupte

85 2117 264 2164 sequitur
294 2118 554 2166 interrogatio
589 2117 738 2155 militis.
800 2116 1135 2166 Exspectabatur=
1199 2117 1296 2158 ..Sed
1331 2116 1424 2165 quid
1457 2115 1542 2153 ais?

86 2183 176 2233 quid
211 2185 277 2221 illa
308 2186 493 2222 faciemus
526 2184 673 2222 cett.⁴?“
736 2185 865 2222 Habet
898 2187 1027 2233 etiam,
1060 2198 1137 2234 quo
1170 2199 1209 2222 se
1235 2185 1480 2222 commendet
1497 2183 1540 2222 F.

86 2250 288 2290 Schmidtii
330 2255 443 2296 ratio,
484 2256 551 2304 qui
589 2256 689 2291 Anu.
732 2253 869 2303 philol.
910 2254 985 2291 vol.
1025 2254 1153 2303 suppl.
1186 2253 1240 2290 IX
1271 2267 1308 2302 p.
1345 2255 1422 2291 323
1457 2266 1541 2303 sqq.

85 2333 146 2359 w.
179 2322 372 2360 969—80
406 2324 561 2372 spurios
594 2322 724 2360 habet.
771 2322 869 2359 Nam
902 2322 983 2359 haec
1014 2323 1252 2359 consultatio
1286 2323 1332 2357 de
1366 2321 1543 2359 Philoco-

86 2391 207 2427 masio
237 2390 471 2428 dimittenda
503 2392 605 2428 infra
636 2392 912 2429 1089—1123
940 2392 1053 2434 redit,
1081 2397 1117 2426 et
1145 2390 1226 2427 illic
1257 2390 1413 2439 quidem
1448 2391 1543 2438 quin

87 2469 154 2495 nuo
192 2458 276 2496 loco
318 2459 472 2508 legatur
513 2459 687 2497 dubitari
731 2461 878 2509 nequit,
921 2460 981 2495 hic
1028 2460 1175 2508 optime
1224 2452 1357 2495 abesse
1397 2459 1540 2508 potuit.

88 2523 229 2564 Verum
275 2527 404 2566 obstat
451 2528 554 2577 quod
603 2541 637 2563 v.
683 2529 787 2565 1092
836 2541 892 2576 sq.
927 2527 1134 2564 Palaestrio
1174 2529 1226 2563 ait
1266 2540 1306 2563 se
1346 2526 1425 2562 haec
1466 2527 1542 2563 iam

88 2594 207 2632 semel
237 2595 395 2633 dixisse.
443 2596 556 2642 Quod
588 2598 618 2633 si
652 2597 811 2644 gravius
846 2596 945 2633 hane
975 2596 1147 2633 fabulam
1181 2600 1432 2632 retractatam
1460 2607 1544 2632 esse

88 2664 307 2706 statuimus,
348 2670 477 2702 tamen
520 2679 596 2702 non
639 2665 764 2702 video.
808 2677 886 2713 quo
927 2664 1040 2701 modo
1080 2665 1261 2712 cuiquam
1302 2665 1341 2699 in
1374 2669 1543 2700 mentem

87 2733 220 2769 venire
250 2735 422 2780 potuerit
454 2733 534 2770 haec
567 2734 724 2772 addere.
757 2739 801 2770 ut
825 2732 925 2769 infra
953 2733 1099 2769 diceret
1124 2745 1168 2768 ea
1192 2733 1267 2768 iam
1293 2732 1414 2768 semel
1439 2731 1545 2769 dicta

89 2811 190 2845 “⁸03
235 2802 368 2850 potius
413 2803 538 2852 ipsum
586 2806 743 2851 poetam
785 2803 885 2839 inter
923 2801 1170 2838 scribendum
1212 2801 1291 2837 haec
1331 2812 1543 2850 occupasse
