1963 3243
288 196 366 235 326
912 194 1106 228 Mercator.

288 324 354 362 87.
399 323 506 361 Trin.
533 324 598 361 22.
644 323 732 362 Ter.
749 323 850 362 Eun.
876 324 970 361 996.
1017 324 1109 362 Hec.
1137 324 1229 362 813.
1261 341 1315 348 ·-
1345 323 1439 362 Post
1462 326 1570 363 salue
1593 325 1736 363 hiatus.

286 411 340 417 —
371 392 492 439 Euae,
532 406 568 429 v.
603 392 653 430 ad
683 391 799 442 Epid.
834 393 870 429 9.
902 411 956 416 —
989 393 1081 430 281.
1122 392 1274 431 Salueto
1305 393 1350 429 A.
1383 411 1437 417 -—-
1474 393 1575 442 Quid
1608 393 1664 439 fit,
1702 407 1737 431 v.

287 459 336 497 ad
368 460 506 497 Bacch.
541 461 634 497 624.
667 460 770 496 infra
803 461 897 497 951.
945 458 1030 498 Cas.
1065 461 1157 498 688.
1206 459 1305 498 Rud.
1342 461 1461 498 1039.
1498 462 1618 498 1290.
1650 461 1743 509 quid

287 529 369 576 agis
394 528 471 565 illis
494 529 722 578 postposuit
745 527 875 574 Both„
903 530 1088 577 quoniam
1115 529 1163 566 ad
1189 528 1280 576 haec,
1310 541 1387 566 non
1412 528 1461 565 ad
1485 529 1554 566 illa
1570 521 1741 566 refertur

287 597 502 646 responsio,
542 615 596 621 —
635 597 727 634 282.
766 596 833 634 hoe
871 597 1029 644 quidem,
1063 596 1169 647 quod
1199 610 1301 634 nunc
1330 598 1473 646 patior,
1506 597 1682 644 deorum,
1714 598 1741 635 i.

288 678 320 701 e.
354 663 568 713 Cupidinis,
601 677 700 714 opus
731 668 802 710 est,
843 678 878 702 v.
911 664 1036 714 Bugg.
1069 664 1210 713 opusc.
1243 666 1292 702 ad
1321 665 1456 703 Madv.
1487 678 1526 714 p.
1562 666 1654 714 154,
1694 665 1740 702 cf.

290 732 368 769 316
401 744 460 780 sq.
507 731 548 769 Si
586 731 750 769 Plautus
788 733 1076 770 coniunctivum
1106 732 1306 780 voluisset,
1339 737 1378 770 et
1412 730 1584 780 „faxint“
1619 735 1741 783 scrip-

288 801 404 837 sisset
436 804 475 837 et
504 813 721 850 pronomen
752 802 956 838 omisisset.
991 819 1040 826 —
1075 802 1168 839 283.
1202 800 1294 838 Post
1327 801 1394 838 tibi
1422 801 1564 849 hiatus,
1589 815 1625 838 v.
1650 801 1742 838 Pro-

287 868 364 915 leg.
396 881 435 917 p.
469 868 563 906 224.
623 867 668 906 R.
701 872 875 918 transp.:
919 882 1106 919 „operam
1144 866 1268 907 esse“.
1330 869 1508 907 Mueller.
1542 869 1619 906 alia
1649 883 1741 919 pro-

288 937 413 985 ponit,
445 937 514 973 sed
544 940 636 973 ante
661 938 789 974 omnia
815 949 959 985 operae,
985 941 1030 974 ut
1057 938 1119 975 14.
1152 958 1208 963 —
1240 939 1332 976 285.
1358 931 1570 986 occupatus
1592 949 1744 985 operam

289 1004 393 1052 dare,
426 1008 469 1041 ut
499 1017 658 1054 operam
691 1005 784 1042 dare
815 1019 893 1043 non
923 1007 1081 1055 possim,
1114 1020 1150 1044 v.
1183 1007 1232 1044 ad
1254 1006 1342 1043 Aul.
1378 1007 1470 1044 333.
1510 1005 1614 1043 Pers.
1648 1007 1742 1044 491.

289 1092 345 1097 —-
377 1074 471 1110 287.
507 1067 608 1120 Quid
636 1075 783 1121 aetatis,
806 1088 841 1112 v.
870 1074 1003 1112 Madv.
1030 1074 1094 1112 Gr.
1124 1074 1210 1112 Lat.
1237 1075 1329 1112 238.
1363 1093 1416 1099 —
1446 1073 1744 1121 Acherunticus,

290 1142 336 1179 cf.
369 1141 454 1180 Mil.
487 1143 581 1180 629.
618 1161 666 1166 -
702 1144 794 1181 289.
826 1144 1055 1192 septuennis,
1093 1144 1165 1181 hae
1203 1144 1306 1180 enim
1347 1147 1462 1180 aetate
1502 1143 1655 1180 litteras
1686 1143 1744 1179 di-

290 1223 396 1248 scere
433 1211 689 1260 incipiebant,
728 1225 762 1249 v.
803 1214 907 1250 infra
950 1213 1041 1250 300.
1075 1213 1124 1250 ad
1155 1211 1293 1250 Bacch.
1328 1212 1422 1250 437.
1485 1211 1638 1261 Ussing,
1672 1211 1744 1249 Er-

290 1280 459 1328 ziehung
495 1292 533 1316 u.
565 1279 797 1318 Unterricht
835 1281 898 1318 bei
929 1281 1003 1319 den
1034 1281 1230 1319 Griechen
1260 1293 1297 1318 u.
1331 1281 1500 1318 Rbmern
1532 1293 1569 1329 p.
1603 1281 1652 1318 81
1687 1293 1743 1329 sq.

289 1367 345 1373 —
376 1348 470 1385 292.
503 1359 617 1395 quom
647 1350 838 1396 extemplo,
870 1363 906 1387 v.
939 1349 988 1386 ad
1018 1349 1159 1400 Amph.
1193 1350 1286 1388 858.
1318 1351 1374 1387 est
1401 1349 1520 1386 etiam
1549 1349 1603 1394 A3
1637 1348 1746 1386 audi-

290 1421 356 1454 tur
389 1414 601 1466 „aliquis“;
636 1418 683 1456 cf.
716 1418 765 1455 ad
796 1417 891 1456 Cist.
921 1419 983 1456 18.
1011 1418 1167 1456 delebat
1182 1418 1227 1455 R.
1264 1438 1311 1443 —
1347 1418 1440 1455 294.
1473 1416 1528 1454 bis
1559 1419 1676 1465 tanto,
1707 1429 1743 1454 v.

292 1485 340 1523 ad
371 1485 511 1534 Amph.
546 1487 641 1523 936.
672 1505 727 1511 —
758 1487 851 1524 295.
883 1488 917 1524 si
945 1488 1043 1525 scias
1073 1488 1120 1524 A.
1166 1486 1268 1523 Nota
1299 1486 1558 1536 aposiopesis:
1591 1487 1624 1522 si
1647 1485 1745 1522 scias

291 1567 376 1604 quae
418 1555 496 1592 alia
532 1568 693 1593 narrare
731 1558 898 1604 possim,
936 1556 1058 1605 magis
1096 1555 1168 1593 hoc
1207 1554 1326 1601 dicas,
1365 1558 1410 1591 ut
1445 1554 1561 1604 plene
1600 1553 1746 1590 dicitur

290 1623 376 1661 Ter.
415 1623 515 1660 Eun.
558 1625 635 1661 355
677 1637 749 1673 sq„
789 1625 834 1662 cf.
874 1625 975 1661 infra
1013 1624 1107 1661 437.
1168 1622 1308 1660 Pseud.
1351 1623 1442 1660 752.
1503 1621 1615 1659 Curc.
1651 1622 1742 1658 321.

291 1691 376 1730 Cas.
411 1692 504 1729 642.
553 1692 645 1730 Ter.
677 1692 815 1729 Heaut.
845 1694 936 1730 599.
984 1691 1040 1729 Pl.
1067 1691 1205 1729 Bacch.
1234 1691 1333 1729 695:
1384 1691 1527 1737 „Immo
1552 1691 1584 1727 si
1608 1689 1745 1727 audias
1790 1735 1796 1738 -

291 1773 391 1810 quae
438 1761 544 1797 dicta
591 1760 732 1798 dixit“.
791 1759 907 1811 Epid.
955 1762 1049 1798 446.
1089 1780 1136 1785 —
1183 1761 1274 1798 297.
1316 1759 1449 1797 Malae
1491 1759 1549 1796 rei
1585 1758 1744 1807 scripsi;

291 1829 437 1877 pendet
482 1842 503 1866 a
540 1829 645 1878 plus.
708 1829 809 1867 Cett.
849 1829 935 1867 edd.
980 1828 1151 1876 „Malam
1192 1826 1316 1873 rem“,
1354 1832 1399 1865 ut
1428 1827 1666 1865 audiendum
1695 1828 1747 1864 sit

295 1897 454 1945 „videre
492 1911 553 1935 me
591 1898 719 1936 dico·‘.
781 1897 926 1935 Malam
957 1911 1037 1935 rem
1069 1898 1144 1935 sibi
1175 1911 1216 1935 se
1247 1910 1436 1947 quaerere,
1468 1895 1590 1945 probe
1620 1896 1742 1932 novit.

295 1985 341 1991 —
377 1967 500 2004 benest
530 1967 647 2003 etiam
677 1967 718 2003 in
749 1972 924 2004 extremo
955 1979 1072 2003 versu
1090 1968 1136 2004 A.
1170 1984 1218 1991 —
1256 1966 1347 2004 300.
1380 1965 1508 2012 occepi
1537 1965 1578 2001 in
1609 1964 1743 2002 ludum

292 2035 523 2072 litterarium
561 2036 607 2073 A.
641 2055 694 2059 —
728 2036 818 2073 301.
863 2036 1018 2082 Ternas,
1059 2048 1111 2072 sc.
1152 2035 1321 2081 litteras,
1365 2033 1471 2083 quod
1509 2046 1556 2070 ex
1593 2036 1744 2070 antece-

293 2103 478 2141 dentibus
508 2104 622 2141 facile
653 2103 825 2150 auditur,
857 2117 893 2141 v.
926 2104 976 2141 ad
1007 2102 1090 2141 Mil.
1127 2103 1225 2149 1873
1257 2103 1324 2140 sed
1357 2102 1607 2140 distributiva
1637 2100 1746 2138 nulla

292 2174 350 2210 vis
382 2176 442 2210 est
470 2174 510 2209 in
541 2173 744 2210 numerali.
781 2192 829 2197 -—
865 2174 958 2211 305.
992 2173 1113 2221 capite
1142 2183 1250 2218 cano,
1292 2171 1339 2208 cf.
1372 2171 1420 2208 ad
1450 2171 1589 2223 Bacch.
1626 2170 1744 2208 1098.

295 2260 344 2266 —
380 2242 472 2279 303.
505 2240 548 2278 Sa·
578 2271 586 2278 .
606 2269 642 2278 ..
674 2253 740 2279 seu
771 2242 888 2278 etiam
919 2242 963 2287 A,
1002 2254 1038 2277 v.
1070 2239 1119 2276 ad
1150 2238 1261 2277 Cure.
1294 2241 1332 2276 4.
1370 2238 1472 2282 „sei“
1509 2239 1631 2276 altero
1662 2238 1745 2276 loco

294 2309 338 2348 R.
374 2329 422 2335 —
456 2311 567 2356 istuc,
598 2310 704 2359 quod
735 2311 775 2347 iu
807 2311 936 2360 capite
967 2321 1074 2357 gero.
1109 2326 1163 2334 —
1195 2309 1288 2345 305.
1320 2309 1451 2357 stanti,
1481 2309 1517 2346 si
1537 2307 1733 2353 falsumA

294 2379 398 2417 Cam.
433 2392 479 2415 ex
511 2379 669 2415 ceteris:
708 2379 764 2425 „si
795 2378 934 2415 falsum
966 2381 1024 2415 est
1054 2378 1114 2414 uti
1138 2374 1348 2426 eloquar“;
1378 2389 1549 2427 praesens
1572 2375 1747 2412 restituit

294 2448 407 2485 Both.
468 2448 590 2485 stante·
618 2448 642 2484 i.
676 2460 707 2483 e.
740 2447 794 2484 sic
825 2451 869 2484 ut
899 2450 981 2494 sto;
1019 2445 1215 2494 Bergkius
1255 2446 1419 2482 contulit
1449 2444 1492 2490 Q.
1526 2443 1601 2481 Cic.
1633 2443 1744 2492 petit.

295 2529 399 2554 cons.
433 2517 471 2563 3,
508 2517 575 2553 10:
620 2516 710 2564 „qui
745 2545 752 2553 .
773 2545 780 2553 .
801 2545 808 2553 .
828 2545 836 2554 .
871 2516 960 2552 vivo
993 2515 1115 2551 stanti
1147 2513 1289 2551 collum
1323 2513 1453 2561 gladio
1486 2526 1555 2549 sua
1585 2511 1747 2548 dextera

294 2584 502 2622 secuerit“.
536 2606 590 2610 —
621 2584 754 2631 loquor
770 2585 815 2621 A.
851 2603 898 2608 -
934 2583 1026 2620 306.
1060 2594 1105 2620 ac
1135 2583 1180 2619 A.
1212 2601 1267 2606 ——
1299 2583 1390 2619 309.
1426 2584 1467 2617 nt
1497 2592 1552 2617 me
1581 2579 1746 2617 amando

295 2655 417 2692 enices
455 2655 572 2690 etiam
613 2654 659 2690 A.
721 2652 843 2701 Nugae
883 2652 985 2689 senis
1031 2650 1297 2700 relinquendae
1337 2654 1447 2695 sunt,
1493 2648 1598 2697 quod
1637 2649 1745 2698 prius

296 2723 401 2760 edidi
445 2719 677 2769 „secando“,
717 2720 990 2758 abiiciendum.
1062 2719 1206 2756 Hiatur
1244 2722 1283 2754 et
1324 2719 1363 2754 in
1395 2730 1541 2754 caesura
1581 2720 1620 2753 et
1657 2719 1745 2752 ante

295 2795 509 2828 extremum
543 2789 741 2827 creticum.
778 2807 826 2813 —
872 2788 963 2825 310.
996 2787 1134 2825 Senem
1166 2789 1376 2825 amatorem
1409 2783 1539 2822 ridens
1569 2783 1745 2821 umbram
