1963 3243
331 202 414 241 226
967 197 1180 232 Pseudolus.

324 324 524 376 proxima
553 322 780 376 Dionysia.
840 326 886 364 R.
920 326 1037 362 male:
1081 338 1296 375 „proxuma
1327 325 1376 362 ad
1408 324 1479 364 D.“
1515 345 1569 351 —
1609 327 1672 364 60.
1713 321 1820 364 Cras

335 425 343 432 .
365 425 371 432 .
391 426 397 432 .
417 394 536 442 sunt3
578 395 658 431 haec
690 394 776 432 edd.
809 394 988 431 Acidalio
1019 394 1114 430 duce
1139 392 1320 430 Calidoro
1352 393 1460 439 dant,
1492 395 1648 431 iniuria.
1671 413 1728 419 -
1752 394 1817 432 61.

338 464 415 510 „mi
445 464 485 499 in
516 463 581 500 ted
615 460 696 499 est“
733 461 778 498 R.
810 461 872 497 hic
903 465 943 498 et
974 462 1039 498 72.
1070 480 1126 485 -—-
1157 462 1221 498 64.
1254 470 1402 507 mores,
1434 462 1481 498 cf.
1509 462 1557 498 ad
1582 461 1697 499 Most.
1725 462 1818 499 279.

334 549 388 555 ——
420 531 484 568 65.
516 526 852 568 suauisuauiatio
883 531 928 575 A,
961 542 995 565 v.
1024 527 1072 565 ad
1094 528 1231 566 Bacch.
1263 530 1352 567 114.
1386 549 1440 554 -
1473 529 1537 566 66.
1570 538 1818 577 comparum,

332 598 431 636 bene
470 598 801 642 convenientium,
849 597 896 633 cf.
936 596 1029 633 Hor.
1063 595 1133 633 Od.
1165 596 1213 642 ΙΙ,
1257 600 1293 644 5,
1335 599 1378 634 2:
1431 597 1587 643 „munia
1624 598 1820 646 comparis

335 663 543 715 aequare“.
577 685 631 690 —
670 666 720 702 68
761 677 806 701 ex
844 665 879 700 A
915 665 1086 713 protulit
1116 663 1288 702 Studem.
1323 665 1453 701 Herm.
1489 664 1503 700 l
1539 678 1578 713 p.
1613 665 1712 711 297,
1753 664 1820 712 qui

334 733 438 783 quod
476 732 732 779 „Nostrorum
757 729 978 780 orgiorum“
1008 732 1169 780 legerat,
1198 732 1271 769 hoc
1298 733 1413 769 hodie
1438 733 1514 781 legi
1533 736 1650 779 negat
1664 731 1820 768 L6wius

334 814 403 838 nec
443 801 631 850 scriptum
670 800 790 836 fuisse
825 803 941 848 putat
979 799 1090 836 Anal.
1123 799 1181 835 Pl.
1214 813 1253 848 p.
1291 800 1380 836 153.
1413 819 1468 824 ——
1510 800 1560 836 69
1602 798 1716 835 affert
1744 797 1820 836 No-

335 870 421 906 nius
459 881 496 917 p.
530 868 624 904 422.
657 863 989 912 horridularum,
1037 868 1336 904 tumescentium
1375 871 1412 903 et
1451 856 1726 905 obnitentium.
1767 886 1824 891 —

336 938 401 974 70.
434 932 607 973 Hammo
637 936 682 981 A,
715 949 750 972 v.
779 934 952 971 Studem.
977 935 1076 971 Anu.
1109 934 1204 982 phil.
1237 934 1361 972 CXIII
1393 948 1431 984 p.
1467 936 1530 972 60.
1562 931 1823 982 uoluptatum

335 1005 460 1042 altera
491 1008 683 1051 correpta,
715 1015 749 1039 v.
782 1002 935 1050 Proleg.
967 1016 1003 1051 p.
1027 1002 1117 1039 204.
1179 998 1324 1040 itidem
1354 1002 1413 1039 ed.
1441 1015 1500 1051 pr.
1525 1022 1581 1026 ——
1612 1003 1675 1039 71.
1709 1001 1824 1039 affert

335 1072 484 1110 Nonius
509 1085 546 1120 p.
569 1072 659 1108 184.
677 1090 730 1095 ·-
757 1071 819 1107 72.
852 1065 953 1106 mihi
976 1066 1022 1106 in
1056 1069 1091 1106 te
1122 1069 1186 1106 est
1214 1070 1286 1107 aut
1317 1065 1391 1107 tibi
1422 1070 1483 1107 est
1514 1070 1572 1107 ed.
1591 1083 1664 1119 pr„
1691 1069 1737 1107 cf.
1756 1070 1822 1108 61.
1891 1096 1898 1103 .,

335 1159 390 1165 -
417 1140 481 1176 73.
514 1134 622 1176 sciui
650 1138 695 1184 A,
728 1139 752 1174 i.
774 1151 805 1175 e.
825 1138 1009 1186 comperi.
1043 1137 1088 1173 cf.
1116 1137 1257 1174 Bacch.
1277 1139 1369 1175 356.
1415 1137 1532 1175 Poen.
1553 1138 1644 1174 771.
1692 1137 1822 1174 Madv.

336 1206 419 1244 Em.
454 1203 567 1243 Liv.²
597 1218 634 1254 p.
661 1207 752 1243 613.
801 1205 877 1242 Cic.
911 1205 959 1241 ad
990 1204 1075 1241 Att.
1101 1205 1166 1250 IV,
1201 1206 1223 1242 8
1243 1205 1283 1252 Β,
1319 1206 1354 1243 3.
1402 1204 1514 1242 ovid.
1538 1205 1635 1242 Met.
1660 1204 1703 1252 V,
1727 1205 1822 1243 472.

336 1274 489 1312 Phaedr.
521 1274 585 1320 IV,
621 1276 690 1320 25,
731 1275 794 1310 32.
856 1273 988 1310 Senec.
1022 1273 1094 1322 Ep.
1130 1275 1193 1319 24,
1230 1275 1292 1311 15.
1353 1273 1492 1321 Bergk.
1530 1269 1737 1319 ‚,resciui“.
1769 1290 1823 1297 —

339 1344 403 1381 74.
443 1339 546 1392 quid
574 1351 695 1387 ames,
729 1338 832 1390 quid
860 1337 1047 1386 simules,
1088 1345 1280 1389 quatenus
1311 1354 1444 1386 verus,
1484 1344 1679 1389 quatenus
1705 1341 1820 1377 simu·
1880 1365 1886 1370 -

336 1412 439 1448 latus
473 1424 581 1447 amor
611 1414 702 1446 tuus
733 1411 803 1455 sit,
837 1409 883 1446 cf.
916 1409 998 1446 Mil.
1034 1409 1125 1446 627.

452 1480 515 1516 76.
552 1474 784 1523 Pumiceos,
825 1477 976 1523 aridos,
1017 1490 1053 1513 v.
1086 1477 1134 1513 ad
1175 1476 1262 1513 Aul.
1297 1477 1388 1513 289.
1421 1495 1475 1499 —
1509 1476 1573 1512 79.
1606 1471 1733 1512 audes
1762 1473 1821 1512 ed.

337 1560 409 1597 Ρη,
441 1548 464 1583 i.
486 1560 517 1584 e.
545 1548 615 1592 vis,
648 1559 682 1582 v,
709 1545 757 1582 ad
782 1545 890 1581 Asin.
917 1545 1011 1581 473.
1062 1539 1172 1592 Quid
1195 1540 1349 1592 faciam
1373 1538 1469 1580 tibi?
1503 1542 1550 1579 cf.
1568 1542 1708 1592 Amph.
1729 1542 1822 1580 455.

338 1614 488 1664 Saepius
526 1616 567 1651 in
607 1613 806 1663 puniendo
839 1616 878 1649 et
909 1612 1139 1659 corrigendo
1173 1612 1328 1657 dicitur,
1360 1615 1404 1648 ut
1435 1611 1517 1648 Mil.
1552 1611 1643 1648 608.
1707 1609 1824 1663 Poen.
1892 1614 1906 1666 ι’
1944 1637 1949 1669 3

342 1684 432 1720 143.
452 1683 545 1720 407.
579 1682 684 1719 Pers.
706 1682 797 1718 267.
830 1680 917 1717 Ter.
943 1679 1042 1716 Eun.
1063 1680 1154 1717 849.
1188 1679 1320 1717 Madv.
1338 1679 1386 1716 ad
1405 1678 1481 1716 Cic.
1499 1678 1646 1724 Fin.11‚
1676 1678 1740 1724 24,
1760 1678 1824 1715 79.

339 1770 394 1776 —-
419 1751 483 1788 80.
521 1746 606 1788 CA.
638 1745 772 1786 Eheu.
808 1744 887 1785 ΡΒ.
920 1743 1043 1784 Eheu
1069 1747 1113 1784 R.
1162 1747 1273 1793 Quod
1305 1748 1470 1795 roganti,
1504 1747 1599 1795 quid
1629 1759 1669 1783 se
1698 1745 1827 1782 facere

340 1820 475 1864 vellet,
515 1817 720 1855 Calidorus
760 1816 859 1854 nihil
898 1815 1003 1852 aliud
1045 1816 1257 1864 respondet
1293 1815 1368 1852 nisi
1400 1810 1539 1860 Eheu,
1586 1813 1626 1850 id
1657 1812 1826 1862 quidem,

340 1883 438 1924 eheu
469 1886 693 1933 similesque
724 1884 925 1933 querelas,
969 1896 1009 1920 se
1031 1884 1232 1932 promittit
1255 1882 1407 1920 abunde
1441 1882 1642 1927 daturum,
1683 1884 1722 1918 et
1746 1884 1825 1918 tam

339 1955 501 2003 largiter
519 1953 674 2002 quidem
693 1956 736 1989 ut
751 1953 799 1988 iis
816 1965 975 2001 parcere
992 1965 1069 1988 non
1086 1964 1184 2000 opus
1201 1952 1264 1996 sit,
1285 1951 1420 1999 itaque
1437 1948 1607 1986 irridens
1630 1951 1670 1986 in
1693 1940 1828 1998 proxi-v

340 2023 412 2059 mis
442 2021 540 2058 illud
574 2021 672 2058 eheu
703 2023 844 2070 saepius
876 2020 1033 2069 repetit.
1106 2016 1153 2056 id
1181 2019 1300 2068 igitur
1331 2031 1417 2054 cum
1450 2011 1553 2054 dabo
1583 2018 1715 2064 iungo,
1747 2028 1824 2054 non

339 2100 385 2126 ut
415 2089 460 2126 R.
495 2101 580 2126 cum
615 2085 788 2137 „parsis“
825 2084 889 2135 (cf.
922 2087 970 2123 ad
1002 2086 1112 2124 Cure.
1149 2081 1258 2134 381).
1291 2105 1347 2111 -
1386 2086 1449 2122 83.
1488 2085 1711 2131 „mulierem
1741 2095 1824 2121 cras

341 2156 423 2195 est“
458 2157 570 2194 Both.
605 2175 655 2180 —
691 2156 754 2193 84.
795 2153 975 2193 asliuuas
1006 2154 1120 2191 Both.
1153 2174 1208 2179 —
1247 2155 1312 2191 85.
1352 2149 1488 2201 imglis,
1526 2152 1720 2201 perennis.
1779 2148 1826 2189 in
1882 2198 1885 2204 .

340 2225 486 2263 mostra
518 2223 653 2271 domo,
686 2224 753 2261 ubi
783 2224 991 2272 vapulare,
1025 2235 1101 2259 non
1130 2222 1336 2259 thesauros
1367 2233 1591 2270 comparare
1622 2220 1739 2256 soleo.
1772 2236 1825 2243 —
1880 2264 1882 2267 .

344 2313 394 2318 --
428 2294 491 2330 86.
534 2292 640 2330 wa.
673 2305 790 2341 quum
824 2293 860 2327 in
885 2291 918 2327 A
950 2292 1127 2338 legisset:
1176 2286 1481 2327 Actumestdem
1515 2293 1554 2324 et
1582 2289 1622 2324 in
1654 2292 1825 2325 extremo

342 2374 473 2398 versu:
527 2359 772 2405 tumultum,
815 2359 932 2396 scribi
971 2359 1114 2395 voluit:
1165 2358 1368 2405 „Actumst
1409 2356 1456 2392 de
1497 2369 1555 2392 me
1595 2355 1722 2392 hodie.
1755 2352 1824 2391 sed

341 2434 453 2478 potes
483 2433 526 2464 tu
558 2424 772 2464 mutuam“.
834 2426 932 2463 Mihi
963 2430 1007 2462 ut
1030 2425 1198 2462 Miillero
1223 2424 1381 2462 Nachtr.
1408 2437 1444 2473 p.
1475 2424 1550 2460 138
1583 2420 1667 2461 iam
1698 2422 1824 2471 aptius

342 2499 466 2534 visum
498 2500 556 2532 est
587 2508 700 2545 quam
738 2492 918 2540 „hodie“.
958 2513 1013 2518 —-
1055 2494 1118 2530 87.
1161 2490 1260 2530 dare
1290 2502 1416 2529 unam
1448 2487 1549 2528 milei
1579 2491 1624 2527 A.
1664 2510 1719 2515 -
1759 2489 1821 2527 88.
1879 2539 1881 2541 Ι

347 2562 453 2610 „est“
489 2564 563 2601 del.
588 2562 778 2611 Pylades3
810 2559 850 2599 Si
881 2566 939 2598 est
970 2562 1134 2605 etiamsi,
1168 2573 1202 2597 v,
1229 2560 1277 2597 ad
1300 2560 1408 2596 Asin.
1436 2559 1525 2596 163.
1568 2558 1632 2596 R.:
1670 2558 1822 2607 „opium

344 2630 456 2669 etsi“.
492 2651 545 2656 -—
576 2639 778 2686 opponam
805 2626 983 2679 pzssqnori,
1018 2629 1062 2665 ef.
1097 2628 1183 2665 Ter.
1204 2628 1357 2664 Phorm.
1377 2628 1469 2664 661.
1517 2625 1643 2662 Catul.
1677 2626 1741 2663 26.
1770 2641 1824 2649 -

345 2700 407 2736 89.
442 2696 544 2748 quid
573 2708 619 2736 ea
651 2694 874 2736 ‹Iraelmma
897 2699 1014 2734 A.—
1038 2697 1103 2734 90.
1135 2705 1198 2732 me
1227 2694 1379 2744 faczam
1407 2690 1619 2743 pensilem,
1653 2705 1712 2730 me
1742 2705 1823 2729 sus-

344 2766 527 2815 pendam,
568 2766 614 2803 cf.
649 2766 766 2803 Poen.
801 2766 892 2802 309.
982 2764 1224 2813 Porphyrius
1262 2763 1309 2800 ad
1351 2762 1443 2799 Hor.
1477 2761 1558 2799 Sat.
1590 2760 1645 2807 II,
1686 2761 1731 2807 2,
1770 2758 1820 2797 99
