1963 3243
295 205 376 244 222
964 200 1066 234 Miles

294 333 496 382 perculsus
528 335 566 368 et
594 333 641 379 μὴ
665 332 939 379 μνησικακήσειν
965 330 1147 380 promisit
1170 335 1209 368 et
1234 332 1358 368 servis
1382 344 1423 368 se
1446 323 1744 368 verberantibus

295 401 498 449 pecuniam
531 399 652 436 dedit.

408 467 490 504 Hoc
523 471 750 516 argumento
783 467 916 504 audito
947 466 1157 516 plerosque
1184 468 1354 505 arbitror
1380 465 1622 502 iudicaturos
1647 479 1744 512 esse,

297 537 492 586 egregiam
531 534 621 571 inde
663 534 832 571 fabulam
873 534 958 571 fieri
997 548 1112 584 posse
1143 536 1370 585 optimoque
1408 537 1528 584 poeta
1566 533 1744 581 dignam3

297 618 382 641 nam
424 608 462 640 et
500 616 629 640 rerum
670 606 709 639 et
745 615 1003 652 personarum
1043 604 1234 639 varietate
1274 602 1448 647 excellit,
1493 606 1531 638 et
1569 602 1746 651 pericula

297 672 531 722 gravissima
560 672 608 707 iis
635 671 750 707 rebus
775 674 1023 719 superantur,
1056 684 1141 720 quae
1166 672 1206 707 in
1230 672 1316 720 ipso
1344 672 1575 716 argumento
1599 671 1743 717 insunt,

298 741 512 776 alterorum
544 740 690 775 virtute
722 743 760 775 et
791 739 964 783 audacia,
999 738 1207 776 alterorum
1241 739 1471 787 stupiditate
1496 742 1535 774 et
1559 739 1746 786 nequitia.

297 809 429 845 Nihilo
455 809 582 844 minus
605 808 766 844 fuerunt
792 809 858 855 qui
884 806 1231 855 reprehenderent,
1265 820 1308 843 ac
1331 820 1408 843 non
1431 819 1551 842 unum
1575 805 1643 842 sed
1670 805 1746 842 duo

299 880 528 925 argumenta
567 889 651 912 esse
690 876 864 912 dicerent
904 876 1014 912 tenui
1055 876 1209 912 vinculo
1248 876 1474 921 coniuncta,
1513 874 1616 911 unde
1648 873 1748 910 effici

298 947 502 994 putarunt,
543 943 724 980 Plautum
764 956 839 980 non
870 957 986 980 unam
1018 943 1189 980 fabulam
1220 942 1393 980 Graecam
1426 942 1620 979 imitatum
1653 955 1747 987 esse,

299 1012 366 1049 sed
409 1013 504 1049 duas
542 1013 847 1059 contaminasse3
887 1010 1081 1048 Lusciano
1123 1012 1226 1048 enim
1264 1006 1646 1059 convicio‘gaudent
1674 1011 1748 1047 viri

300 1081 418 1117 docti.
487 1080 600 1126 Quod
638 1093 755 1129 quum
795 1079 1040 1128 Ladewigius
1080 1083 1119 1116 et
1158 1079 1374 1116 Lorenzius
1412 1078 1581 1127 probare
1620 1080 1748 1115 conati

301 1151 446 1194 essent,
493 1150 671 1197 quamvis
718 1148 872 1184 Brixius
917 1148 1135 1197 prudenter
1179 1149 1380 1192 reiecerit,
1428 1146 1471 1184 F.
1512 1146 1750 1184 Schmidtius

300 1221 431 1253 tamen
472 1213 630 1263 (Annal.
662 1216 757 1267 phil.
791 1216 982 1266 supplem.
1014 1216 1082 1253 IX.
1116 1229 1153 1265 p.
1188 1211 1286 1258 391)
1319 1215 1445 1252 denuo
1477 1215 1655 1265 pluribus
1686 1227 1749 1250 ex-

301 1287 455 1335 posuit3
488 1286 599 1333 quasi
624 1285 785 1332 integrae
810 1284 953 1321 fabulae
979 1288 1084 1321 esset
1109 1288 1382 1334 argumentum
1408 1283 1504 1320 illud
1531 1283 1577 1320 de
1600 1284 1750 1333 pariete

300 1353 480 1402 perfosso
512 1357 551 1389 et
581 1365 692 1389 servo
716 1352 889 1389 ludibrio
913 1352 1060 1398 habito,
1095 1366 1139 1389 ac
1163 1365 1240 1389 non
1265 1365 1397 1389 omnes
1422 1351 1565 1388 dicturi
1590 1351 1749 1396 fuerint,

300 1427 382 1459 tum
422 1422 578 1458 demum
614 1420 764 1458 finitam
805 1434 890 1457 esse
930 1420 1122 1467 fabulam,
1162 1421 1230 1458 ubi
1269 1421 1402 1469 puella
1441 1419 1752 1465 liberata'esset

302 1491 489 1540 milesque
527 1503 657 1539 paenas
699 1490 883 1526 dedisset.
945 1489 1012 1526 Sin
1052 1492 1182 1526 autem
1213 1489 1286 1526 hoc
1316 1491 1457 1538 ipsum⁷
1499 1492 1544 1524 ut
1571 1488 1751 1525 Philoco-

305 1561 462 1596 masium
497 1572 518 1595 a
548 1559 674 1595 milite
713 1558 882 1594 liberata
923 1559 1087 1596 amatori
1120 1557 1321 1603 reddatur,
1362 1558 1580 1607 legitimum
1611 1556 1752 1593 fabulae

304 1631 577 1675 argumentum
610 1640 694 1664 esse
727 1626 821 1662 dicit
845 1630 884 1663 et
907 1630 1078 1676 poetam,
1111 1626 1213 1675 quod
1240 1628 1323 1663 eius
1347 1626 1598 1675 simplicitate
1615 1637 1753 1674 parum

304 1699 511 1733 contentus
550 1696 715 1732 aliarum
755 1695 796 1732 id
835 1708 964 1731 rerum
1005 1696 1198 1731 varietate
1239 1693 1483 1740 distinxerit,
1530 1694 1751 1743 vituperat,

305 1778 471 1814 paucos,
512 1764 648 1809 credo,
687 1763 762 1800 sibi
803 1763 964 1800 habebit
1003 1764 1274 1800 assentientes.
1360 1762 1584 1809 Longitudo
1622 1765 1753 1798 autem
1791 1808 1798 1811 -

305 1833 445 1870 fabulae
477 1845 589 1881 quem
623 1831 796 1879 offendit,
834 1833 866 1868 is
899 1835 937 1868 et
969 1831 1055 1868 aliis
1087 1830 1364 1867 additamentis
1395 1831 1639 1879 inquinatam
1672 1842 1754 1866 esse

306 1906 345 1937 et
376 1902 458 1937 eius
489 1913 624 1946 scenae,
656 1913 740 1949 quae
764 1900 880 1949 vulgo
914 1903 1023 1936 actus
1055 1900 1161 1936 tertii
1194 1900 1323 1948 prima
1352 1898 1516 1943 dicitur,
1548 1899 1753 1935 maximam

306 1974 457 2019 partem
488 1966 540 2016 (V.
575 1966 814 2017 617—765)
848 1982 869 2004 a
900 1968 1042 2004 Plauto
1075 1968 1240 2004 alienam
1273 1967 1397 2004 videri
1430 1956 1598 2017 reputet.
1659 1966 1755 2004 Mihi

307 2038 414 2075 nulla
460 2051 576 2075 causa
621 2051 704 2075 esse
749 2038 919 2076 videtur.
973 2050 1040 2074 cur
1080 2049 1156 2073 non
1202 2049 1318 2072 unam
1374 2037 1543 2086 aliquam
1583 2035 1753 2073 Graecam

308 2105 479 2142 fabulam
511 2106 651 2143 Plauto
684 2106 932 2143 obversatam
966 2118 1049 2142 esse
1081 2105 1253 2151 credam,
1294 2106 1350 2142 ita
1382 2103 1538 2153 quidem
1569 2107 1613 2140 ut
1642 2104 1757 2141 solita

308 2178 346 2210 et
376 2175 460 2210 iure
492 2187 673 2212 concessa
704 2174 874 2211 addendi
905 2173 1111 2210 omittendi
1142 2172 1319 2210 mutandi
1352 2173 1508 2209 lieentia
1540 2175 1728 2209 uteretur.

422 2243 596 2281 Graecum
636 2242 777 2279 fabulae
815 2255 953 2279 nomen
982 2242 1126 2284 Ἀλαζών
1156 2242 1243 2286 fuit,
1278 2256 1312 2278 v.
1338 2242 1402 2286 86,
1435 2244 1571 2277 auctor
1601 2241 1756 2289 ignotus

309 2316 377 2349 est.
467 2311 682 2348 Menander
725 2311 883 2360 quidem
930 2312 1079 2360 pariete
1125 2311 1299 2359 perfosso
1348 2311 1403 2346 ita
1446 2313 1491 2345 ut
1539 2323 1587 2346 ex
1625 2309 1757 2346 vicinis

311 2381 458 2417 aedibus
489 2380 622 2429 puella
652 2380 750 2416 clam
782 2381 930 2416 intrare
961 2377 1100 2428 possit,
1132 2380 1172 2415 iu
1196 2379 1404 2416 Phasmate
1430 2391 1525 2415 usus
1551 2381 1622 2423 est,
1655 2376 1757 2426 quod

310 2462 427 2498 quum
460 2450 534 2485 iam
566 2447 741 2485 Donatus
780 2447 827 2484 ad
860 2448 1031 2485 Terentii
1070 2447 1246 2484 Eunueh.
1279 2461 1314 2484 v.
1349 2448 1370 2483 9
1404 2449 1756 2490 commemorasset,

311 2531 434 2566 nuper
467 2519 623 2553 invento
648 2517 866 2564 fragmento
890 2516 994 2553 illius
1019 2517 1160 2554 fabulae
1185 2515 1452 2551 confirmatum
1485 2518 1544 2551 est
1575 2510 1630 2562 (v.
1648 2513 1757 2551 Jern-

311 2586 428 2622 stedt.
463 2586 699 2634 Fragmenta.
730 2584 1003 2633 Porphyrinna
1036 2584 1255 2621 Comoediae
1289 2584 1441 2626 Atticae,
1476 2582 1631 2620 Petrob.
1655 2581 1753 2619 1891

312 2668 348 2703 p.
382 2656 451 2691 151
483 2650 585 2703 sqq.)
632 2653 742 2699 Quod
769 2658 913 2689 nostrae
947 2652 1085 2689 fabulae
1118 2656 1388 2699 argumentum
1423 2651 1557 2688 eodem
1592 2649 1757 2688 artificio

313 2723 464 2762 nititur.
497 2724 626 2759 notari
661 2722 788 2767 (lebet,
821 2721 886 2758 sed
922 2721 1013 2756 nihil
1040 2720 1128 2757 inde
1153 2719 1252 2756 effici
1279 2732 1393 2769 posse
1412 2719 1582 2756 videtur.
1628 2718 1756 2767 Ipsum

315 2795 442 2827 nutem
487 2791 582 2827 illud
630 2794 885 2827 commentum
927 2789 972 2824 de
1013 2791 1162 2837 pariete
1199 2789 1376 2838 perfosso
1417 2800 1462 2823 ex
1502 2787 1611 2824 India
1650 2798 1758 2835 repe·
