1963 3243
303 221 379 259 156
978 212 1099 246 Plauti
1496 210 1568 253 III,
1593 212 1624 251 3,
1649 212 1783 246 66-78

908 337 1174 379 Aduocati

305 413 410 454 Cum
442 412 542 453 illoc
572 415 616 452 te
648 411 822 452 meliust
851 423 941 450 rem
972 413 1104 459 tuam,
1137 407 1401 456 adulescens,
1432 407 1562 462 loqui.

298 485 394 525 Illic
426 488 491 525 est
523 483 578 524 ad
609 483 718 524 istas
750 495 817 522 res
850 480 1023 534 probus,
1057 494 1165 533 quas
1198 480 1430 533 quaeritas.

873 570 1219 612 Collabiscus

302 645 460 687 Uidere
493 644 693 697 equidem
723 657 800 684 uos
831 642 999 690 uellem,
1034 656 1162 695 quom
1194 641 1294 682 huic
1325 656 1476 683 aurum
1510 642 1669 682 darem.
1723 653 1790 687 680

911 733 1181 774 Aduocati

302 808 426 849 Illinc
458 806 609 861 procul
640 819 718 846 nos
751 806 863 846 istuc
894 804 1248 858 inspectabimus.

870 893 1220 936 Collabiscus

305 971 469 1011 Bonam
501 968 681 1009 dedistis
715 967 817 1008 mihi
852 980 1042 1021 operam.

960 1057 1130 1111 Lycus

1092 1128 1131 1169 It
1162 1127 1216 1169 ad
1250 1141 1314 1168 me
1346 1128 1523 1169 lucrum.

878 1207 1221 1249 Collabiscus

305 1283 417 1325 Illud
449 1282 634 1335 quidem,
669 1295 873 1335 quorsum
905 1280 1052 1321 asinus
1083 1278 1225 1320 caedit
1256 1278 1459 1319 calcibus.

968 1370 1001 1410 L
1045 1383 1137 1410 cus

307 1445 470 1487 Blande
503 1445 716 1486 hominem
748 1385 1035 1497 compellabo.y
1079 1441 1248 1496 Hospes
1280 1441 1493 1494 hospitem

308 1517 496 1567 Salutat3
529 1515 696 1557 saluom
728 1519 770 1556 te
801 1514 1009 1556 aduenire
1041 1513 1219 1566 gaudeo.
1728 1522 1795 1556 685

869 1604 1231 1646 Collabiscus

305 1680 443 1721 Multa
475 1678 555 1720 tibi
589 1678 631 1719 di
664 1678 768 1720 dent
798 1677 925 1728 bona,
958 1691 1088 1731 quom
1119 1689 1185 1716 me
1218 1675 1383 1716 saluom
1417 1688 1507 1715 esse
1538 1675 1619 1715 uis.

967 1767 1000 1808 L
1045 1780 1134 1807 cus

304 1843 550 1896 Hospitium
582 1845 624 1882 te
656 1841 777 1882 aiunt
808 1782 1068 1892 quaeritaise.

873 1929 1223 1971 Collabiscus

1111 2000 1329 2050 Quaerito.

964 2091 1133 2144 Lycus

306 2167 374 2208 Ita
403 2167 467 2208 illi
500 2167 658 2215 dixere,
693 2166 766 2218 qui
798 2164 898 2205 hinc
930 2177 955 2204 a
986 2178 1052 2204 me
1083 2163 1283 2204 abierunt
1314 2162 1454 2212 modo,

307 2239 365 2280 Te
398 2239 646 2293 quaeritare
679 2251 704 2278 a
735 2236 904 2277 muscis.

879 2314 1224 2356 Collabiscus

962 2386 1136 2427 Minime
1168 2386 1371 2438 gentium.

973 2465 1004 2505 L
1049 2479 1141 2507 cus

310 2539 420 2588 Quid
452 2540 544 2580 ita?
1013 2480 1038 2519 y

400 2675 467 2708 678
492 2672 671 2717 ΩιιοῃτΒ
775 2673 861 2706 illuc
890 2671 919 2706 Ο
1018 2670 1149 2706 melius
1176 2671 1242 2705 BC
1344 2675 1442 2704 tuam
1467 2680 1543 2703 rem
1647 2669 1711 2701 681
1739 2668 1794 2701 in-

311 2731 559 2774 spectauimus
584 2729 620 2764 Β
726 2731 790 2764 683
818 2729 920 2764 cedit
949 2728 977 2763 C'
1077 2729 1142 2762 686
1168 2739 1240 2771 quo
1266 2726 1302 2760 Β
1405 2727 1471 2760 688
1495 2725 1535 2759 Ε.
1561 2735 1627 2759 om.
1732 2724 1798 2758 689

310 2788 367 2821 Ah
393 2788 542 2820 minime
569 2787 600 2819 A
