1963 3243
330 194 409 232 184
994 190 1114 225 Plauti
1494 192 1559 235 111,
1584 195 1617 232 4,
1644 193 1778 226 53—67

926 326 958 368 C
969 327 996 368 h
1008 329 1084 369 ari
1098 343 1122 368 n
1135 343 1160 369 u
1172 343 1191 369 s

441 399 534 450 Qua
563 399 701 442 forma
733 414 829 441 esse
861 400 1066 441 aiebant?

917 501 1192 555 Eutychus

1141 575 1232 628 Ego
1265 575 1406 616 dicam
1439 575 1538 616 tibi:
1651 603 1653 605 ·
1717 587 1783 620 630

326 643 508 693 Canum,
542 659 709 696 uarum,
740 646 1023 695 uentriosum,
1056 646 1375 697 bucculentum,
1407 645 1688 688 breuiculum,

327 716 554 770 Subnigris
585 718 738 768 oculis,
771 717 967 770 oblongis
999 717 1137 769 malis,
1172 732 1351 772 pansam
1384 718 1717 772 aliquantulum.

922 817 1191 862 Charinus

323 891 418 933 Non
458 891 676 934 hominem
724 891 840 939 mihi,
888 891 963 933 sed
1010 891 1294 934 thensaurum
1339 892 1484 934 nescio
1530 906 1658 946 quem
1694 905 1782 934 me-

1411 977 1556 1016 moras
1589 964 1703 1005 mali.

322 1036 436 1078 Num
469 1036 574 1090 quid
608 1041 690 1087 est,
723 1036 838 1090 quod
874 1036 995 1077 dicas
1028 1034 1147 1076 aliud
1181 1034 1234 1076 de
1266 1035 1368 1077 illo‘?

914 1138 1191 1192 Eutychus

1882 750 1891 757 ,.

1918 836 1939 962 ,μὴ-*ς
1934 816 1940 828 „
1934 802 1939 808 ,
1919 638 1946 793 ᾑφψν,
1932 559 1942 598 A*
1934 531 1938 547 -

1934 457 1943 508 -.η
1934 434 1942 448 ιι
1936 398 1944 423 ..ι

1928 1178 1935 1190 ς
1928 1044 1939 1161 -ψκι-ο-
1930 977 1944 1026 W

1262 1210 1449 1252 Tantum
1483 1212 1599 1265 quod
1632 1212 1780 1253 sciam.
1854 1234 1856 1237 >

922 1291 1191 1333 Charinus

322 1364 488 1417 Edepol
515 1378 568 1405 ne
593 1364 665 1405 ille
684 1365 880 1418 oblongis
898 1364 1022 1405 malis
1042 1363 1145 1405 mihi
1164 1363 1284 1404 dedit
1301 1377 1503 1416 magnum
1522 1364 1695 1405 malum.
1713 1375 1781 1408 635

317 1436 415 1477 Non
447 1451 621 1490 possum
657 1436 837 1484 durare;
871 1441 1081 1478 certumst
1112 1436 1356 1477 exsulatuff
1391 1436 1491 1478 hino
1522 1437 1584 1477 ire
1617 1450 1696 1478 me.

324 1508 407 1550 Sed
442 1523 570 1562 quam
604 1509 772 1563 capiam
806 1510 1028 1550 ciuitatem
1063 1510 1204 1561 cogito
1236 1509 1550 1562 potissumum:

318 1580 528 1631 Megares,
554 1580 783 1631 Eretriam,
809 1580 1078 1630 Corinthum,
1097 1579 1362 1630 Chalcidem,
1381 1580 1567 1630 Cretam,
1586 1579 1786 1634 Cyprum,

321 1652 560 1707 Sicyonem,
595 1652 792 1704 Cnidum,
824 1653 1108 1707 Zacynthum,
1145 1652 1390 1694 Lesbumne
1423 1667 1474 1693 an
1509 1651 1748 1693 Boeotiam.

909 1755 1190 1810 Eutychus

316 1827 402 1869 Cur
433 1829 546 1869 istuc
579 1834 756 1882 coeptas
788 1828 1048 1870 consilium?

915 1929 1186 1972 Charinus

926 2002 1039 2053 Quia
1071 2004 1183 2045 enim
1216 2019 1283 2046 me
1314 2005 1516 2049 adflictat
1547 2022 1679 2051 amor.
1712 2020 1780 2053 640

906 2107 1187 2160 Eutychus

314 2179 426 2230 Quid
474 2186 520 2220 tu
567 2180 667 2220 ais?
712 2179 816 2232 quid
865 2194 994 2233 quom
1041 2179 1158 2231 illuc,
1206 2196 1292 2235 quo
1338 2197 1453 2224 nunc
1492 2184 1556 2226 ire
1598 2185 1777 2238 paritas,

1401 2257 1588 2307 ueneris,

315 2322 357 2364 Si
390 2323 451 2364 ibi
484 2338 631 2365 amare
664 2324 776 2366 forte
808 2325 1011 2378 occipias,
1044 2330 1177 2379 atque
1209 2328 1313 2369 item
1348 2327 1440 2369 eius
1472 2328 1529 2370 sit
1560 2328 1720 2382 inopia,

315 2395 405 2437 Iam
425 2396 524 2437 inde
544 2411 675 2450 porro
693 2397 902 2450 aufugies,
933 2398 1088 2439 deinde
1105 2399 1207 2440 item
1227 2399 1356 2450 illino,
1376 2400 1411 2441 si
1430 2400 1534 2441 item
1553 2400 1777 2441 euenerit?

313 2467 419 2517 Quis
462 2468 614 2510 modus
655 2470 733 2511 tibi
766 2470 916 2512 exsilio
950 2471 1125 2513 tandem
1158 2472 1344 2523 eueniet,
1384 2472 1456 2526 qui
1487 2471 1584 2514 finis
1617 2471 1773 2526 fugae?

402 2584 470 2617 630
494 2583 575 2618 fora
599 2584 635 2619 B
728 2584 791 2618 631
816 2583 960 2618 uiarum
974 2584 1010 2618 B
1101 2585 1169 2619 632
1187 2597 1342 2629 pansum
1360 2584 1390 2620 0
1477 2586 1544 2620 633
1560 2585 1776 2619 thesaurum

314 2639 344 2674 0
431 2642 498 2674 638
525 2641 675 2684 Megare
702 2640 896 2675 seretriam
923 2641 966 2684 B,
993 2641 1141 2686 Megare
1167 2641 1354 2676 feretriam
1381 2641 1409 2676 Ο
1501 2641 1699 2676 chalcitam
1725 2641 1773 2685 B,

312 2697 505 2732 calchitam
524 2698 552 2732 C
642 2699 708 2733 639
733 2698 943 2742 zageintum
963 2697 1010 2740 B,
1036 2699 1273 2742 zacingthum
1297 2698 1325 2733 0
1415 2698 1624 2733 lesbiambo
1647 2698 1775 2732 iotiam

310 2753 358 2796 B,
386 2755 540 2789 lesbiam
566 2756 730 2790 boetiam
757 2755 786 2790 G
874 2756 938 2790 641
966 2755 1020 2789 ira
1046 2754 1075 2791 G
1164 2757 1232 2791 642
1257 2755 1334 2790 Sibi
1353 2754 1388 2790 B
1481 2766 1609 2790 amare
1627 2753 1715 2790 forti
1728 2754 1775 2799 B,

311 2812 404 2845 forte
432 2817 555 2846 am‘are
582 2812 611 2847 C
