1963 3243
302 201 324 238 3
331 201 382 239 20
521 260 527 270 Χ
948 206 1140 242 Poenulus.

301 328 340 363 et
375 326 451 364 alia
482 327 646 369 afferens
677 336 716 370 et
745 334 851 374 Naev.
884 336 1022 386 Gymn.
1060 337 1126 382 „at
1158 333 1258 370 enim
1288 337 1331 370 tu
1362 334 1478 371 nimis
1508 335 1631 384 spisse
1661 338 1780 385 atque

297 393 410 431 tarde
440 395 629 435 incedis“.
689 400 765 439 Cic.
799 403 910 442 Brut.
945 405 1008 450 36,
1045 403 1142 440 138:
1192 401 1338 451 „spisse
1371 403 1489 450 atque
1518 403 1585 439 vix
1612 432 1648 440 ..
1668 434 1674 439 .
1697 432 1704 439 .
1730 402 1780 440 ad

297 463 510 502 Antonium
534 465 793 519 Crassumque
823 468 1111 521 pervenimus“.
1147 488 1191 494 -
1231 469 1322 506 506.
1359 463 1579 515 „Corbitffl
1610 471 1665 507 ait
1679 470 1778 507 Non.

297 543 336 579 p.
370 532 447 569 533
485 538 569 580 „est
605 548 726 584 genus
765 541 912 588 navigii
949 539 1107 576 tardum
1147 541 1186 574 et
1218 534 1391 584 grande“
1427 541 1465 574 et
1494 537 1596 574 hunc
1625 551 1778 576 versum

298 598 462 637 afferens
501 605 541 638 et
573 604 664 643 542.
741 606 845 645 Fest.
877 607 985 658 Epit.
1017 620 1054 656 p.
1090 607 1161 643 37:
1212 604 1403 651 „Corbitae
1440 605 1624 642 dicuntur
1660 619 1779 643 naves

297 670 496 716 onerariae,
529 673 635 719 quod
664 675 703 710 in
735 675 838 713 malo
868 688 1001 713 earum
1033 685 1183 711 summo
1213 685 1284 721 pro
1315 673 1425 722 siguo
1450 672 1583 710 corbes
1607 673 1780 711 solerent

296 736 531 786 suspendi“;
573 741 690 779 immo
721 742 850 781 corbis
882 743 993 780 navis
1025 746 1106 789 est,
1147 753 1259 790 quam
1292 753 1363 777 nos
1393 739 1557 778 dicimus
1593 737 1775 786 ,.Maers“.

295 803 401 841 Velis
428 809 568 854 autem,
601 822 678 845 non
703 812 830 858 remis,
865 811 1084 859 agebantur
1107 809 1206 846 tales
1237 821 1354 845 naves
1385 810 1586 855 onerariae.
1607 828 1655 848 -.-
1685 810 1777 846 507.

294 867 432 920 Atque
462 872 670 923 equidem,
711 891 746 915 v.
779 879 828 916 ad
860 879 998 928 Amph.
1033 879 1125 916 757.
1158 896 1213 901 —
1242 871 1446 925 summai,
1478 877 1621 916 vitavi.
1661 890 1696 914 v.
1729 877 1777 914 ad

295 941 403 979 Asin.
422 942 515 980 481.
542 963 596 970 —
625 946 716 983 509.
740 956 896 994 procos
926 946 1042 996 vulgo
1073 946 1273 993 μνηστῆρας
1295 944 1535 993 intelligunt,
1567 947 1606 981 et
1629 943 1776 981 Turne-

295 1007 366 1045 bus
396 1011 551 1059 quidem
582 1026 653 1063 per
683 1014 848 1052 ironiam
879 1027 990 1053 senes
1021 1014 1076 1050 sic
1106 1013 1229 1050 dictos
1260 1013 1441 1063 putabat,
1481 1011 1658 1049 Muretus
1687 1013 1777 1050 sim-

293 1076 451 1125 pliciter
488 1079 775 1129 adolescentes,
824 1096 988 1134 quorum
1020 1085 1202 1119 neutrum
1242 1080 1347 1117 credi
1384 1083 1527 1130 potest.
1603 1077 1777 1130 Antiqua

293 1146 457 1183 nominis
489 1147 722 1195 significatio
754 1151 829 1188 alia
865 1151 950 1188 fuit.
1019 1149 1098 1187 Cic.
1131 1148 1238 1187 Orat.
1270 1150 1343 1195 46,
1392 1149 1467 1185 156
1500 1152 1775 1186 commemorat

297 1215 546 1263 „centuriam‚
588 1222 632 1254 ut
664 1220 848 1256 censoriae
879 1219 1023 1256 tabulae
1053 1218 1280 1267 loquuntur,
1321 1215 1472 1252 fabrum
1506 1220 1545 1252 et
1574 1214 1773 1265 procum“‚

292 1282 316 1318 i.
350 1296 381 1319 e.
417 1283 640 1330 „fabrorum
671 1290 710 1323 et
739 1284 986 1337 procorum“.
1064 1285 1170 1323 Fest.
1202 1298 1241 1334 p.
1275 1284 1377 1321 249:
1428 1283 1615 1330 „Procum
1654 1285 1775 1334 patri-

292 1351 392 1386 cium
411 1347 464 1400 (‘?)
496 1353 535 1389 in
566 1352 820 1404 discriptione
853 1356 1043 1399 classium,
1076 1367 1189 1403 quan]
1222 1353 1314 1390 fecit
1345 1351 1424 1390 Ser.
1459 1351 1623 1398 Tullius,
1656 1354 1774 1401 signi-

291 1416 382 1455 ficat
411 1418 658 1469 procerum“.
720 1422 840 1460 Immo
867 1424 975 1473 proci
1002 1435 1087 1459 cum
1117 1421 1238 1458 fabris
1269 1421 1466 1457 coniuncti
1499 1419 1656 1469 opifices
1687 1433 1773 1458 cen-

291 1487 400 1524 sendi
438 1493 547 1534 sunt,
593 1490 761 1528 fortasse
806 1491 988 1536 ἧνιοποιοί.
1065 1489 1336 1527 Sedentarium
1374 1501 1471 1537 opus
1502 1488 1620 1526 fuisse
1651 1489 1773 1526 credi·

291 1553 426 1603 deu-im,
460 1557 564 1605 quod
591 1559 658 1606 qui
681 1559 876 1596 faciebant
894 1572 1007 1596 crura
1024 1557 1221 1607 pedesque
1245 1558 1378 1594 tenuia
1402 1559 1440 1593 et
1464 1555 1608 1592 debilia
1632 1555 1773 1594 habere

289 1622 481 1671 solerent3
513 1638 602 1662 nam
634 1621 851 1674 loripedes,
885 1626 1128 1675 ῖμαντοπόδες,
1161 1638 1277 1674 quum
1311 1623 1415 1673 apud
1446 1623 1612 1661 Plinium
1644 1623 1692 1661 H.
1725 1624 1771 1662 N.
1814 1652 1818 1657 -

292 1690 333 1736 V,
366 1692 417 1728 46
453 1697 491 1728 et
524 1692 612 1741 VII,
657 1696 706 1731 25
741 1695 920 1732 dicantur
950 1694 1119 1732 fabulosi
1152 1692 1309 1743 quidam
1341 1692 1516 1729 homines
1547 1695 1771 1741 serpentum

290 1759 405 1797 modo
436 1761 714 1808 ingredientes,
747 1766 829 1800 tum
853 1764 971 1811 vulgo
998 1761 1102 1812 apud
1125 1762 1321 1799 Romanos
1346 1760 1574 1797 dicebantur
1597 1760 1769 1798 homines

289 1829 418 1867 curvis
450 1834 489 1866 et
519 1831 658 1867 solutis
689 1831 868 1880 pedibus,
902 1836 945 1868 ut
975 1831 1194 1868 scholiastae
1226 1829 1355 1866 verbis
1386 1831 1475 1865 utar
1506 1828 1556 1865 ad
1579 1828 1711 1866 Iuven.
1730 1829 1766 1875 2,

291 1898 361 1933 23:
400 1898 640 1947 „loripedem
671 1903 800 1936 rectus
833 1896 1051 1944 derideat“,
1084 1898 1130 1935 ef.
1168 1899 1228 1944 10,
1263 1899 1354 1935 308.
1388 1916 1442 1921 -
1475 1897 1565 1934 510.
1600 1893 1667 1942 ite,
1700 1895 1770 1935 aut

287 1962 344 2002 ite
373 1965 460 2002 edd.
486 1986 540 1990 —
566 1967 656 2004 512.
691 1967 785 2004 Tam
818 1969 1008 2004 minutum
1041 1979 1123 2003 esse
1153 1966 1316 2015 gradum
1349 1977 1482 2002 eorum
1515 1964 1619 2011 dicit,
1652 1977 1767 2014 quam

287 2033 317 2069 si
350 2033 479 2071 cribro
510 2034 718 2083 pollinario
750 2039 948 2073 succretus
981 2038 1103 2080 esset3
1144 2034 1184 2071 id
1215 2037 1274 2070 est
1305 2037 1444 2078 autem,
1476 2036 1520 2070 ut
1550 2033 1606 2069 ait
1637 2031 1767 2078 Gron.‚

288 2115 334 2138 ex
360 2105 443 2139 seta
466 2103 683 2140 confectum
711 2104 1003 2149 incerniculurn,
1036 2115 1113 2151 quo
1138 2102 1315 2140 vibratur
1342 2105 1380 2138 et
1405 2101 1601 2138 excutitur
1626 2100 1767 2151 pollen.

287 2189 340 2193 —
383 2172 474 2209 513.
521 2167 644 2217 Nisi„
694 2172 716 2208 i.
752 2184 783 2208 e.
822 2173 896 2209 nisi
936 2171 1048 2208 forte.
1093 2189 1140 2194 —
1185 2166 1470 2208 condidicistis
1509 2168 1595 2206 edd.
1668 2165 1768 2206 istoc

286 2238 444 2276 Pareus.
480 2259 525 2263 —-
558 2236 750 2287 ,massari
780 2244 838 2276 est
870 2238 1082 2284 ambulare,
1116 2252 1150 2275 v.
1175 2238 1273 2276 Non.
1299 2252 1336 2288 p.
1364 2239 1456 2275 316.
1517 2236 1611 2274 Tam
1635 2237 1766 2287 parvis

284 2306 482 2355 gradibus,
516 2308 652 2356 inquit,
686 2319 750 2344 eos
780 2307 959 2344 incedere
990 2309 1158 2356 oportet,
1191 2307 1256 2355 qui
1281 2319 1364 2344 cuin
1390 2306 1580 2342 catenatis
1604 2304 1765 2355 pedibus

287 2375 438 2424 ingredi
471 2375 702 2413 didicerunt.
736 2394 789 2399 —
823 2376 914 2412 515.
949 2384 1019 2412 nec
1048 2374 1153 2412 reete
1183 2374 1283 2419 edd.,
1316 2387 1350 2411 v.
1384 2373 1432 2411 ad
1463 2373 1572 2410 Asin.
1605 2373 1764 2410 154.—

288 2445 379 2480 516.
411 2443 588 2481 mactare
620 2439 861 2490 infortunio,
895 2456 929 2479 v.
963 2442 1010 2479 ad
1045 2442 1183 2492 Amph.
1222 2443 1338 2479 1027.
1373 2461 1419 2466 —
1466 2443 1557 2478 517.
1601 2435 1765 2478 obnoxii

285 2512 359 2547 iam
391 2514 430 2549 in
466 2511 493 2549 C
526 2512 784 2559 emendatum,
819 2514 842 2548 i.
877 2524 907 2547 e.
941 2524 1018 2548 non
1051 2512 1175 2548 coacti
1207 2522 1340 2547 sumus
1370 2514 1569 2560 praestare,
1602 2508 1695 2557 quid
1719 2512 1761 2545 tu

284 2593 386 2616 ames
432 2584 500 2616 aut
545 2580 685 2617 oderis.
762 2578 905 2629 Gepp.:
956 2581 1069 2626 „nexi
1115 2576 1246 2616 sumus
1290 2580 1389 2615 istoc
1428 2573 1572 2626 quod“.
1647 2574 1760 2613 Both.

288 2645 467 2693 „sumus“
503 2649 647 2694 omisit,
682 2646 797 2684 Weis.
834 2643 966 2693 „nos“‚
1000 2646 1155 2684 Miiller.
1193 2643 1358 2693 ‚‚istuc“.
1393 2665 1444 2669 —
1487 2645 1576 2681 520.
1620 2641 1756 2691 ,‚tuos“

285 2714 448 2751 Guietus
479 2715 554 2752 del.
603 2735 655 2739 —
704 2716 794 2752 521.
837 2713 979 2750 Parum
1020 2713 1203 2751 decorum
1242 2713 1419 2750 habitum
1462 2725 1564 2757 esse,
1602 2712 1633 2748 si
1675 2712 1760 2760 quis

283 2782 321 2818 in
363 2783 424 2819 via
462 2787 655 2831 curreret,
695 2784 788 2820 satis
827 2786 996 2828 constat;
1044 2795 1076 2818 ν.
1113 2783 1189 2819 527
1222 2781 1444 2818 insanorum
1484 2793 1566 2816 esse
1606 2779 1757 2816 dicitur.

1871 2788 1894 2840 *f
