1963 3243
188 996 506 1061 Mercatoris
539 1029 815 1074 argumentum
852 1025 922 1062 hoc
954 1030 1024 1063 est.
1087 1024 1280 1064 Charinus
1313 1026 1542 1064 adulescens

76 1091 322 1129 Atheniensis
364 1095 607 1130 meretricem
642 1098 844 1130 amaverat
879 1095 1040 1144 eiusque
1073 1106 1190 1131 causa
1223 1094 1349 1144 patris
1381 1093 1539 1131 domum

76 1159 326 1211 spoliaverat.
375 1160 566 1211 Demipho
603 1170 718 1210 pater
750 1162 994 1209 obiurgando
1025 1162 1184 1200 tandem
1219 1175 1306 1199 eum
1339 1162 1538 1210 adegerat,

75 1232 119 1266 nt
143 1227 291 1265 relictis
316 1228 480 1266 Athenis
507 1235 721 1267 mercatum
747 1229 1073 1279 proficisceretur.
1122 1229 1251 1267 Rhodi
1277 1234 1407 1268 autem
1433 1230 1538 1281 apud

74 1296 267 1347 hospitem
308 1297 486 1334 ancillam
520 1297 826 1347 pulcherrimam
859 1311 989 1336 amare
1020 1299 1160 1349 incipit
1191 1299 1344 1349 sibique
1376 1299 1470 1336 emit
1502 1303 1540 1336 et

75 1378 160 1403 cum
208 1378 254 1402 ea
293 1365 470 1403 Athenas
515 1367 746 1404 revertitur.
836 1366 958 1413 Quam
1001 1380 1120 1416 quum
1161 1367 1353 1405 occultam
1393 1367 1539 1405 habere

75 1439 251 1484 cuperet,
275 1439 390 1484 pater
413 1435 617 1483 inopinato
643 1437 682 1472 in
707 1439 868 1484 portum
895 1436 1016 1482 venit,
1048 1448 1185 1473 navem
1208 1435 1280 1473 filii
1299 1436 1537 1482 conscendit,

75 1501 357 1552 mulieremque
387 1503 440 1540 ibi
473 1507 724 1552 conspectam
756 1504 840 1553 ipse
872 1503 1027 1553 perdite
1058 1517 1189 1541 amare
1212 1505 1364 1554 incipit.
1412 1504 1539 1541 Filius

72 1583 157 1608 eam
188 1584 229 1608 se
261 1573 400 1609 emisse
432 1571 542 1619 dicit,
575 1575 618 1609 ut
651 1573 768 1609 matri
802 1572 945 1610 donum
980 1572 1109 1618 daret3
1147 1576 1262 1622 pater
1293 1573 1367 1611 hoc
1397 1585 1538 1623 parum

74 1637 213 1676 decere
252 1639 452 1678 affirmans
491 1641 667 1689 postulat
706 1644 750 1677 ut
788 1645 945 1678 veneat.
1021 1640 1161 1691 Itaque
1199 1642 1369 1678 vicinum
1409 1654 1539 1679 senem

73 1710 112 1744 et
140 1708 316 1747 amicum.
351 1708 639 1758 Lysimachum,
673 1709 875 1755 subornat,
915 1710 981 1759 qui
1014 1722 1096 1747 eam
1130 1723 1258 1747 emere
1289 1723 1330 1747 se
1362 1709 1540 1758 simulet3

73 1776 243 1815 Charino
274 1782 403 1815 autem
435 1777 582 1815 sodalis
613 1777 830 1826 Eutychus,
864 1777 1038 1814 eiusdem
1071 1779 1174 1816 senis
1204 1777 1320 1825 filius,
1359 1791 1398 1816 se
1431 1791 1541 1828 emp-

72 1848 205 1883 turum
243 1847 453 1894 promittit.
515 1846 816 1884 Praevertuntur
855 1858 989 1894 senes;
1036 1845 1293 1895 Lysimachus
1335 1847 1539 1884 mulierem

72 1913 232 1952 abducit
271 1915 429 1964 suisque
467 1915 616 1952 aedibus
655 1915 808 1964 recipit,
849 1915 940 1952 dum
973 1927 1072 1952 uxor
1105 1916 1188 1952 eius
1220 1916 1304 1952 ruri
1335 1918 1538 1962 versatur3

73 1980 272 2032 Eutychus
310 1996 399 2020 sero
440 1985 479 2020 in
516 1988 676 2033 portum
709 1984 832 2029 venit,
866 1996 935 2020 nec
967 1995 1045 2032 quo
1077 1982 1248 2021 abducta
1278 1983 1419 2020 mulier
1450 1996 1539 2033 per-

73 2053 242 2088 venerit.
284 2051 472 2099 indagare
509 2056 655 2102 potest.
718 2050 912 2090 Charinus
945 2053 1050 2089 omni
1082 2065 1150 2102 spe
1183 2051 1377 2101 desponsa
1409 2052 1539 2089 denuo

73 2119 111 2156 in
151 2120 328 2157 exsilium
368 2121 424 2156 ire
462 2122 618 2157 statuit.
682 2119 758 2157 Sed
800 2119 891 2157 dum
931 2134 1044 2158 senes
1082 2121 1120 2158 in
1162 2120 1248 2158 foro
1280 2124 1538 2170 opsonantur‚

73 2199 173 2225 uxor
203 2189 430 2237 Lysimachi
468 2202 559 2226 rure
597 2188 772 2226 advenit.
835 2189 930 2235 Quae
961 2189 1028 2226 ubi
1062 2189 1307 2226 meretricem
1340 2188 1445 2226 domi
1478 2190 1543 2226 in-

72 2257 192 2302 venit,
226 2258 487 2306 maritumque
519 2259 602 2294 eius
634 2270 749 2294 causa
781 2258 944 2306 largiter
975 2262 1211 2307 opsonatum
1244 2270 1328 2294 esse
1354 2257 1474 2301 videt,
1507 2258 1540 2294 is

73 2329 201 2363 nutem
248 2339 318 2362 nec
364 2327 475 2363 cuius
520 2327 644 2362 amica
685 2327 737 2363 sit
776 2339 845 2363 nec
885 2339 963 2375 qua
1004 2325 1050 2362 de
1091 2339 1211 2363 causa
1248 2325 1303 2361 ibi
1343 2330 1537 2369 versetur,

73 2395 277 2431 enuntiare
317 2394 447 2440 audet,
487 2394 741 2432 vehementer
773 2394 877 2432 irata
908 2408 929 2431 a
961 2395 1046 2432 viro
1078 2395 1189 2432 abire
1221 2395 1376 2431 statuit.
1439 2394 1537 2431 Tum

73 2459 277 2510 Eutychus
310 2463 552 2508 adulescens,
585 2465 652 2511 qui
686 2475 755 2511 per
785 2466 909 2500 totam
942 2463 1079 2501 urbem
1110 2451 1315 2500 mulierem
1342 2463 1538 2511 quaesivit,

73 2535 117 2567 ut
146 2531 305 2568 inventa
330 2545 375 2569 ea
397 2530 572 2568 sodalem
600 2531 805 2577 retineret,
831 2533 972 2569 matris
995 2531 1214 2569 salutandae
1239 2543 1355 2568 causa
1379 2531 1538 2568 domum

73 2599 272 2648 ingressus
303 2599 356 2636 ibi
389 2601 552 2636 invenit.
610 2598 692 2645 Quo
724 2599 829 2637 facto
861 2604 904 2637 et
931 2599 1140 2637 Charinum
1173 2600 1221 2637 ab
1253 2599 1392 2636 exsilio
1425 2610 1538 2636 revo-

74 2671 139 2704 cat
167 2672 206 2705 et
237 2672 404 2705 matrem
435 2669 542 2717 patri
573 2667 769 2716 placatam
802 2667 953 2715 reddit3
986 2667 1178 2718 Demipho
1211 2671 1340 2704 autem
1374 2667 1536 2717 nequis:

73 2734 193 2773 simus
216 2749 334 2774 senex
358 2736 578 2774 maledictis
602 2742 790 2773 oneratur
809 2740 848 2773 et
864 2735 1014 2786 pudore
1043 2737 1209 2774 obrutus
1234 2735 1314 2772 filio
1333 2735 1537 2772 mulierem

74 2803 265 2842 concedit.
