<?xml version="1.0" encoding="UTF-8"?>
<!DOCTYPE html PUBLIC "-//W3C//DTD XHTML 1.0 Transitional//EN"
    "http://www.w3.org/TR/xhtml1/DTD/xhtml1-transitional.dtd">
<html xmlns="http://www.w3.org/1999/xhtml" xml:lang="en" lang="en">
 <head>
  <title>
</title>
<meta http-equiv="Content-Type" content="text/html;charset=utf-8" />
  <meta name='ocr-system' content='tesseract 3.04.00' />
  <meta name='ocr-capabilities' content='ocr_page ocr_carea ocr_par ocr_line ocrx_word'/>
</head>
<body>
  <div class='ocr_page' id='page_1' title='image "./comoediaerecensu04plauuoft_0515.png"; bbox 0 0 1963 3243; ppageno 0'>
   <div class='ocr_carea' id='block_1_1' title="bbox 112 245 1597 293">
    <p class='ocr_par' dir='ltr' id='par_1_1' title="bbox 112 245 1597 293">
     <span class='ocr_line' id='line_1_1' title="bbox 112 245 1597 293; baseline -0.007 -7"><span class='ocrx_word' id='word_1_1' title='bbox 112 249 185 293; x_wconf 82' lang='lat' dir='ltr'>III,</span> <span class='ocrx_word' id='word_1_2' title='bbox 211 250 240 288; x_wconf 87' lang='lat'><strong>1.</strong></span> <span class='ocrx_word' id='word_1_3' title='bbox 265 248 399 284; x_wconf 80' lang='lat'>23—44</span> <span class='ocrx_word' id='word_1_4' title='bbox 754 245 947 280; x_wconf 67' lang='lat' dir='ltr'><strong>Poenulus.</strong></span> <span class='ocrx_word' id='word_1_5' title='bbox 1521 253 1597 291; x_wconf 79' lang='lat'><strong>145</strong></span> 
     </span>
    </p>
   </div>
   <div class='ocr_carea' id='block_1_2' title="bbox 110 371 1604 1648">
    <p class='ocr_par' dir='ltr' id='par_1_2' title="bbox 110 371 1602 988">
     <span class='ocr_line' id='line_1_2' title="bbox 111 371 1599 426; baseline -0.003 -8"><span class='ocrx_word' id='word_1_6' title='bbox 111 374 251 418; x_wconf 85' lang='lat' dir='ltr'>Pridie</span> <span class='ocrx_word' id='word_1_7' title='bbox 283 387 361 415; x_wconf 90' lang='lat' dir='ltr'><strong>nos</strong></span> <span class='ocrx_word' id='word_1_8' title='bbox 392 378 434 414; x_wconf 81' lang='lat' dir='ltr'><strong>te</strong></span> <span class='ocrx_word' id='word_1_9' title='bbox 467 371 705 414; x_wconf 84' lang='lat' dir='ltr'><strong>aduocatos</strong></span> <span class='ocrx_word' id='word_1_10' title='bbox 738 371 821 413; x_wconf 90' lang='lat' dir='ltr'><strong>huc</strong></span> <span class='ocrx_word' id='word_1_11' title='bbox 854 372 1028 413; x_wconf 78' lang='lat' dir='ltr'><strong>duxisse</strong></span> <span class='ocrx_word' id='word_1_12' title='bbox 1062 373 1268 426; x_wconf 82' lang='lat' dir='ltr'><strong>oportuit.</strong></span> <span class='ocrx_word' id='word_1_13' title='bbox 1534 386 1599 420; x_wconf 83' lang='lat'><strong>525</strong></span> 
     </span>
     <span class='ocr_line' id='line_1_3' title="bbox 112 443 1597 500; baseline -0.001 -11"><span class='ocrx_word' id='word_1_14' title='bbox 112 447 172 490; x_wconf 90' lang='lat' dir='ltr'><strong>Ne</strong></span> <span class='ocrx_word' id='word_1_15' title='bbox 188 452 236 488; x_wconf 91' lang='lat' dir='ltr'><strong>tu</strong></span> <span class='ocrx_word' id='word_1_16' title='bbox 254 446 441 500; x_wconf 91' lang='lat' dir='ltr'><strong>opinere‚</strong></span> <span class='ocrx_word' id='word_1_17' title='bbox 467 443 583 485; x_wconf 89' lang='lat' dir='ltr'><strong>haud</strong></span> <span class='ocrx_word' id='word_1_18' title='bbox 609 444 838 497; x_wconf 84' lang='lat' dir='ltr'><strong>quisquam</strong></span> <span class='ocrx_word' id='word_1_19' title='bbox 866 443 995 486; x_wconf 88' lang='lat' dir='ltr'><strong>hodie</strong></span> <span class='ocrx_word' id='word_1_20' title='bbox 1020 449 1215 485; x_wconf 85' lang='lat' dir='ltr'><strong>nostrum</strong></span> <span class='ocrx_word' id='word_1_21' title='bbox 1236 451 1378 485; x_wconf 79' lang='lat' dir='ltr'><strong>curret</strong></span> <span class='ocrx_word' id='word_1_22' title='bbox 1398 460 1473 499; x_wconf 86' lang='lat' dir='ltr'><strong>per</strong></span> <span class='ocrx_word' id='word_1_23' title='bbox 1491 447 1597 488; x_wconf 73' lang='lat' dir='ltr'><strong>uias.</strong></span> 
     </span>
     <span class='ocr_line' id='line_1_4' title="bbox 110 515 1421 573; baseline -0.004 -11"><span class='ocrx_word' id='word_1_24' title='bbox 110 519 257 573; x_wconf 83' lang='lat' dir='ltr'><strong>Neque</strong></span> <span class='ocrx_word' id='word_1_25' title='bbox 288 531 366 558; x_wconf 87' lang='lat' dir='ltr'><strong>nos</strong></span> <span class='ocrx_word' id='word_1_26' title='bbox 399 515 583 570; x_wconf 89' lang='lat' dir='ltr'><strong>populus</strong></span> <span class='ocrx_word' id='word_1_27' title='bbox 616 529 692 569; x_wconf 85' lang='lat' dir='ltr'><strong>pro</strong></span> <span class='ocrx_word' id='word_1_28' title='bbox 726 516 895 557; x_wconf 82' lang='lat' dir='ltr'><strong>cerritis</strong></span> <span class='ocrx_word' id='word_1_29' title='bbox 928 516 1159 558; x_wconf 85' lang='lat' dir='ltr'><strong>insectabit</strong></span> <span class='ocrx_word' id='word_1_30' title='bbox 1190 516 1421 570; x_wconf 77' lang='lat' dir='ltr'><strong>lapidibus.</strong></span> 
     </span>
     <span class='ocr_line' id='line_1_5' title="bbox 661 587 1046 640; baseline 0.003 -12"><span class='ocrx_word' id='word_1_31' title='bbox 661 587 1046 640; x_wconf 81' lang='lat' dir='ltr'><strong>Agorastocles</strong></span> 
     </span>
     <span class='ocr_line' id='line_1_6' title="bbox 113 658 1478 714; baseline -0.001 -10"><span class='ocrx_word' id='word_1_32' title='bbox 113 664 166 704; x_wconf 76' lang='lat' dir='ltr'><strong>At</strong></span> <span class='ocrx_word' id='word_1_33' title='bbox 195 662 230 703; x_wconf 91' lang='lat' dir='ltr'><strong>si</strong></span> <span class='ocrx_word' id='word_1_34' title='bbox 262 660 316 702; x_wconf 80' lang='lat' dir='ltr'><strong>ad</strong></span> <span class='ocrx_word' id='word_1_35' title='bbox 349 658 577 714; x_wconf 84' lang='lat' dir='ltr'><strong>prandium</strong></span> <span class='ocrx_word' id='word_1_36' title='bbox 611 672 676 699; x_wconf 87' lang='lat' dir='ltr'><strong>me</strong></span> <span class='ocrx_word' id='word_1_37' title='bbox 709 659 750 699; x_wconf 87' lang='lat' dir='ltr'><strong>in</strong></span> <span class='ocrx_word' id='word_1_38' title='bbox 784 658 932 701; x_wconf 83' lang='lat' dir='ltr'><strong>aedem</strong></span> <span class='ocrx_word' id='word_1_39' title='bbox 965 674 1042 701; x_wconf 92' lang='lat' dir='ltr'><strong>uos</strong></span> <span class='ocrx_word' id='word_1_40' title='bbox 1074 659 1276 701; x_wconf 77' lang='lat' dir='ltr'><strong>dixissem</strong></span> <span class='ocrx_word' id='word_1_41' title='bbox 1311 660 1478 710; x_wconf 72' lang='lat' dir='ltr'><strong>ducere,</strong></span> 
     </span>
     <span class='ocr_line' id='line_1_7' title="bbox 113 730 1318 784; baseline -0.003 -8"><span class='ocrx_word' id='word_1_42' title='bbox 113 733 352 777; x_wconf 88' lang='lat' dir='ltr'><strong>Uinceretis</strong></span> <span class='ocrx_word' id='word_1_43' title='bbox 385 744 557 773; x_wconf 88' lang='lat' dir='ltr'><strong>ceruom</strong></span> <span class='ocrx_word' id='word_1_44' title='bbox 590 743 718 771; x_wconf 89' lang='lat' dir='ltr'><strong>cursu</strong></span> <span class='ocrx_word' id='word_1_45' title='bbox 751 730 819 771; x_wconf 85' lang='lat' dir='ltr'><strong>uel</strong></span> <span class='ocrx_word' id='word_1_46' title='bbox 851 730 1129 782; x_wconf 83' lang='lat' dir='ltr'><strong>grallatorem</strong></span> <span class='ocrx_word' id='word_1_47' title='bbox 1162 731 1318 784; x_wconf 87' lang='lat' dir='ltr'><strong>gradu;</strong></span> 
     </span>
     <span class='ocr_line' id='line_1_8' title="bbox 112 802 1602 857; baseline -0.001 -9"><span class='ocrx_word' id='word_1_48' title='bbox 112 805 231 848; x_wconf 87' lang='lat' dir='ltr'><strong>Nunc</strong></span> <span class='ocrx_word' id='word_1_49' title='bbox 261 818 337 846; x_wconf 91' lang='lat' dir='ltr'><strong>uos</strong></span> <span class='ocrx_word' id='word_1_50' title='bbox 368 804 471 857; x_wconf 89' lang='lat' dir='ltr'><strong>quia</strong></span> <span class='ocrx_word' id='word_1_51' title='bbox 502 802 605 843; x_wconf 89' lang='lat' dir='ltr'><strong>mihi</strong></span> <span class='ocrx_word' id='word_1_52' title='bbox 637 802 877 844; x_wconf 86' lang='lat' dir='ltr'><strong>aduocatos</strong></span> <span class='ocrx_word' id='word_1_53' title='bbox 911 803 998 843; x_wconf 78' lang='lat' dir='ltr'><strong>dixi</strong></span> <span class='ocrx_word' id='word_1_54' title='bbox 1031 807 1073 844; x_wconf 85' lang='lat' dir='ltr'><strong>et</strong></span> <span class='ocrx_word' id='word_1_55' title='bbox 1106 805 1230 845; x_wconf 87' lang='lat' dir='ltr'><strong>testis</strong></span> <span class='ocrx_word' id='word_1_56' title='bbox 1264 804 1432 854; x_wconf 80' lang='lat' dir='ltr'><strong>ducere,</strong></span> <span class='ocrx_word' id='word_1_57' title='bbox 1536 816 1602 849; x_wconf 85' lang='lat'><strong>530</strong></span> 
     </span>
     <span class='ocr_line' id='line_1_9' title="bbox 110 874 1299 930; baseline -0.003 -10"><span class='ocrx_word' id='word_1_58' title='bbox 110 876 346 930; x_wconf 85' lang='lat' dir='ltr'><strong>Podagrosi</strong></span> <span class='ocrx_word' id='word_1_59' title='bbox 378 876 483 916; x_wconf 88' lang='lat' dir='ltr'><strong>estis</strong></span> <span class='ocrx_word' id='word_1_60' title='bbox 515 888 565 916; x_wconf 87' lang='lat' dir='ltr'><strong>ac</strong></span> <span class='ocrx_word' id='word_1_61' title='bbox 596 874 762 915; x_wconf 85' lang='lat' dir='ltr'><strong>uicistis</strong></span> <span class='ocrx_word' id='word_1_62' title='bbox 795 874 985 916; x_wconf 84' lang='lat' dir='ltr'><strong>cocleam</strong></span> <span class='ocrx_word' id='word_1_63' title='bbox 1018 875 1299 917; x_wconf 84' lang='lat' dir='ltr'><strong>tarditudine.</strong></span> 
     </span>
     <span class='ocr_line' id='line_1_10' title="bbox 723 946 992 988; baseline 0.004 -1"><span class='ocrx_word' id='word_1_64' title='bbox 723 946 992 988; x_wconf 85' lang='lat' dir='ltr'><strong>Aduocati</strong></span> 
     </span>
    </p>

    <p class='ocr_par' dir='ltr' id='par_1_3' title="bbox 111 1019 1602 1289">
     <span class='ocr_line' id='line_1_11' title="bbox 111 1019 1464 1073; baseline -0.001 -11"><span class='ocrx_word' id='word_1_65' title='bbox 111 1021 176 1062; x_wconf 89' lang='lat' dir='ltr'><strong>An</strong></span> <span class='ocrx_word' id='word_1_66' title='bbox 205 1033 309 1062; x_wconf 91' lang='lat' dir='ltr'><strong>uero</strong></span> <span class='ocrx_word' id='word_1_67' title='bbox 342 1033 426 1060; x_wconf 92' lang='lat' dir='ltr'><strong>non</strong></span> <span class='ocrx_word' id='word_1_68' title='bbox 457 1019 574 1060; x_wconf 87' lang='lat' dir='ltr'><strong>iusta</strong></span> <span class='ocrx_word' id='word_1_69' title='bbox 605 1031 738 1059; x_wconf 87' lang='lat' dir='ltr'><strong>causa</strong></span> <span class='ocrx_word' id='word_1_70' title='bbox 769 1025 992 1073; x_wconf 47' lang='lat' dir='ltr'><strong>est.‚,quor</strong></span> <span class='ocrx_word' id='word_1_71' title='bbox 1023 1023 1224 1060; x_wconf 82' lang='lat' dir='ltr'><strong>curratur</strong></span> <span class='ocrx_word' id='word_1_72' title='bbox 1257 1020 1464 1069; x_wconf 65' lang='lat' dir='ltr'><strong>celeriter,</strong></span> 
     </span>
     <span class='ocr_line' id='line_1_12' title="bbox 113 1090 1536 1145; baseline -0.001 -11"><span class='ocrx_word' id='word_1_73' title='bbox 113 1091 194 1135; x_wconf 93' lang='lat' dir='ltr'><strong>Ubi</strong></span> <span class='ocrx_word' id='word_1_74' title='bbox 226 1090 362 1139; x_wconf 87' lang='lat' dir='ltr'><strong>bibas,</strong></span> <span class='ocrx_word' id='word_1_75' title='bbox 396 1090 500 1132; x_wconf 88' lang='lat' dir='ltr'><strong>edas</strong></span> <span class='ocrx_word' id='word_1_76' title='bbox 534 1090 585 1131; x_wconf 92' lang='lat' dir='ltr'><strong>de</strong></span> <span class='ocrx_word' id='word_1_77' title='bbox 619 1090 759 1131; x_wconf 90' lang='lat' dir='ltr'><strong>alieno</strong></span> <span class='ocrx_word' id='word_1_78' title='bbox 793 1098 1002 1144; x_wconf 86' lang='lat' dir='ltr'><strong>quantum</strong></span> <span class='ocrx_word' id='word_1_79' title='bbox 1036 1091 1143 1132; x_wconf 88' lang='lat' dir='ltr'><strong>uelis</strong></span> <span class='ocrx_word' id='word_1_80' title='bbox 1174 1105 1312 1145; x_wconf 85' lang='lat' dir='ltr'><strong>usque</strong></span> <span class='ocrx_word' id='word_1_81' title='bbox 1344 1092 1536 1141; x_wconf 83' lang='lat' dir='ltr'><strong>adfatim,</strong></span> 
     </span>
     <span class='ocr_line' id='line_1_13' title="bbox 111 1162 1601 1216; baseline -0.001 -11"><span class='ocrx_word' id='word_1_82' title='bbox 111 1163 236 1214; x_wconf 86' lang='lat' dir='ltr'><strong>Quod</strong></span> <span class='ocrx_word' id='word_1_83' title='bbox 265 1169 314 1205; x_wconf 89' lang='lat' dir='ltr'><strong>tu</strong></span> <span class='ocrx_word' id='word_1_84' title='bbox 346 1163 510 1204; x_wconf 88' lang='lat' dir='ltr'><strong>inuitus</strong></span> <span class='ocrx_word' id='word_1_85' title='bbox 536 1175 770 1215; x_wconf 83' lang='lat' dir='ltr'><strong>numquam</strong></span> <span class='ocrx_word' id='word_1_86' title='bbox 797 1162 954 1203; x_wconf 83' lang='lat' dir='ltr'><strong>reddas</strong></span> <span class='ocrx_word' id='word_1_87' title='bbox 982 1162 1166 1211; x_wconf 84' lang='lat' dir='ltr'><strong>domino,</strong></span> <span class='ocrx_word' id='word_1_88' title='bbox 1199 1162 1249 1203; x_wconf 86' lang='lat' dir='ltr'><strong>de</strong></span> <span class='ocrx_word' id='word_1_89' title='bbox 1276 1166 1405 1216; x_wconf 85' lang='lat' dir='ltr'><strong>quoio</strong></span> <span class='ocrx_word' id='word_1_90' title='bbox 1431 1164 1601 1205; x_wconf 80' lang='lat' dir='ltr'><strong>ederis‘.&gt;</strong></span> 
     </span>
     <span class='ocr_line' id='line_1_14' title="bbox 113 1234 1602 1289; baseline -0.002 -10"><span class='ocrx_word' id='word_1_91' title='bbox 113 1236 196 1279; x_wconf 89' lang='lat' dir='ltr'><strong>Sed</strong></span> <span class='ocrx_word' id='word_1_92' title='bbox 220 1240 365 1278; x_wconf 84' lang='lat' dir='ltr'><strong>tamen</strong></span> <span class='ocrx_word' id='word_1_93' title='bbox 392 1248 476 1287; x_wconf 90' lang='lat' dir='ltr'><strong>quo</strong></span> <span class='ocrx_word' id='word_1_94' title='bbox 499 1249 595 1275; x_wconf 85' lang='lat' dir='ltr'><strong>meo</strong></span> <span class='ocrx_word' id='word_1_95' title='bbox 619 1234 645 1285; x_wconf 89' lang='lat'><em>†</em></span> <span class='ocrx_word' id='word_1_96' title='bbox 663 1248 792 1287; x_wconf 87' lang='lat' dir='ltr'><strong>quom</strong></span> <span class='ocrx_word' id='word_1_97' title='bbox 813 1236 886 1288; x_wconf 83' lang='lat' dir='ltr'><strong>qui</strong></span> <span class='ocrx_word' id='word_1_98' title='bbox 919 1235 1004 1288; x_wconf 88' lang='lat' dir='ltr'><strong>qui,</strong></span> <span class='ocrx_word' id='word_1_99' title='bbox 1034 1248 1296 1288; x_wconf 84' lang='lat' dir='ltr'><strong>quamquam</strong></span> <span class='ocrx_word' id='word_1_100' title='bbox 1324 1249 1470 1276; x_wconf 87' lang='lat' dir='ltr'><strong>sumus</strong></span> <span class='ocrx_word' id='word_1_101' title='bbox 1498 1250 1602 1289; x_wconf 84' lang='lat' dir='ltr'><strong>pau-</strong></span> 
     </span>
    </p>

    <p class='ocr_par' dir='ltr' id='par_1_4' title="bbox 113 1307 1604 1648">
     <span class='ocr_line' id='line_1_15' title="bbox 1131 1307 1308 1360; baseline -0.006 -12"><span class='ocrx_word' id='word_1_102' title='bbox 1131 1307 1308 1360; x_wconf 82' lang='lat' dir='ltr'><strong>perculi.</strong></span> 
     </span>
     <span class='ocr_line' id='line_1_16' title="bbox 113 1378 1604 1433; baseline 0 -11"><span class='ocrx_word' id='word_1_103' title='bbox 113 1379 191 1422; x_wconf 77' lang='lat' dir='ltr'><strong>Est</strong></span> <span class='ocrx_word' id='word_1_104' title='bbox 208 1379 334 1430; x_wconf 88' lang='lat' dir='ltr'><strong>domi,</strong></span> <span class='ocrx_word' id='word_1_105' title='bbox 360 1378 475 1433; x_wconf 90' lang='lat' dir='ltr'><strong>quod</strong></span> <span class='ocrx_word' id='word_1_106' title='bbox 495 1378 674 1428; x_wconf 71' lang='lat' dir='ltr'><strong>edimus,</strong></span> <span class='ocrx_word' id='word_1_107' title='bbox 702 1392 754 1419; x_wconf 89' lang='lat' dir='ltr'><strong>ne</strong></span> <span class='ocrx_word' id='word_1_108' title='bbox 782 1392 859 1418; x_wconf 88' lang='lat' dir='ltr'><strong>nos</strong></span> <span class='ocrx_word' id='word_1_109' title='bbox 886 1385 974 1418; x_wconf 87' lang='lat' dir='ltr'><strong>tam</strong></span> <span class='ocrx_word' id='word_1_110' title='bbox 1001 1379 1280 1432; x_wconf 82' lang='lat' dir='ltr'><strong>contemptim</strong></span> <span class='ocrx_word' id='word_1_111' title='bbox 1299 1386 1510 1420; x_wconf 85' lang='lat' dir='ltr'><strong>conteras.</strong></span> <span class='ocrx_word' id='word_1_112' title='bbox 1539 1390 1604 1423; x_wconf 82' lang='lat'><strong>536</strong></span> 
     </span>
     <span class='ocr_line' id='line_1_17' title="bbox 115 1449 1602 1505; baseline -0.001 -12"><span class='ocrx_word' id='word_1_113' title='bbox 115 1451 332 1505; x_wconf 86' lang='lat' dir='ltr'><strong>Quidquid</strong></span> <span class='ocrx_word' id='word_1_114' title='bbox 350 1456 417 1492; x_wconf 90' lang='lat' dir='ltr'><strong>est</strong></span> <span class='ocrx_word' id='word_1_115' title='bbox 442 1450 728 1505; x_wconf 82' lang='lat' dir='ltr'><strong>pauxillulum</strong></span> <span class='ocrx_word' id='word_1_116' title='bbox 757 1449 872 1501; x_wconf 87' lang='lat' dir='ltr'><strong>illuc⁷</strong></span> <span class='ocrx_word' id='word_1_117' title='bbox 899 1456 1092 1491; x_wconf 77' lang='lat' dir='ltr'><strong>nostruin</strong></span> <span class='ocrx_word' id='word_1_118' title='bbox 1118 1450 1163 1491; x_wconf 91' lang='lat' dir='ltr'><strong>id</strong></span> <span class='ocrx_word' id='word_1_119' title='bbox 1188 1464 1311 1491; x_wconf 87' lang='lat' dir='ltr'><strong>omne</strong></span> <span class='ocrx_word' id='word_1_120' title='bbox 1337 1454 1375 1491; x_wconf 80' lang='lat' dir='ltr'><strong>et</strong></span> <span class='ocrx_word' id='word_1_121' title='bbox 1393 1452 1507 1491; x_wconf 87' lang='lat' dir='ltr'><strong>intus</strong></span> <span class='ocrx_word' id='word_1_122' title='bbox 1526 1456 1602 1499; x_wconf 87' lang='lat' dir='ltr'><strong>est,</strong></span> 
     </span>
     <span class='ocr_line' id='line_1_18' title="bbox 114 1521 1602 1578; baseline -0.002 -13"><span class='ocrx_word' id='word_1_123' title='bbox 114 1523 262 1578; x_wconf 90' lang='lat' dir='ltr'><strong>Neque</strong></span> <span class='ocrx_word' id='word_1_124' title='bbox 279 1537 357 1564; x_wconf 88' lang='lat' dir='ltr'><strong>nos</strong></span> <span class='ocrx_word' id='word_1_125' title='bbox 375 1537 634 1576; x_wconf 83' lang='lat' dir='ltr'><strong>quemquam</strong></span> <span class='ocrx_word' id='word_1_126' title='bbox 653 1521 900 1574; x_wconf 89' lang='lat' dir='ltr'><strong>flagitamus</strong></span> <span class='ocrx_word' id='word_1_127' title='bbox 918 1536 1057 1575; x_wconf 88' lang='lat' dir='ltr'><strong>neque</strong></span> <span class='ocrx_word' id='word_1_128' title='bbox 1074 1536 1152 1564; x_wconf 88' lang='lat' dir='ltr'><strong>nos</strong></span> <span class='ocrx_word' id='word_1_129' title='bbox 1171 1523 1404 1576; x_wconf 87' lang='lat' dir='ltr'><strong>quisquam</strong></span> <span class='ocrx_word' id='word_1_130' title='bbox 1421 1521 1602 1575; x_wconf 80' lang='lat' dir='ltr'><strong>flagitat.</strong></span> 
     </span>
     <span class='ocr_line' id='line_1_19' title="bbox 114 1595 1499 1648; baseline -0.003 -10"><span class='ocrx_word' id='word_1_131' title='bbox 114 1596 206 1638; x_wconf 83' lang='lat' dir='ltr'><strong>Tua</strong></span> <span class='ocrx_word' id='word_1_132' title='bbox 237 1609 365 1637; x_wconf 86' lang='lat' dir='ltr'><strong>causa</strong></span> <span class='ocrx_word' id='word_1_133' title='bbox 395 1608 520 1636; x_wconf 89' lang='lat' dir='ltr'><strong>nemo</strong></span> <span class='ocrx_word' id='word_1_134' title='bbox 551 1599 800 1636; x_wconf 86' lang='lat' dir='ltr'><strong>nostrorum</strong></span> <span class='ocrx_word' id='word_1_135' title='bbox 832 1600 895 1635; x_wconf 86' lang='lat' dir='ltr'><strong>est</strong></span> <span class='ocrx_word' id='word_1_136' title='bbox 928 1608 1030 1635; x_wconf 87' lang='lat' dir='ltr'><strong>suos</strong></span> <span class='ocrx_word' id='word_1_137' title='bbox 1062 1599 1270 1648; x_wconf 88' lang='lat' dir='ltr'><strong>rupturus</strong></span> <span class='ocrx_word' id='word_1_138' title='bbox 1304 1595 1499 1634; x_wconf 86' lang='lat' dir='ltr'><strong>ramices.</strong></span> 
     </span>
    </p>
   </div>
   <div class='ocr_carea' id='block_1_3' title="bbox 86 1677 1604 2164">
    <p class='ocr_par' dir='ltr' id='par_1_5' title="bbox 86 1677 1604 2164">
     <span class='ocr_line' id='line_1_20' title="bbox 663 1677 1059 1731; baseline 0 -13"><span class='ocrx_word' id='word_1_139' title='bbox 663 1677 1059 1731; x_wconf 84' lang='lat' dir='ltr'><strong>Agorastocles</strong></span> 
     </span>
     <span class='ocr_line' id='line_1_21' title="bbox 112 1748 1604 1803; baseline 0 -11"><span class='ocrx_word' id='word_1_140' title='bbox 112 1750 246 1792; x_wconf 88' lang='lat' dir='ltr'><strong>Nimis</strong></span> <span class='ocrx_word' id='word_1_141' title='bbox 268 1750 467 1791; x_wconf 87' lang='lat' dir='ltr'><strong>iracundi</strong></span> <span class='ocrx_word' id='word_1_142' title='bbox 492 1750 618 1800; x_wconf 74' lang='lat' dir='ltr'><strong>estis3</strong></span> <span class='ocrx_word' id='word_1_143' title='bbox 652 1749 852 1803; x_wconf 84' lang='lat' dir='ltr'><strong>equidem</strong></span> <span class='ocrx_word' id='word_1_144' title='bbox 878 1749 985 1790; x_wconf 86' lang='lat' dir='ltr'><strong>haec</strong></span> <span class='ocrx_word' id='word_1_145' title='bbox 1010 1748 1134 1790; x_wconf 90' lang='lat' dir='ltr'><strong>uobis</strong></span> <span class='ocrx_word' id='word_1_146' title='bbox 1161 1749 1247 1790; x_wconf 77' lang='lat' dir='ltr'><strong>dixi</strong></span> <span class='ocrx_word' id='word_1_147' title='bbox 1267 1763 1342 1803; x_wconf 87' lang='lat' dir='ltr'><strong>per</strong></span> <span class='ocrx_word' id='word_1_148' title='bbox 1357 1749 1510 1790; x_wconf 89' lang='lat' dir='ltr'><strong>iocum.</strong></span> <span class='ocrx_word' id='word_1_149' title='bbox 1538 1760 1604 1793; x_wconf 82' lang='grc'><strong>540</strong></span> 
     </span>
     <span class='ocr_line' id='line_1_22' title="bbox 722 1821 990 1862; baseline 0 0"><span class='ocrx_word' id='word_1_150' title='bbox 722 1821 756 1862; x_wconf 91' lang='grc' dir='ltr'><strong>Α</strong></span> <span class='ocrx_word' id='word_1_151' title='bbox 768 1821 792 1862; x_wconf 86' lang='lat' dir='ltr'><strong>d</strong></span> <span class='ocrx_word' id='word_1_152' title='bbox 804 1836 827 1862; x_wconf 88' lang='lat' dir='ltr'><strong>u</strong></span> <span class='ocrx_word' id='word_1_153' title='bbox 842 1835 864 1862; x_wconf 92' lang='lat' dir='ltr'><strong>o</strong></span> <span class='ocrx_word' id='word_1_154' title='bbox 877 1835 899 1862; x_wconf 92' lang='lat' dir='ltr'><strong>c</strong></span> <span class='ocrx_word' id='word_1_155' title='bbox 913 1822 990 1862; x_wconf 89' lang='lat' dir='ltr'><strong>ati</strong></span> 
     </span>
     <span class='ocr_line' id='line_1_23' title="bbox 113 1892 1601 1946; baseline -0.001 -11"><span class='ocrx_word' id='word_1_156' title='bbox 113 1892 193 1936; x_wconf 85' lang='lat' dir='ltr'><strong>Per</strong></span> <span class='ocrx_word' id='word_1_157' title='bbox 216 1895 356 1936; x_wconf 91' lang='lat' dir='ltr'><strong>iocum</strong></span> <span class='ocrx_word' id='word_1_158' title='bbox 381 1893 533 1935; x_wconf 87' lang='lat' dir='ltr'><strong>itidem</strong></span> <span class='ocrx_word' id='word_1_159' title='bbox 557 1892 718 1934; x_wconf 88' lang='lat' dir='ltr'><strong>dictum</strong></span> <span class='ocrx_word' id='word_1_160' title='bbox 746 1892 918 1942; x_wconf 82' lang='lat' dir='ltr'><strong>habeto,</strong></span> <span class='ocrx_word' id='word_1_161' title='bbox 944 1906 1055 1946; x_wconf 88' lang='lat' dir='ltr'><strong>quae</strong></span> <span class='ocrx_word' id='word_1_162' title='bbox 1081 1906 1157 1934; x_wconf 89' lang='lat' dir='ltr'><strong>nos</strong></span> <span class='ocrx_word' id='word_1_163' title='bbox 1183 1892 1263 1933; x_wconf 83' lang='lat' dir='ltr'><strong>tibi</strong></span> <span class='ocrx_word' id='word_1_164' title='bbox 1290 1892 1601 1946; x_wconf 86' lang='lat' dir='ltr'><strong>respondimus.</strong></span> 
     </span>
     <span class='ocr_line' id='line_1_24' title="bbox 655 1964 1053 2017; baseline 0.005 -13"><span class='ocrx_word' id='word_1_165' title='bbox 655 1964 1053 2017; x_wconf 82' lang='lat' dir='ltr'><strong>Agorastocles</strong></span> 
     </span>
     <span class='ocr_line' id='line_1_25' title="bbox 86 2035 1601 2091; baseline -0.001 -13"><span class='ocrx_word' id='word_1_166' title='bbox 86 2057 96 2070; x_wconf 70' lang='lat'><em>,</em></span> <span class='ocrx_word' id='word_1_167' title='bbox 114 2037 301 2080; x_wconf 90' lang='lat' dir='ltr'><strong>Obsecro</strong></span> <span class='ocrx_word' id='word_1_168' title='bbox 328 2036 470 2078; x_wconf 88' lang='lat' dir='ltr'><strong>hercle</strong></span> <span class='ocrx_word' id='word_1_169' title='bbox 495 2050 672 2091; x_wconf 88' lang='lat' dir='ltr'><strong>operam</strong></span> <span class='ocrx_word' id='word_1_170' title='bbox 698 2035 886 2077; x_wconf 87' lang='lat' dir='ltr'><strong>celocem</strong></span> <span class='ocrx_word' id='word_1_171' title='bbox 903 2036 1014 2077; x_wconf 86' lang='lat' dir='ltr'><strong>hanc</strong></span> <span class='ocrx_word' id='word_1_172' title='bbox 1032 2035 1148 2087; x_wconf 88' lang='lat' dir='ltr'><strong>mihi,</strong></span> <span class='ocrx_word' id='word_1_173' title='bbox 1179 2050 1231 2076; x_wconf 89' lang='lat' dir='ltr'><strong>ne</strong></span> <span class='ocrx_word' id='word_1_174' title='bbox 1251 2035 1461 2077; x_wconf 82' lang='lat' dir='ltr'><strong>corbitam</strong></span> <span class='ocrx_word' id='word_1_175' title='bbox 1482 2035 1601 2086; x_wconf 82' lang='lat' dir='ltr'><strong>date3</strong></span> 
     </span>
     <span class='ocr_line' id='line_1_26' title="bbox 116 2107 1529 2164; baseline -0.004 -13"><span class='ocrx_word' id='word_1_176' title='bbox 116 2109 398 2164; x_wconf 83' lang='lat' dir='ltr'><strong>Adtrepidate</strong></span> <span class='ocrx_word' id='word_1_177' title='bbox 432 2108 598 2159; x_wconf 85' lang='lat' dir='ltr'><strong>saltem,</strong></span> <span class='ocrx_word' id='word_1_178' title='bbox 631 2122 730 2149; x_wconf 88' lang='lat' dir='ltr'><strong>nam</strong></span> <span class='ocrx_word' id='word_1_179' title='bbox 763 2123 840 2150; x_wconf 90' lang='lat' dir='ltr'><strong>uos</strong></span> <span class='ocrx_word' id='word_1_180' title='bbox 874 2108 1165 2162; x_wconf 82' lang='lat' dir='ltr'><strong>adproperare</strong></span> <span class='ocrx_word' id='word_1_181' title='bbox 1198 2107 1313 2149; x_wconf 87' lang='lat' dir='ltr'><strong>haud</strong></span> <span class='ocrx_word' id='word_1_182' title='bbox 1345 2107 1529 2160; x_wconf 88' lang='lat' dir='ltr'><strong>postulo.</strong></span> 
     </span>
    </p>
   </div>
   <div class='ocr_carea' id='block_1_4' title="bbox 115 2187 1605 2386">
    <p class='ocr_par' dir='ltr' id='par_1_6' title="bbox 115 2187 1605 2386">
     <span class='ocr_line' id='line_1_27' title="bbox 626 2187 993 2243; baseline 0 -15"><span class='ocrx_word' id='word_1_183' title='bbox 626 2239 630 2243; x_wconf 25' lang='grc' dir='ltr'>ι</span> <span class='ocrx_word' id='word_1_184' title='bbox 723 2187 993 2229; x_wconf 86' lang='lat' dir='ltr'><strong>Aduocati</strong></span> 
     </span>
     <span class='ocr_line' id='line_1_28' title="bbox 116 2257 1511 2313; baseline -0.004 -11"><span class='ocrx_word' id='word_1_185' title='bbox 116 2259 159 2302; x_wconf 82' lang='lat' dir='ltr'><strong>Si</strong></span> <span class='ocrx_word' id='word_1_186' title='bbox 189 2260 291 2313; x_wconf 87' lang='lat' dir='ltr'><strong>quid</strong></span> <span class='ocrx_word' id='word_1_187' title='bbox 322 2265 370 2302; x_wconf 91' lang='lat' dir='ltr'><strong>tu</strong></span> <span class='ocrx_word' id='word_1_188' title='bbox 401 2259 572 2313; x_wconf 87' lang='lat' dir='ltr'><strong>placide</strong></span> <span class='ocrx_word' id='word_1_189' title='bbox 605 2261 827 2312; x_wconf 80' lang='lat' dir='ltr'><strong>otioseque</strong></span> <span class='ocrx_word' id='word_1_190' title='bbox 860 2273 989 2312; x_wconf 82' lang='lat' dir='ltr'><strong>agere</strong></span> <span class='ocrx_word' id='word_1_191' title='bbox 1022 2259 1098 2309; x_wconf 85' lang='lat' dir='ltr'><strong>uis,</strong></span> <span class='ocrx_word' id='word_1_192' title='bbox 1131 2272 1307 2311; x_wconf 84' lang='lat' dir='ltr'><strong>operam</strong></span> <span class='ocrx_word' id='word_1_193' title='bbox 1340 2257 1511 2307; x_wconf 80' lang='lat' dir='ltr'><strong>damus3</strong></span> 
     </span>
     <span class='ocr_line' id='line_1_29' title="bbox 115 2330 1605 2386; baseline -0.001 -13"><span class='ocrx_word' id='word_1_194' title='bbox 115 2330 158 2373; x_wconf 87' lang='lat' dir='ltr'><strong>Si</strong></span> <span class='ocrx_word' id='word_1_195' title='bbox 188 2346 405 2386; x_wconf 87' lang='lat' dir='ltr'><strong>properas,</strong></span> <span class='ocrx_word' id='word_1_196' title='bbox 437 2345 636 2373; x_wconf 87' lang='lat' dir='ltr'><strong>cursores</strong></span> <span class='ocrx_word' id='word_1_197' title='bbox 670 2331 843 2373; x_wconf 85' lang='lat' dir='ltr'><strong>meliust</strong></span> <span class='ocrx_word' id='word_1_198' title='bbox 873 2337 914 2372; x_wconf 90' lang='lat' dir='ltr'><strong>te</strong></span> <span class='ocrx_word' id='word_1_199' title='bbox 946 2331 1186 2372; x_wconf 86' lang='lat' dir='ltr'><strong>aduocatos</strong></span> <span class='ocrx_word' id='word_1_200' title='bbox 1218 2330 1391 2370; x_wconf 86' lang='lat' dir='ltr'><strong>ducere.</strong></span> <span class='ocrx_word' id='word_1_201' title='bbox 1539 2340 1605 2372; x_wconf 80' lang='lat'><strong>545</strong></span> 
     </span>
    </p>
   </div>
   <div class='ocr_carea' id='block_1_5' title="bbox 116 2410 1605 2536">
    <p class='ocr_par' dir='ltr' id='par_1_7' title="bbox 116 2410 1605 2536">
     <span class='ocr_line' id='line_1_30' title="bbox 666 2410 1054 2464; baseline -0.005 -12"><span class='ocrx_word' id='word_1_202' title='bbox 666 2410 1054 2464; x_wconf 86' lang='lat' dir='ltr'><strong>Agorastocles</strong></span> 
     </span>
     <span class='ocr_line' id='line_1_31' title="bbox 116 2479 1605 2536; baseline -0.003 -12"><span class='ocrx_word' id='word_1_203' title='bbox 116 2480 240 2524; x_wconf 82' lang='lat' dir='ltr'><strong>Scitis</strong></span> <span class='ocrx_word' id='word_1_204' title='bbox 258 2497 411 2524; x_wconf 85' lang='lat' dir='ltr'><strong>—rem</strong></span> <span class='ocrx_word' id='word_1_205' title='bbox 427 2484 603 2524; x_wconf 90' lang='lat' dir='ltr'><strong>narraui</strong></span> <span class='ocrx_word' id='word_1_206' title='bbox 621 2482 747 2524; x_wconf 89' lang='lat' dir='ltr'><strong>uobis</strong></span> <span class='ocrx_word' id='word_1_207' title='bbox 760 2482 931 2536; x_wconf 81' lang='lat' dir='ltr'><strong>—quid</strong></span> <span class='ocrx_word' id='word_1_208' title='bbox 950 2487 1097 2523; x_wconf 85' lang='lat' dir='ltr'><strong>uostra</strong></span> <span class='ocrx_word' id='word_1_209' title='bbox 1116 2494 1247 2534; x_wconf 81' lang='lat' dir='ltr'><strong>opera</strong></span> <span class='ocrx_word' id='word_1_210' title='bbox 1266 2479 1368 2520; x_wconf 86' lang='lat' dir='ltr'><strong>mihi</strong></span> <span class='ocrx_word' id='word_1_211' title='bbox 1387 2493 1493 2532; x_wconf 86' lang='lat' dir='ltr'><strong>opus</strong></span> <span class='ocrx_word' id='word_1_212' title='bbox 1512 2480 1605 2526; x_wconf 82' lang='lat' dir='ltr'><strong>siet,</strong></span> 
     </span>
    </p>
   </div>
   <div class='ocr_carea' id='block_1_6' title="bbox 116 2590 1611 2864">
    <p class='ocr_par' dir='ltr' id='par_1_8' title="bbox 116 2590 1611 2864">
     <span class='ocr_line' id='line_1_32' title="bbox 203 2590 1606 2637; baseline -0.003 -9"><span class='ocrx_word' id='word_1_213' title='bbox 203 2595 270 2628; x_wconf 76' lang='lat'><strong>528</strong></span> <span class='ocrx_word' id='word_1_214' title='bbox 294 2595 352 2628; x_wconf 84' lang='lat' dir='ltr'><strong>Ad</strong></span> <span class='ocrx_word' id='word_1_215' title='bbox 422 2595 488 2629; x_wconf 81' lang='lat'><strong>529</strong></span> <span class='ocrx_word' id='word_1_216' title='bbox 501 2595 765 2629; x_wconf 82' lang='lat' dir='ltr'><strong>elclabatorem</strong></span> <span class='ocrx_word' id='word_1_217' title='bbox 780 2594 823 2637; x_wconf 78' lang='grc' dir='ltr'><strong>Β1</strong></span> <span class='ocrx_word' id='word_1_218' title='bbox 850 2594 907 2628; x_wconf 87' lang='lat' dir='ltr'><strong>vel</strong></span> <span class='ocrx_word' id='word_1_219' title='bbox 921 2594 1152 2637; x_wconf 78' lang='lat' dir='ltr'><strong>glabatorem</strong></span> <span class='ocrx_word' id='word_1_220' title='bbox 1170 2592 1200 2627; x_wconf 84' lang='lat' dir='ltr'><em>C</em></span> <span class='ocrx_word' id='word_1_221' title='bbox 1268 2593 1331 2625; x_wconf 85' lang='grc'><strong>531</strong></span> <span class='ocrx_word' id='word_1_222' title='bbox 1357 2591 1452 2625; x_wconf 86' lang='lat' dir='ltr'><strong>tardi</strong></span> <span class='ocrx_word' id='word_1_223' title='bbox 1467 2595 1554 2625; x_wconf 84' lang='lat' dir='ltr'><strong>tune</strong></span> <span class='ocrx_word' id='word_1_224' title='bbox 1571 2590 1606 2625; x_wconf 98' lang='grc' dir='ltr'><strong><em>Β</em></strong></span> 
     </span>
     <span class='ocr_line' id='line_1_33' title="bbox 117 2646 1606 2696; baseline -0.003 -11"><span class='ocrx_word' id='word_1_225' title='bbox 117 2650 182 2685; x_wconf 73' lang='grc'><strong>532</strong></span> <span class='ocrx_word' id='word_1_226' title='bbox 203 2651 262 2684; x_wconf 83' lang='lat' dir='ltr'><strong>Ad</strong></span> <span class='ocrx_word' id='word_1_227' title='bbox 356 2652 456 2686; x_wconf 83' lang='lat' dir='ltr'><strong>iuxta</strong></span> <span class='ocrx_word' id='word_1_228' title='bbox 482 2651 518 2685; x_wconf 93' lang='grc' dir='ltr'><strong><em>Β</em></strong></span> <span class='ocrx_word' id='word_1_229' title='bbox 604 2663 674 2696; x_wconf 93' lang='lat' dir='ltr'><strong>quo</strong></span> <span class='ocrx_word' id='word_1_230' title='bbox 770 2653 835 2685; x_wconf 83' lang='lat'><strong>533</strong></span> <span class='ocrx_word' id='word_1_231' title='bbox 863 2655 899 2685; x_wconf 87' lang='lat' dir='ltr'><strong>et</strong></span> <span class='ocrx_word' id='word_1_232' title='bbox 924 2651 989 2685; x_wconf 86' lang='lat' dir='ltr'><strong>das</strong></span> <span class='ocrx_word' id='word_1_233' title='bbox 1016 2649 1050 2683; x_wconf 89' lang='lat' dir='ltr'><em>B</em></span> <span class='ocrx_word' id='word_1_234' title='bbox 1144 2649 1231 2683; x_wconf 89' lang='lat' dir='ltr'><strong>uelis</strong></span> <span class='ocrx_word' id='word_1_235' title='bbox 1259 2660 1324 2682; x_wconf 84' lang='lat' dir='ltr'><strong>om.</strong></span> <span class='ocrx_word' id='word_1_236' title='bbox 1350 2646 1386 2681; x_wconf 93' lang='lat' dir='ltr'><em>B</em></span> <span class='ocrx_word' id='word_1_237' title='bbox 1470 2648 1537 2681; x_wconf 85' lang='lat'><strong>534</strong></span> <span class='ocrx_word' id='word_1_238' title='bbox 1562 2647 1606 2681; x_wconf 86' lang='lat' dir='ltr'><strong>de</strong></span> 
     </span>
     <span class='ocr_line' id='line_1_34' title="bbox 117 2703 1607 2752; baseline -0.003 -11"><span class='ocrx_word' id='word_1_239' title='bbox 117 2706 178 2750; x_wconf 82' lang='lat' dir='ltr'><strong>qui</strong></span> <span class='ocrx_word' id='word_1_240' title='bbox 204 2718 225 2741; x_wconf 95' lang='lat' dir='ltr'><strong>o</strong></span> <span class='ocrx_word' id='word_1_241' title='bbox 245 2707 293 2749; x_wconf 92' lang='lat' dir='ltr'><strong>B,</strong></span> <span class='ocrx_word' id='word_1_242' title='bbox 319 2707 363 2742; x_wconf 86' lang='lat' dir='ltr'><strong>de</strong></span> <span class='ocrx_word' id='word_1_243' title='bbox 391 2720 461 2752; x_wconf 89' lang='lat' dir='ltr'><strong>quo</strong></span> <span class='ocrx_word' id='word_1_244' title='bbox 491 2708 520 2743; x_wconf 87' lang='lat' dir='ltr'><strong><em>C</em></strong></span> <span class='ocrx_word' id='word_1_245' title='bbox 651 2709 715 2742; x_wconf 84' lang='lat'><strong>535</strong></span> <span class='ocrx_word' id='word_1_246' title='bbox 741 2719 814 2752; x_wconf 89' lang='lat' dir='ltr'><strong>quo</strong></span> <span class='ocrx_word' id='word_1_247' title='bbox 841 2718 922 2741; x_wconf 86' lang='lat' dir='ltr'><strong>meo</strong></span> <span class='ocrx_word' id='word_1_248' title='bbox 949 2718 1031 2742; x_wconf 90' lang='lat' dir='ltr'><strong>cum</strong></span> <span class='ocrx_word' id='word_1_249' title='bbox 1058 2706 1116 2740; x_wconf 88' lang='lat' dir='ltr'><strong>cui</strong></span> <span class='ocrx_word' id='word_1_250' title='bbox 1139 2705 1167 2740; x_wconf 76' lang='lat' dir='ltr'><em>C</em></span> <span class='ocrx_word' id='word_1_251' title='bbox 1299 2705 1365 2738; x_wconf 88' lang='grc'><strong>536</strong></span> <span class='ocrx_word' id='word_1_252' title='bbox 1391 2706 1552 2738; x_wconf 81' lang='lat' dir='ltr'><strong>nostram</strong></span> <span class='ocrx_word' id='word_1_253' title='bbox 1573 2703 1607 2737; x_wconf 90' lang='lat' dir='ltr'><strong><em>B</em></strong></span> 
     </span>
     <span class='ocr_line' id='line_1_35' title="bbox 116 2760 1611 2808; baseline -0.003 -10"><span class='ocrx_word' id='word_1_254' title='bbox 116 2763 182 2798; x_wconf 77' lang='lat'><strong>537</strong></span> <span class='ocrx_word' id='word_1_255' title='bbox 205 2764 404 2808; x_wconf 80' lang='lat' dir='ltr'><strong>pauxillum</strong></span> <span class='ocrx_word' id='word_1_256' title='bbox 429 2764 465 2800; x_wconf 92' lang='lat' dir='ltr'><strong><em>B</em></strong></span> <span class='ocrx_word' id='word_1_257' title='bbox 570 2768 606 2798; x_wconf 87' lang='lat' dir='ltr'><strong>et</strong></span> <span class='ocrx_word' id='word_1_258' title='bbox 631 2775 696 2799; x_wconf 83' lang='lat' dir='ltr'><strong>om.</strong></span> <span class='ocrx_word' id='word_1_259' title='bbox 808 2765 874 2799; x_wconf 85' lang='lat'><strong>539</strong></span> <span class='ocrx_word' id='word_1_260' title='bbox 900 2764 928 2798; x_wconf 82' lang='lat' dir='ltr'><strong>si</strong></span> <span class='ocrx_word' id='word_1_261' title='bbox 1033 2763 1185 2796; x_wconf 79' lang='lat' dir='ltr'><strong>ramites</strong></span> <span class='ocrx_word' id='word_1_262' title='bbox 1280 2763 1342 2794; x_wconf 79' lang='lat'><strong>541</strong></span> <span class='ocrx_word' id='word_1_263' title='bbox 1371 2771 1461 2804; x_wconf 84' lang='lat' dir='ltr'><strong>quos</strong></span> <span class='ocrx_word' id='word_1_264' title='bbox 1487 2772 1552 2794; x_wconf 82' lang='lat' dir='ltr'><strong>nos</strong></span> <span class='ocrx_word' id='word_1_265' title='bbox 1582 2760 1611 2795; x_wconf 76' lang='lat' dir='ltr'><em>C</em></span> 
     </span>
     <span class='ocr_line' id='line_1_36' title="bbox 118 2814 1390 2864; baseline -0.002 -10"><span class='ocrx_word' id='word_1_266' title='bbox 118 2819 184 2854; x_wconf 80' lang='lat'><strong>542</strong></span> <span class='ocrx_word' id='word_1_267' title='bbox 209 2821 370 2856; x_wconf 85' lang='lat' dir='ltr'><strong>uelocem</strong></span> <span class='ocrx_word' id='word_1_268' title='bbox 466 2823 532 2856; x_wconf 88' lang='lat'><strong>545</strong></span> <span class='ocrx_word' id='word_1_269' title='bbox 555 2821 688 2856; x_wconf 82' lang='lat' dir='ltr'><strong>melius</strong></span> <span class='ocrx_word' id='word_1_270' title='bbox 715 2821 744 2854; x_wconf 82' lang='lat' dir='ltr'><strong>si</strong></span> <span class='ocrx_word' id='word_1_271' title='bbox 771 2823 806 2854; x_wconf 73' lang='lat' dir='ltr'><strong>to</strong></span> <span class='ocrx_word' id='word_1_272' title='bbox 901 2821 967 2854; x_wconf 85' lang='lat'><strong>546</strong></span> <span class='ocrx_word' id='word_1_273' title='bbox 992 2819 1091 2864; x_wconf 88' lang='lat' dir='ltr'><strong>quod</strong></span> <span class='ocrx_word' id='word_1_274' title='bbox 1186 2814 1390 2862; x_wconf 81' lang='lat' dir='ltr'><strong>operamini</strong></span> 
     </span>
    </p>
   </div>
   <div class='ocr_carea' id='block_1_7' title="bbox 1296 2892 1336 2923">
    <p class='ocr_par' dir='ltr' id='par_1_9' title="bbox 1296 2892 1336 2923">
     <span class='ocr_line' id='line_1_37' title="bbox 1296 2892 1336 2923; baseline 0.025 -1"><span class='ocrx_word' id='word_1_275' title='bbox 1296 2892 1336 2923; x_wconf 89' lang='lat'><strong>10</strong></span> 
     </span>
    </p>
   </div>
  </div>
 </body>
</html>
