<?xml version="1.0" encoding="UTF-8"?>
<!DOCTYPE html PUBLIC "-//W3C//DTD XHTML 1.0 Transitional//EN"
    "http://www.w3.org/TR/xhtml1/DTD/xhtml1-transitional.dtd">
<html xmlns="http://www.w3.org/1999/xhtml" xml:lang="en" lang="en">
 <head>
  <title>
</title>
<meta http-equiv="Content-Type" content="text/html;charset=utf-8" />
  <meta name='ocr-system' content='tesseract 3.04.00' />
  <meta name='ocr-capabilities' content='ocr_page ocr_carea ocr_par ocr_line ocrx_word'/>
</head>
<body>
  <div class='ocr_page' id='page_1' title='image "./comoediaerecensu04plauuoft_0683.png"; bbox 0 0 1963 3243; ppageno 0'>
   <div class='ocr_carea' id='block_1_1' title="bbox 0 0 79 391">
    <p class='ocr_par' dir='ltr' id='par_1_1' title="bbox 0 0 79 391">
     <span class='ocr_line' id='line_1_1' title="bbox 0 0 79 391; baseline 0 2852"><span class='ocrx_word' id='word_1_1' title='bbox 0 0 79 391; x_wconf 95' lang='lat' dir='ltr'> </span> 
     </span>
    </p>
   </div>
   <div class='ocr_carea' id='block_1_2' title="bbox 782 299 1660 357">
    <p class='ocr_par' dir='ltr' id='par_1_2' title="bbox 782 299 1660 357">
     <span class='ocr_line' id='line_1_2' title="bbox 782 299 1660 357; baseline -0.001 -24"><span class='ocrx_word' id='word_1_2' title='bbox 782 299 831 357; x_wconf 61' lang='lat' dir='ltr'>y.</span> <span class='ocrx_word' id='word_1_3' title='bbox 857 301 1046 334; x_wconf 48' lang='lat'>348-381.</span> <span class='ocrx_word' id='word_1_4' title='bbox 1580 304 1660 342; x_wconf 71' lang='lat'>313</span> 
     </span>
    </p>
   </div>
   <div class='ocr_carea' id='block_1_3' title="bbox 174 423 1662 819">
    <p class='ocr_par' dir='ltr' id='par_1_3' title="bbox 174 423 1662 819">
     <span class='ocr_line' id='line_1_3' title="bbox 175 423 1661 475; baseline 0.001 -10"><span class='ocrx_word' id='word_1_5' title='bbox 175 428 276 466; x_wconf 81' lang='lat' dir='ltr'>infra</span> <span class='ocrx_word' id='word_1_6' title='bbox 302 430 392 466; x_wconf 74' lang='lat'>386.</span> <span class='ocrx_word' id='word_1_7' title='bbox 422 449 471 455; x_wconf 93' lang='lat'>—</span> <span class='ocrx_word' id='word_1_8' title='bbox 501 430 592 465; x_wconf 69' lang='lat'>3133.</span> <span class='ocrx_word' id='word_1_9' title='bbox 630 423 753 466; x_wconf 71' lang='lat' dir='ltr'>Meus</span> <span class='ocrx_word' id='word_1_10' title='bbox 781 425 945 475; x_wconf 72' lang='lat' dir='ltr'>ocellus,</span> <span class='ocrx_word' id='word_1_11' title='bbox 979 429 1024 465; x_wconf 76' lang='lat' dir='ltr'>cf.</span> <span class='ocrx_word' id='word_1_12' title='bbox 1052 429 1157 465; x_wconf 78' lang='lat' dir='ltr'>Asin.</span> <span class='ocrx_word' id='word_1_13' title='bbox 1180 430 1271 464; x_wconf 68' lang='lat'>(557.</span> <span class='ocrx_word' id='word_1_14' title='bbox 1335 439 1465 466; x_wconf 76' lang='lat' dir='ltr'>mcum</span> <span class='ocrx_word' id='word_1_15' title='bbox 1496 427 1661 466; x_wconf 65' lang='lat' dir='ltr'>sanium</span> 
     </span>
     <span class='ocr_line' id='line_1_4' title="bbox 174 494 1660 546; baseline 0.002 -14"><span class='ocrx_word' id='word_1_16' title='bbox 174 496 260 533; x_wconf 85' lang='lat' dir='ltr'>Ter.</span> <span class='ocrx_word' id='word_1_17' title='bbox 296 495 393 534; x_wconf 82' lang='lat' dir='ltr'>Eun.</span> <span class='ocrx_word' id='word_1_18' title='bbox 427 499 520 535; x_wconf 76' lang='lat'>456.</span> <span class='ocrx_word' id='word_1_19' title='bbox 566 516 612 522; x_wconf 93' lang='lat'>—</span> <span class='ocrx_word' id='word_1_20' title='bbox 658 498 749 534; x_wconf 83' lang='lat'>364.</span> <span class='ocrx_word' id='word_1_21' title='bbox 798 494 990 535; x_wconf 70' lang='lat' dir='ltr'>colustra.</span> <span class='ocrx_word' id='word_1_22' title='bbox 1037 495 1184 534; x_wconf 88' lang='lat' dir='ltr'>Colum.</span> <span class='ocrx_word' id='word_1_23' title='bbox 1219 496 1301 542; x_wconf 87' lang='lat' dir='ltr'>VII,</span> <span class='ocrx_word' id='word_1_24' title='bbox 1337 499 1371 542; x_wconf 87' lang='lat'>3,</span> <span class='ocrx_word' id='word_1_25' title='bbox 1412 498 1477 533; x_wconf 90' lang='lat'>17:</span> <span class='ocrx_word' id='word_1_26' title='bbox 1526 498 1660 546; x_wconf 71' lang='lat' dir='ltr'>..prius</span> 
     </span>
     <span class='ocr_line' id='line_1_5' title="bbox 176 559 1658 614; baseline 0.001 -14"><span class='ocrx_word' id='word_1_27' title='bbox 176 560 309 614; x_wconf 76' lang='lat' dir='ltr'><strong>(quam</strong></span> <span class='ocrx_word' id='word_1_28' title='bbox 344 567 433 613; x_wconf 78' lang='lat' dir='ltr'>ugni</span> <span class='ocrx_word' id='word_1_29' title='bbox 466 564 650 602; x_wconf 79' lang='lat' dir='ltr'>uberibus</span> <span class='ocrx_word' id='word_1_30' title='bbox 676 569 844 603; x_wconf 83' lang='lat' dir='ltr'>matrum</span> <span class='ocrx_word' id='word_1_31' title='bbox 870 559 1147 612; x_wconf 82' lang='lat' dir='ltr'>admoventur)</span> <span class='ocrx_word' id='word_1_32' title='bbox 1180 565 1361 611; x_wconf 81' lang='lat' dir='ltr'>exiguum</span> <span class='ocrx_word' id='word_1_33' title='bbox 1388 565 1658 614; x_wconf 77' lang='lat' dir='ltr'><strong>emulgendum</strong></span> 
     </span>
     <span class='ocr_line' id='line_1_6' title="bbox 174 632 1661 683; baseline 0.001 -14"><span class='ocrx_word' id='word_1_34' title='bbox 174 635 244 680; x_wconf 83' lang='lat' dir='ltr'>est,</span> <span class='ocrx_word' id='word_1_35' title='bbox 270 633 373 682; x_wconf 86' lang='lat' dir='ltr'>quod</span> <span class='ocrx_word' id='word_1_36' title='bbox 399 637 574 683; x_wconf 80' lang='lat' dir='ltr'>pastores</span> <span class='ocrx_word' id='word_1_37' title='bbox 592 633 803 671; x_wconf 75' lang='lat' dir='ltr'>colostrum</span> <span class='ocrx_word' id='word_1_38' title='bbox 829 636 985 679; x_wconf 79' lang='lat' dir='ltr'>vocant3</span> <span class='ocrx_word' id='word_1_39' title='bbox 1018 646 1062 669; x_wconf 78' lang='lat' dir='ltr'>eu</span> <span class='ocrx_word' id='word_1_40' title='bbox 1086 633 1159 669; x_wconf 89' lang='lat' dir='ltr'>nisi</span> <span class='ocrx_word' id='word_1_41' title='bbox 1185 632 1432 681; x_wconf 75' lang='lat' dir='ltr'>aliquatenus</span> <span class='ocrx_word' id='word_1_42' title='bbox 1458 633 1661 679; x_wconf 73' lang='lat' dir='ltr'><strong>emittitur,</strong></span> 
     </span>
     <span class='ocr_line' id='line_1_7' title="bbox 174 699 1660 755; baseline 0 -17"><span class='ocrx_word' id='word_1_43' title='bbox 174 705 288 739; x_wconf 82' lang='lat' dir='ltr'>nocet</span> <span class='ocrx_word' id='word_1_44' title='bbox 333 699 473 751; x_wconf 79' lang='lat' dir='ltr'>agno“.</span> <span class='ocrx_word' id='word_1_45' title='bbox 548 700 695 738; x_wconf 77' lang='lat' dir='ltr'>Eadem</span> <span class='ocrx_word' id='word_1_46' title='bbox 736 701 956 755; x_wconf 84' lang='lat' dir='ltr'>hominibus</span> <span class='ocrx_word' id='word_1_47' title='bbox 996 701 1033 738; x_wconf 88' lang='lat' dir='ltr'>iu</span> <span class='ocrx_word' id='word_1_48' title='bbox 1073 700 1222 737; x_wconf 77' lang='lat' dir='ltr'>deliciis</span> <span class='ocrx_word' id='word_1_49' title='bbox 1260 708 1361 747; x_wconf 71' lang='lat' dir='ltr'>erat,</span> <span class='ocrx_word' id='word_1_50' title='bbox 1409 714 1443 738; x_wconf 95' lang='lat' dir='ltr'>v.</span> <span class='ocrx_word' id='word_1_51' title='bbox 1488 701 1660 738; x_wconf 81' lang='lat' dir='ltr'>Martial.</span> 
     </span>
     <span class='ocr_line' id='line_1_8' title="bbox 175 768 1662 819; baseline 0 -13"><span class='ocrx_word' id='word_1_52' title='bbox 175 769 280 816; x_wconf 82' lang='lat' dir='ltr'>XIII,</span> <span class='ocrx_word' id='word_1_53' title='bbox 315 770 385 807; x_wconf 92' lang='lat'>38:</span> <span class='ocrx_word' id='word_1_54' title='bbox 436 769 659 819; x_wconf 78' lang='lat' dir='ltr'>„Surripuit</span> <span class='ocrx_word' id='word_1_55' title='bbox 699 773 833 818; x_wconf 82' lang='lat' dir='ltr'>pastor</span> <span class='ocrx_word' id='word_1_56' title='bbox 872 782 957 818; x_wconf 85' lang='lat' dir='ltr'>quae</span> <span class='ocrx_word' id='word_1_57' title='bbox 996 768 1166 806; x_wconf 88' lang='lat' dir='ltr'>nondum</span> <span class='ocrx_word' id='word_1_58' title='bbox 1206 768 1402 805; x_wconf 71' lang='lat' dir='ltr'>stantibus</span> <span class='ocrx_word' id='word_1_59' title='bbox 1440 768 1560 806; x_wconf 82' lang='lat' dir='ltr'>haedis</span> <span class='ocrx_word' id='word_1_60' title='bbox 1607 769 1662 806; x_wconf 84' lang='lat' dir='ltr'>De</span> 
     </span>
    </p>
   </div>
   <div class='ocr_carea' id='block_1_4' title="bbox 173 832 1661 1022">
    <p class='ocr_par' dir='ltr' id='par_1_4' title="bbox 173 832 1661 1022">
     <span class='ocr_line' id='line_1_9' title="bbox 173 832 1661 887; baseline -0.002 -13"><span class='ocrx_word' id='word_1_61' title='bbox 173 838 300 887; x_wconf 89' lang='lat' dir='ltr'>primo</span> <span class='ocrx_word' id='word_1_62' title='bbox 341 843 508 875; x_wconf 81' lang='lat' dir='ltr'>matrum</span> <span class='ocrx_word' id='word_1_63' title='bbox 552 838 651 875; x_wconf 76' lang='lat' dir='ltr'>lacte</span> <span class='ocrx_word' id='word_1_64' title='bbox 692 838 866 875; x_wconf 79' lang='lat' dir='ltr'>colostra</span> <span class='ocrx_word' id='word_1_65' title='bbox 905 833 1081 875; x_wconf 80' lang='lat' dir='ltr'>dalnus“.</span> <span class='ocrx_word' id='word_1_66' title='bbox 1127 856 1180 860; x_wconf 91' lang='lat'>—-</span> <span class='ocrx_word' id='word_1_67' title='bbox 1226 832 1464 875; x_wconf 57' lang='lat' dir='ltr'>‘molliculus</span> <span class='ocrx_word' id='word_1_68' title='bbox 1505 847 1661 882; x_wconf 71' lang='lat' dir='ltr'>caseus,</span> 
     </span>
     <span class='ocr_line' id='line_1_10' title="bbox 175 902 1660 955; baseline 0 -13"><span class='ocrx_word' id='word_1_69' title='bbox 175 906 222 943; x_wconf 84' lang='lat' dir='ltr'>cf.</span> <span class='ocrx_word' id='word_1_70' title='bbox 253 905 364 955; x_wconf 84' lang='lat' dir='ltr'>Capt.</span> <span class='ocrx_word' id='word_1_71' title='bbox 398 907 491 944; x_wconf 81' lang='lat'>845.</span> <span class='ocrx_word' id='word_1_72' title='bbox 523 926 577 931; x_wconf 96' lang='lat'>—</span> <span class='ocrx_word' id='word_1_73' title='bbox 620 907 711 943; x_wconf 83' lang='grc'>366.</span> <span class='ocrx_word' id='word_1_74' title='bbox 753 902 992 955; x_wconf 61' lang='grc' dir='ltr'>(μιαιῖνὶῃίθ,</span> <span class='ocrx_word' id='word_1_75' title='bbox 1033 919 1068 942; x_wconf 88' lang='lat' dir='ltr'>v.</span> <span class='ocrx_word' id='word_1_76' title='bbox 1102 905 1150 942; x_wconf 82' lang='lat' dir='ltr'>ad</span> <span class='ocrx_word' id='word_1_77' title='bbox 1181 905 1322 955; x_wconf 86' lang='lat' dir='ltr'><strong>Amph.</strong></span> <span class='ocrx_word' id='word_1_78' title='bbox 1356 905 1450 942; x_wconf 87' lang='lat'>418.</span> <span class='ocrx_word' id='word_1_79' title='bbox 1482 923 1534 929; x_wconf 88' lang='lat'>—-</span> <span class='ocrx_word' id='word_1_80' title='bbox 1569 907 1660 942; x_wconf 80' lang='lat'>307.</span> 
     </span>
     <span class='ocr_line' id='line_1_11' title="bbox 173 970 1660 1022; baseline -0.001 -11"><span class='ocrx_word' id='word_1_81' title='bbox 173 983 298 1012; x_wconf 71' lang='lat' dir='ltr'>causa</span> <span class='ocrx_word' id='word_1_82' title='bbox 335 983 424 1011; x_wconf 83' lang='lat' dir='ltr'>mea</span> <span class='ocrx_word' id='word_1_83' title='bbox 464 987 548 1012; x_wconf 85' lang='lat' dir='ltr'>cum</span> <span class='ocrx_word' id='word_1_84' title='bbox 586 970 675 1011; x_wconf 73' lang='lat' dir='ltr'>‘noli</span> <span class='ocrx_word' id='word_1_85' title='bbox 714 973 962 1022; x_wconf 83' lang='lat' dir='ltr'>iungendum.</span> <span class='ocrx_word' id='word_1_86' title='bbox 1005 993 1052 998; x_wconf 93' lang='lat'><strong>—</strong></span> <span class='ocrx_word' id='word_1_87' title='bbox 1103 974 1194 1011; x_wconf 81' lang='lat'>368.</span> <span class='ocrx_word' id='word_1_88' title='bbox 1241 982 1312 1011; x_wconf 65' lang='lat' dir='ltr'>(tes</span> <span class='ocrx_word' id='word_1_89' title='bbox 1351 973 1441 1010; x_wconf 84' lang='lat' dir='ltr'>add.</span> <span class='ocrx_word' id='word_1_90' title='bbox 1481 972 1660 1020; x_wconf 78' lang='lat' dir='ltr'>Seyffert.</span> 
     </span>
    </p>
   </div>
   <div class='ocr_carea' id='block_1_5' title="bbox 172 1038 1664 1774">
    <p class='ocr_par' dir='ltr' id='par_1_5' title="bbox 172 1038 1664 1774">
     <span class='ocr_line' id='line_1_12' title="bbox 175 1038 1664 1092; baseline 0 -14"><span class='ocrx_word' id='word_1_91' title='bbox 175 1041 314 1079; x_wconf 86' lang='lat' dir='ltr'>Philol.</span> <span class='ocrx_word' id='word_1_92' title='bbox 347 1041 495 1079; x_wconf 90' lang='lat' dir='ltr'><strong>XXVII</strong></span> <span class='ocrx_word' id='word_1_93' title='bbox 533 1056 570 1092; x_wconf 93' lang='lat' dir='ltr'>p.</span> <span class='ocrx_word' id='word_1_94' title='bbox 605 1043 698 1081; x_wconf 81' lang='lat'>458.</span> <span class='ocrx_word' id='word_1_95' title='bbox 761 1041 883 1091; x_wconf 79' lang='lat' dir='ltr'>Gepp.</span> <span class='ocrx_word' id='word_1_96' title='bbox 922 1041 1111 1089; x_wconf 62' lang='lat' dir='ltr'>„nihilum</span> <span class='ocrx_word' id='word_1_97' title='bbox 1149 1040 1266 1078; x_wconf 71' lang='lat' dir='ltr'>non“.</span> <span class='ocrx_word' id='word_1_98' title='bbox 1301 1059 1349 1067; x_wconf 83' lang='lat'>——</span> <span class='ocrx_word' id='word_1_99' title='bbox 1395 1041 1487 1078; x_wconf 84' lang='lat'>369.</span> <span class='ocrx_word' id='word_1_100' title='bbox 1526 1038 1664 1090; x_wconf 72' lang='lat' dir='ltr'>Atque</span> 
     </span>
     <span class='ocr_line' id='line_1_13' title="bbox 174 1107 1659 1167; baseline 0.001 -22"><span class='ocrx_word' id='word_1_101' title='bbox 174 1111 362 1157; x_wconf 75' lang='lat' dir='ltr'>etiumA3</span> <span class='ocrx_word' id='word_1_102' title='bbox 395 1113 463 1147; x_wconf 82' lang='lat' dir='ltr'>aut</span> <span class='ocrx_word' id='word_1_103' title='bbox 493 1112 719 1160; x_wconf 85' lang='lat' dir='ltr'>corripitur,</span> <span class='ocrx_word' id='word_1_104' title='bbox 752 1123 786 1147; x_wconf 95' lang='lat' dir='ltr'>v.</span> <span class='ocrx_word' id='word_1_105' title='bbox 820 1110 976 1158; x_wconf 83' lang='lat' dir='ltr'>Proleg.</span> <span class='ocrx_word' id='word_1_106' title='bbox 1008 1123 1044 1160; x_wconf 90' lang='lat' dir='ltr'>p.</span> <span class='ocrx_word' id='word_1_107' title='bbox 1073 1111 1165 1157; x_wconf 78' lang='lat'>205,</span> <span class='ocrx_word' id='word_1_108' title='bbox 1199 1114 1265 1146; x_wconf 84' lang='lat' dir='ltr'>aut</span> <span class='ocrx_word' id='word_1_109' title='bbox 1296 1123 1380 1167; x_wconf 75' lang='lat' dir='ltr'>cum</span> <span class='ocrx_word' id='word_1_110' title='bbox 1412 1109 1525 1147; x_wconf 85' lang='lat' dir='ltr'>Both.</span> <span class='ocrx_word' id='word_1_111' title='bbox 1557 1107 1659 1155; x_wconf 83' lang='lat' dir='ltr'>„Ac“</span> 
     </span>
     <span class='ocr_line' id='line_1_14' title="bbox 173 1175 1664 1227; baseline 0 -12"><span class='ocrx_word' id='word_1_112' title='bbox 173 1178 434 1216; x_wconf 86' lang='lat' dir='ltr'>scribendum.</span> <span class='ocrx_word' id='word_1_113' title='bbox 453 1198 507 1203; x_wconf 87' lang='lat'><strong>—</strong></span> <span class='ocrx_word' id='word_1_114' title='bbox 531 1175 633 1217; x_wconf 74' lang='lat' dir='ltr'>civis</span> <span class='ocrx_word' id='word_1_115' title='bbox 658 1175 812 1225; x_wconf 74' lang='lat' dir='ltr'>Attica,</span> <span class='ocrx_word' id='word_1_116' title='bbox 845 1179 961 1216; x_wconf 85' lang='lat' dir='ltr'>nimis</span> <span class='ocrx_word' id='word_1_117' title='bbox 992 1177 1250 1227; x_wconf 82' lang='lat' dir='ltr'>negligenter,</span> <span class='ocrx_word' id='word_1_118' title='bbox 1282 1191 1371 1215; x_wconf 83' lang='lat' dir='ltr'>nam</span> <span class='ocrx_word' id='word_1_119' title='bbox 1389 1177 1548 1215; x_wconf 83' lang='lat' dir='ltr'>AEtolus</span> <span class='ocrx_word' id='word_1_120' title='bbox 1578 1182 1664 1215; x_wconf 86' lang='lat' dir='ltr'>erat</span> 
     </span>
     <span class='ocr_line' id='line_1_15' title="bbox 172 1245 1662 1297; baseline 0.001 -14"><span class='ocrx_word' id='word_1_121' title='bbox 172 1247 451 1296; x_wconf 81' lang='lat' dir='ltr'><strong>Agorastocles</strong></span> <span class='ocrx_word' id='word_1_122' title='bbox 490 1250 529 1284; x_wconf 90' lang='lat' dir='ltr'>et</span> <span class='ocrx_word' id='word_1_123' title='bbox 559 1246 758 1296; x_wconf 77' lang='lat' dir='ltr'>Calydone</span> <span class='ocrx_word' id='word_1_124' title='bbox 796 1261 859 1285; x_wconf 86' lang='lat' dir='ltr'>res</span> <span class='ocrx_word' id='word_1_125' title='bbox 891 1247 1040 1297; x_wconf 81' lang='lat' dir='ltr'>agitur3</span> <span class='ocrx_word' id='word_1_126' title='bbox 1087 1246 1156 1285; x_wconf 86' lang='lat' dir='ltr'>sed</span> <span class='ocrx_word' id='word_1_127' title='bbox 1196 1248 1288 1296; x_wconf 85' lang='lat' dir='ltr'>quia</span> <span class='ocrx_word' id='word_1_128' title='bbox 1319 1245 1482 1285; x_wconf 82' lang='lat' dir='ltr'><strong>Athenis</strong></span> <span class='ocrx_word' id='word_1_129' title='bbox 1519 1245 1662 1284; x_wconf 83' lang='lat' dir='ltr'>fabulae</span> 
     </span>
     <span class='ocr_line' id='line_1_16' title="bbox 174 1311 1662 1365; baseline 0 -13"><span class='ocrx_word' id='word_1_130' title='bbox 174 1315 238 1362; x_wconf 81' lang='lat' dir='ltr'>agi</span> <span class='ocrx_word' id='word_1_131' title='bbox 267 1313 469 1362; x_wconf 79' lang='lat' dir='ltr'>solebant,</span> <span class='ocrx_word' id='word_1_132' title='bbox 508 1315 568 1353; x_wconf 90' lang='lat' dir='ltr'>sui</span> <span class='ocrx_word' id='word_1_133' title='bbox 600 1315 746 1353; x_wconf 87' lang='lat' dir='ltr'>oblitus</span> <span class='ocrx_word' id='word_1_134' title='bbox 778 1318 836 1353; x_wconf 84' lang='lat' dir='ltr'>est</span> <span class='ocrx_word' id='word_1_135' title='bbox 867 1318 994 1365; x_wconf 70' lang='lat' dir='ltr'>poeta.</span> <span class='ocrx_word' id='word_1_136' title='bbox 1037 1334 1090 1340; x_wconf 86' lang='lat'>-—</span> <span class='ocrx_word' id='word_1_137' title='bbox 1131 1315 1224 1352; x_wconf 90' lang='lat'>370.</span> <span class='ocrx_word' id='word_1_138' title='bbox 1264 1311 1380 1352; x_wconf 76' lang='lat' dir='ltr'>adire</span> <span class='ocrx_word' id='word_1_139' title='bbox 1411 1317 1449 1352; x_wconf 90' lang='lat' dir='ltr'>et</span> <span class='ocrx_word' id='word_1_140' title='bbox 1479 1314 1581 1352; x_wconf 85' lang='lat' dir='ltr'>B‘et</span> <span class='ocrx_word' id='word_1_141' title='bbox 1611 1314 1662 1360; x_wconf 84' lang='lat' dir='ltr'>C3</span> 
     </span>
     <span class='ocr_line' id='line_1_17' title="bbox 174 1381 1662 1432; baseline -0.001 -12"><span class='ocrx_word' id='word_1_142' title='bbox 174 1383 259 1420; x_wconf 81' lang='lat' dir='ltr'>cdd.</span> <span class='ocrx_word' id='word_1_143' title='bbox 292 1387 439 1420; x_wconf 83' lang='lat' dir='ltr'>temere</span> <span class='ocrx_word' id='word_1_144' title='bbox 474 1381 654 1430; x_wconf 82' lang='lat' dir='ltr'>,‚abire“,</span> <span class='ocrx_word' id='word_1_145' title='bbox 694 1383 796 1421; x_wconf 84' lang='lat' dir='ltr'>uude</span> <span class='ocrx_word' id='word_1_146' title='bbox 826 1384 989 1431; x_wconf 80' lang='lat' dir='ltr'>factum,</span> <span class='ocrx_word' id='word_1_147' title='bbox 1030 1387 1075 1420; x_wconf 90' lang='lat' dir='ltr'>ut</span> <span class='ocrx_word' id='word_1_148' title='bbox 1116 1396 1249 1420; x_wconf 80' lang='lat' dir='ltr'>versus</span> <span class='ocrx_word' id='word_1_149' title='bbox 1281 1384 1392 1432; x_wconf 89' lang='lat' dir='ltr'>prior</span> <span class='ocrx_word' id='word_1_150' title='bbox 1422 1396 1513 1432; x_wconf 82' lang='lat' dir='ltr'>pars</span> <span class='ocrx_word' id='word_1_151' title='bbox 1545 1382 1662 1419; x_wconf 76' lang='lat' dir='ltr'>Adcl-</span> 
     </span>
     <span class='ocr_line' id='line_1_18' title="bbox 172 1447 1660 1500; baseline 0 -13"><span class='ocrx_word' id='word_1_152' title='bbox 172 1450 309 1500; x_wconf 82' lang='lat' dir='ltr'>phasio</span> <span class='ocrx_word' id='word_1_153' title='bbox 341 1451 512 1488; x_wconf 82' lang='lat' dir='ltr'>daretur.</span> <span class='ocrx_word' id='word_1_154' title='bbox 547 1472 600 1476; x_wconf 88' lang='lat'>—</span> <span class='ocrx_word' id='word_1_155' title='bbox 636 1447 745 1500; x_wconf 74' lang='lat' dir='ltr'>Quin</span> <span class='ocrx_word' id='word_1_156' title='bbox 779 1447 851 1489; x_wconf 69' lang='lat' dir='ltr'>tibi</span> <span class='ocrx_word' id='word_1_157' title='bbox 881 1452 928 1489; x_wconf 90' lang='lat' dir='ltr'>A.</span> <span class='ocrx_word' id='word_1_158' title='bbox 990 1451 1046 1488; x_wconf 87' lang='lat' dir='ltr'>De</span> <span class='ocrx_word' id='word_1_159' title='bbox 1077 1452 1220 1489; x_wconf 73' lang='lat' dir='ltr'>omisso</span> <span class='ocrx_word' id='word_1_160' title='bbox 1256 1450 1351 1497; x_wconf 83' lang='lat' dir='ltr'>,‚iis“</span> <span class='ocrx_word' id='word_1_161' title='bbox 1387 1464 1422 1488; x_wconf 84' lang='lat' dir='ltr'>v,</span> <span class='ocrx_word' id='word_1_162' title='bbox 1449 1451 1495 1488; x_wconf 87' lang='lat' dir='ltr'>ad</span> <span class='ocrx_word' id='word_1_163' title='bbox 1522 1451 1660 1500; x_wconf 85' lang='lat' dir='ltr'>Amph.</span> 
     </span>
     <span class='ocr_line' id='line_1_19' title="bbox 175 1516 1663 1570; baseline -0.001 -13"><span class='ocrx_word' id='word_1_164' title='bbox 175 1520 240 1558; x_wconf 87' lang='lat'>38.</span> <span class='ocrx_word' id='word_1_165' title='bbox 273 1539 327 1545; x_wconf 88' lang='lat'><strong>—</strong></span> <span class='ocrx_word' id='word_1_166' title='bbox 359 1521 450 1557; x_wconf 81' lang='lat'>371.</span> <span class='ocrx_word' id='word_1_167' title='bbox 485 1517 588 1570; x_wconf 70' lang='lat' dir='ltr'>quid</span> <span class='ocrx_word' id='word_1_168' title='bbox 616 1521 662 1557; x_wconf 90' lang='lat' dir='ltr'>A.</span> <span class='ocrx_word' id='word_1_169' title='bbox 695 1540 749 1545; x_wconf 92' lang='lat'>—-</span> <span class='ocrx_word' id='word_1_170' title='bbox 782 1521 873 1558; x_wconf 83' lang='lat'>372.</span> <span class='ocrx_word' id='word_1_171' title='bbox 907 1516 1168 1569; x_wconf 67' lang='lat' dir='ltr'>sycophccntce</span> <span class='ocrx_word' id='word_1_172' title='bbox 1201 1518 1368 1556; x_wconf 77' lang='lat' dir='ltr'>blandiri</span> <span class='ocrx_word' id='word_1_173' title='bbox 1400 1532 1477 1556; x_wconf 90' lang='lat' dir='ltr'>non</span> <span class='ocrx_word' id='word_1_174' title='bbox 1508 1523 1579 1556; x_wconf 82' lang='lat' dir='ltr'>est.</span> <span class='ocrx_word' id='word_1_175' title='bbox 1609 1539 1663 1544; x_wconf 97' lang='lat'><strong>—</strong></span> 
     </span>
     <span class='ocr_line' id='line_1_20' title="bbox 175 1584 1661 1636; baseline -0.001 -11"><span class='ocrx_word' id='word_1_176' title='bbox 175 1589 267 1626; x_wconf 84' lang='lat'>373.</span> <span class='ocrx_word' id='word_1_177' title='bbox 291 1585 551 1636; x_wconf 75' lang='lat' dir='ltr'>prehendam</span> <span class='ocrx_word' id='word_1_178' title='bbox 583 1584 793 1636; x_wconf 67' lang='lat' dir='ltr'>auriculis,</span> <span class='ocrx_word' id='word_1_179' title='bbox 827 1603 861 1626; x_wconf 91' lang='lat' dir='ltr'>v.</span> <span class='ocrx_word' id='word_1_180' title='bbox 889 1588 936 1625; x_wconf 78' lang='lat' dir='ltr'>ad</span> <span class='ocrx_word' id='word_1_181' title='bbox 962 1588 1068 1626; x_wconf 81' lang='lat' dir='ltr'>Asin.</span> <span class='ocrx_word' id='word_1_182' title='bbox 1096 1589 1187 1625; x_wconf 79' lang='grc'>661.</span> <span class='ocrx_word' id='word_1_183' title='bbox 1264 1587 1339 1625; x_wconf 83' lang='lat' dir='ltr'>Sed</span> <span class='ocrx_word' id='word_1_184' title='bbox 1369 1587 1450 1625; x_wconf 87' lang='lat' dir='ltr'>haec</span> <span class='ocrx_word' id='word_1_185' title='bbox 1481 1586 1661 1623; x_wconf 84' lang='lat' dir='ltr'>Plautum</span> 
     </span>
     <span class='ocr_line' id='line_1_21' title="bbox 174 1655 1661 1706; baseline -0.002 -13"><span class='ocrx_word' id='word_1_186' title='bbox 174 1669 250 1694; x_wconf 87' lang='lat' dir='ltr'>non</span> <span class='ocrx_word' id='word_1_187' title='bbox 282 1657 486 1706; x_wconf 84' lang='lat' dir='ltr'>scripsisse</span> <span class='ocrx_word' id='word_1_188' title='bbox 517 1655 730 1694; x_wconf 85' lang='lat' dir='ltr'>ostendunt</span> <span class='ocrx_word' id='word_1_189' title='bbox 761 1656 1028 1706; x_wconf 85' lang='lat' dir='ltr'>Agorastoclis</span> <span class='ocrx_word' id='word_1_190' title='bbox 1061 1656 1176 1694; x_wconf 82' lang='lat' dir='ltr'>verba</span> <span class='ocrx_word' id='word_1_191' title='bbox 1212 1657 1288 1693; x_wconf 88' lang='lat'>379</span> <span class='ocrx_word' id='word_1_192' title='bbox 1322 1668 1419 1704; x_wconf 87' lang='lat' dir='ltr'>sqq.‚</span> <span class='ocrx_word' id='word_1_193' title='bbox 1453 1655 1519 1704; x_wconf 91' lang='lat' dir='ltr'>qui</span> <span class='ocrx_word' id='word_1_194' title='bbox 1544 1667 1661 1704; x_wconf 84' lang='lat' dir='ltr'><strong>quum</strong></span> 
     </span>
     <span class='ocr_line' id='line_1_22' title="bbox 173 1723 1663 1774; baseline -0.001 -13"><span class='ocrx_word' id='word_1_195' title='bbox 173 1724 430 1762; x_wconf 76' lang='lat' dir='ltr'>allocutiones</span> <span class='ocrx_word' id='word_1_196' title='bbox 478 1726 579 1762; x_wconf 72' lang='lat' dir='ltr'>servi</span> <span class='ocrx_word' id='word_1_197' title='bbox 620 1737 755 1774; x_wconf 80' lang='lat' dir='ltr'>parum</span> <span class='ocrx_word' id='word_1_198' title='bbox 797 1725 955 1762; x_wconf 83' lang='lat' dir='ltr'>decoras</span> <span class='ocrx_word' id='word_1_199' title='bbox 995 1724 1311 1774; x_wconf 83' lang='lat' dir='ltr'>indignabundus</span> <span class='ocrx_word' id='word_1_200' title='bbox 1351 1727 1524 1773; x_wconf 80' lang='lat' dir='ltr'>repetat,</span> <span class='ocrx_word' id='word_1_201' title='bbox 1571 1723 1663 1769; x_wconf 84' lang='lat' dir='ltr'>haee,</span> 
     </span>
    </p>
   </div>
   <div class='ocr_carea' id='block_1_6' title="bbox 173 1791 1742 1853">
    <p class='ocr_par' dir='ltr' id='par_1_6' title="bbox 173 1791 1742 1853">
     <span class='ocr_line' id='line_1_23' title="bbox 173 1791 1742 1853; baseline -0.002 -23"><span class='ocrx_word' id='word_1_202' title='bbox 173 1806 257 1843; x_wconf 88' lang='lat' dir='ltr'>quae</span> <span class='ocrx_word' id='word_1_203' title='bbox 312 1793 451 1830; x_wconf 86' lang='lat' dir='ltr'>ceteris</span> <span class='ocrx_word' id='word_1_204' title='bbox 497 1794 615 1829; x_wconf 80' lang='lat' dir='ltr'>etiam</span> <span class='ocrx_word' id='word_1_205' title='bbox 659 1794 843 1842; x_wconf 79' lang='lat' dir='ltr'>graviora</span> <span class='ocrx_word' id='word_1_206' title='bbox 888 1797 995 1839; x_wconf 85' lang='lat' dir='ltr'>sunt,</span> <span class='ocrx_word' id='word_1_207' title='bbox 1050 1793 1353 1842; x_wconf 72' lang='lat' dir='ltr'>praetermittere</span> <span class='ocrx_word' id='word_1_208' title='bbox 1400 1805 1475 1828; x_wconf 91' lang='lat' dir='ltr'>non</span> <span class='ocrx_word' id='word_1_209' title='bbox 1517 1791 1660 1840; x_wconf 89' lang='lat' dir='ltr'>potuit.</span> <span class='ocrx_word' id='word_1_210' title='bbox 1706 1797 1742 1853; x_wconf 40' lang='lat' dir='ltr'>‘s</span> 
     </span>
    </p>
   </div>
   <div class='ocr_carea' id='block_1_7' title="bbox 167 1859 1670 2936">
    <p class='ocr_par' dir='ltr' id='par_1_7' title="bbox 171 1859 1670 2458">
     <span class='ocr_line' id='line_1_24' title="bbox 172 1859 1661 1911; baseline -0.001 -13"><span class='ocrx_word' id='word_1_211' title='bbox 172 1860 270 1898; x_wconf 90' lang='lat' dir='ltr'>Tum</span> <span class='ocrx_word' id='word_1_212' title='bbox 303 1875 338 1898; x_wconf 89' lang='lat' dir='ltr'>v.</span> <span class='ocrx_word' id='word_1_213' title='bbox 360 1861 439 1899; x_wconf 82' lang='lat'>374</span> <span class='ocrx_word' id='word_1_214' title='bbox 471 1874 631 1911; x_wconf 88' lang='lat' dir='ltr'>prorsus</span> <span class='ocrx_word' id='word_1_215' title='bbox 662 1863 819 1911; x_wconf 89' lang='lat' dir='ltr'>ineptus</span> <span class='ocrx_word' id='word_1_216' title='bbox 850 1865 920 1899; x_wconf 89' lang='lat' dir='ltr'>est.</span> <span class='ocrx_word' id='word_1_217' title='bbox 982 1860 1110 1907; x_wconf 80' lang='lat' dir='ltr'>Quare</span> <span class='ocrx_word' id='word_1_218' title='bbox 1138 1861 1206 1898; x_wconf 91' lang='lat' dir='ltr'>hos</span> <span class='ocrx_word' id='word_1_219' title='bbox 1231 1864 1313 1898; x_wconf 84' lang='lat' dir='ltr'>tres</span> <span class='ocrx_word' id='word_1_220' title='bbox 1338 1873 1473 1897; x_wconf 86' lang='lat' dir='ltr'>versus</span> <span class='ocrx_word' id='word_1_221' title='bbox 1499 1859 1661 1905; x_wconf 81' lang='lat' dir='ltr'>seclusi3</span> 
     </span>
     <span class='ocr_line' id='line_1_25' title="bbox 173 1927 1662 1980; baseline -0.001 -15"><span class='ocrx_word' id='word_1_222' title='bbox 173 1929 233 1966; x_wconf 87' lang='lat' dir='ltr'>his</span> <span class='ocrx_word' id='word_1_223' title='bbox 281 1932 408 1966; x_wconf 81' lang='lat' dir='ltr'>autem</span> <span class='ocrx_word' id='word_1_224' title='bbox 455 1930 614 1966; x_wconf 87' lang='lat' dir='ltr'>remotis</span> <span class='ocrx_word' id='word_1_225' title='bbox 661 1930 878 1980; x_wconf 84' lang='lat' dir='ltr'>ceterisque</span> <span class='ocrx_word' id='word_1_226' title='bbox 921 1929 967 1966; x_wconf 80' lang='lat' dir='ltr'>ad</span> <span class='ocrx_word' id='word_1_227' title='bbox 1009 1929 1120 1966; x_wconf 87' lang='lat' dir='ltr'>codd.</span> <span class='ocrx_word' id='word_1_228' title='bbox 1160 1930 1306 1966; x_wconf 81' lang='lat' dir='ltr'>exactis</span> <span class='ocrx_word' id='word_1_229' title='bbox 1344 1941 1422 1966; x_wconf 91' lang='lat' dir='ltr'>non</span> <span class='ocrx_word' id='word_1_230' title='bbox 1461 1931 1521 1965; x_wconf 86' lang='lat' dir='ltr'>est</span> <span class='ocrx_word' id='word_1_231' title='bbox 1558 1927 1662 1977; x_wconf 85' lang='lat' dir='ltr'>quod</span> 
     </span>
     <span class='ocr_line' id='line_1_26' title="bbox 173 1996 1662 2047; baseline -0.001 -13"><span class='ocrx_word' id='word_1_232' title='bbox 173 1996 414 2047; x_wconf 84' lang='lat' dir='ltr'>Geppertum</span> <span class='ocrx_word' id='word_1_233' title='bbox 461 2011 672 2047; x_wconf 84' lang='lat' dir='ltr'>sequamur</span> <span class='ocrx_word' id='word_1_234' title='bbox 718 2011 899 2035; x_wconf 85' lang='lat' dir='ltr'>versuum</span> <span class='ocrx_word' id='word_1_235' title='bbox 948 1998 1169 2036; x_wconf 87' lang='lat'>357—377</span> <span class='ocrx_word' id='word_1_236' title='bbox 1215 1997 1388 2034; x_wconf 83' lang='lat' dir='ltr'>ordinem</span> <span class='ocrx_word' id='word_1_237' title='bbox 1436 1997 1532 2033; x_wconf 81' lang='lat' dir='ltr'>mire</span> <span class='ocrx_word' id='word_1_238' title='bbox 1577 2008 1662 2045; x_wconf 86' lang='lat' dir='ltr'>per-</span> 
     </span>
     <span class='ocr_line' id='line_1_27' title="bbox 173 2061 1662 2116; baseline -0.001 -13"><span class='ocrx_word' id='word_1_239' title='bbox 173 2069 401 2103; x_wconf 76' lang='lat' dir='ltr'>mutantem.</span> <span class='ocrx_word' id='word_1_240' title='bbox 420 2086 473 2091; x_wconf 88' lang='lat'>—</span> <span class='ocrx_word' id='word_1_241' title='bbox 499 2067 590 2103; x_wconf 84' lang='lat'>372.</span> <span class='ocrx_word' id='word_1_242' title='bbox 628 2061 798 2115; x_wconf 71' lang='lat' dir='ltr'>Parebo,</span> <span class='ocrx_word' id='word_1_243' title='bbox 827 2079 903 2104; x_wconf 90' lang='lat' dir='ltr'>non</span> <span class='ocrx_word' id='word_1_244' title='bbox 928 2079 1063 2116; x_wconf 79' lang='lat' dir='ltr'>pareo.</span> <span class='ocrx_word' id='word_1_245' title='bbox 1089 2065 1337 2103; x_wconf 83' lang='lat' dir='ltr'>scribendum</span> <span class='ocrx_word' id='word_1_246' title='bbox 1361 2068 1430 2110; x_wconf 88' lang='lat' dir='ltr'>est,</span> <span class='ocrx_word' id='word_1_247' title='bbox 1465 2078 1507 2102; x_wconf 85' lang='lat' dir='ltr'>ae</span> <span class='ocrx_word' id='word_1_248' title='bbox 1532 2065 1662 2102; x_wconf 86' lang='lat' dir='ltr'>nescio</span> 
     </span>
     <span class='ocr_line' id='line_1_28' title="bbox 173 2132 1658 2184; baseline 0 -14"><span class='ocrx_word' id='word_1_249' title='bbox 173 2147 221 2171; x_wconf 76' lang='lat' dir='ltr'>an</span> <span class='ocrx_word' id='word_1_250' title='bbox 260 2136 315 2172; x_wconf 83' lang='lat' dir='ltr'>sic</span> <span class='ocrx_word' id='word_1_251' title='bbox 353 2133 470 2172; x_wconf 86' lang='lat' dir='ltr'>fuerit</span> <span class='ocrx_word' id='word_1_252' title='bbox 508 2135 547 2171; x_wconf 91' lang='lat' dir='ltr'>in</span> <span class='ocrx_word' id='word_1_253' title='bbox 586 2135 618 2171; x_wconf 92' lang='lat' dir='ltr'><strong>A</strong></span> <span class='ocrx_word' id='word_1_254' title='bbox 658 2139 696 2171; x_wconf 89' lang='lat' dir='ltr'>et</span> <span class='ocrx_word' id='word_1_255' title='bbox 740 2132 926 2184; x_wconf 85' lang='lat' dir='ltr'>„pareto“</span> <span class='ocrx_word' id='word_1_256' title='bbox 969 2148 1030 2184; x_wconf 84' lang='lat' dir='ltr'>ap.</span> <span class='ocrx_word' id='word_1_257' title='bbox 1064 2132 1186 2183; x_wconf 90' lang='lat' dir='ltr'>Gepp.</span> <span class='ocrx_word' id='word_1_258' title='bbox 1221 2134 1344 2171; x_wconf 88' lang='lat' dir='ltr'>errori</span> <span class='ocrx_word' id='word_1_259' title='bbox 1376 2132 1576 2170; x_wconf 82' lang='lat' dir='ltr'>debeatur.</span> <span class='ocrx_word' id='word_1_260' title='bbox 1611 2151 1658 2158; x_wconf 94' lang='lat'>—</span> 
     </span>
     <span class='ocr_line' id='line_1_29' title="bbox 173 2198 1660 2251; baseline -0.001 -12"><span class='ocrx_word' id='word_1_261' title='bbox 173 2222 227 2226; x_wconf 91' lang='lat'><strong>—</strong></span> <span class='ocrx_word' id='word_1_262' title='bbox 259 2203 350 2239; x_wconf 87' lang='lat'>374.</span> <span class='ocrx_word' id='word_1_263' title='bbox 383 2198 516 2241; x_wconf 77' lang='lat' dir='ltr'>hercle</span> <span class='ocrx_word' id='word_1_264' title='bbox 547 2203 592 2240; x_wconf 89' lang='lat' dir='ltr'>A.</span> <span class='ocrx_word' id='word_1_265' title='bbox 624 2222 677 2227; x_wconf 88' lang='lat'>—</span> <span class='ocrx_word' id='word_1_266' title='bbox 721 2204 812 2240; x_wconf 78' lang='lat'>375.</span> <span class='ocrx_word' id='word_1_267' title='bbox 850 2198 1146 2241; x_wconf 71' lang='lat' dir='ltr'>uerberitatum</span> <span class='ocrx_word' id='word_1_268' title='bbox 1176 2203 1316 2251; x_wconf 88' lang='lat' dir='ltr'>scripsi</span> <span class='ocrx_word' id='word_1_269' title='bbox 1347 2202 1560 2239; x_wconf 83' lang='lat' dir='ltr'>Catoniano</span> <span class='ocrx_word' id='word_1_270' title='bbox 1595 2214 1660 2238; x_wconf 91' lang='lat' dir='ltr'>vo-</span> 
     </span>
     <span class='ocr_line' id='line_1_30' title="bbox 172 2269 1662 2320; baseline -0.001 -13"><span class='ocrx_word' id='word_1_271' title='bbox 172 2269 327 2317; x_wconf 86' lang='lat' dir='ltr'>cabulo,</span> <span class='ocrx_word' id='word_1_272' title='bbox 373 2285 408 2309; x_wconf 90' lang='lat' dir='ltr'>v.</span> <span class='ocrx_word' id='word_1_273' title='bbox 443 2271 549 2309; x_wconf 83' lang='lat' dir='ltr'>Festi</span> <span class='ocrx_word' id='word_1_274' title='bbox 581 2270 674 2308; x_wconf 82' lang='lat' dir='ltr'>Exc.</span> <span class='ocrx_word' id='word_1_275' title='bbox 707 2285 744 2320; x_wconf 95' lang='lat' dir='ltr'>p.</span> <span class='ocrx_word' id='word_1_276' title='bbox 779 2272 872 2309; x_wconf 87' lang='lat'>379.</span> <span class='ocrx_word' id='word_1_277' title='bbox 949 2270 1075 2318; x_wconf 87' lang='lat' dir='ltr'>Vulgo</span> <span class='ocrx_word' id='word_1_278' title='bbox 1114 2282 1198 2307; x_wconf 89' lang='lat' dir='ltr'>cum</span> <span class='ocrx_word' id='word_1_279' title='bbox 1238 2269 1438 2307; x_wconf 80' lang='lat' dir='ltr'>Acidalio:</span> <span class='ocrx_word' id='word_1_280' title='bbox 1490 2282 1561 2316; x_wconf 89' lang='lat' dir='ltr'>„ne</span> <span class='ocrx_word' id='word_1_281' title='bbox 1600 2282 1662 2306; x_wconf 89' lang='lat' dir='ltr'>me</span> 
     </span>
     <span class='ocr_line' id='line_1_31' title="bbox 171 2333 1670 2395; baseline -0.001 -20"><span class='ocrx_word' id='word_1_282' title='bbox 171 2338 356 2377; x_wconf 87' lang='lat' dir='ltr'>uerberet</span> <span class='ocrx_word' id='word_1_283' title='bbox 385 2339 499 2385; x_wconf 90' lang='lat' dir='ltr'>(illud</span> <span class='ocrx_word' id='word_1_284' title='bbox 530 2339 667 2382; x_wconf 75' lang='lat' dir='ltr'>faciet,</span> <span class='ocrx_word' id='word_1_285' title='bbox 707 2340 780 2376; x_wconf 87' lang='lat' dir='ltr'>nisi</span> <span class='ocrx_word' id='word_1_286' title='bbox 811 2343 849 2376; x_wconf 88' lang='lat' dir='ltr'>te</span> <span class='ocrx_word' id='word_1_287' title='bbox 880 2335 1114 2389; x_wconf 86' lang='lat' dir='ltr'>propitio)“.</span> <span class='ocrx_word' id='word_1_288' title='bbox 1155 2358 1209 2362; x_wconf 94' lang='lat'><strong>—</strong></span> <span class='ocrx_word' id='word_1_289' title='bbox 1236 2338 1342 2375; x_wconf 84' lang='lat'>377.</span> <span class='ocrx_word' id='word_1_290' title='bbox 1390 2334 1482 2375; x_wconf 67' lang='lat' dir='ltr'>Sine</span> <span class='ocrx_word' id='word_1_291' title='bbox 1524 2337 1560 2375; x_wconf 72' lang='lat' dir='ltr'>te</span> <span class='ocrx_word' id='word_1_292' title='bbox 1589 2333 1670 2395; x_wconf 33' lang='lat' dir='ltr'>hoc.</span> 
     </span>
     <span class='ocr_line' id='line_1_32' title="bbox 171 2404 1140 2458; baseline -0.001 -13"><span class='ocrx_word' id='word_1_293' title='bbox 171 2404 384 2445; x_wconf 77' lang='lat' dir='ltr'>exorarier</span> <span class='ocrx_word' id='word_1_294' title='bbox 415 2406 539 2458; x_wconf 88' lang='lat' dir='ltr'>Gepp.</span> <span class='ocrx_word' id='word_1_295' title='bbox 573 2411 610 2444; x_wconf 79' lang='lat' dir='ltr'>et</span> <span class='ocrx_word' id='word_1_296' title='bbox 641 2407 752 2445; x_wconf 74' lang='lat' dir='ltr'>Mull.</span> <span class='ocrx_word' id='word_1_297' title='bbox 786 2407 945 2444; x_wconf 85' lang='lat' dir='ltr'>Nachtr.</span> <span class='ocrx_word' id='word_1_298' title='bbox 978 2420 1014 2456; x_wconf 89' lang='lat' dir='ltr'>p.</span> <span class='ocrx_word' id='word_1_299' title='bbox 1052 2408 1140 2445; x_wconf 90' lang='grc'><strong>116.</strong></span> 
     </span>
    </p>

    <p class='ocr_par' dir='ltr' id='par_1_8' title="bbox 167 2471 1661 2936">
     <span class='ocr_line' id='line_1_33' title="bbox 288 2471 1661 2525; baseline -0.002 -12"><span class='ocrx_word' id='word_1_300' title='bbox 288 2476 381 2513; x_wconf 87' lang='lat'>378.</span> <span class='ocrx_word' id='word_1_301' title='bbox 417 2472 515 2514; x_wconf 73' lang='lat' dir='ltr'>Non</span> <span class='ocrx_word' id='word_1_302' title='bbox 550 2471 716 2514; x_wconf 71' lang='lat' dir='ltr'>trioboli</span> <span class='ocrx_word' id='word_1_303' title='bbox 745 2476 807 2522; x_wconf 91' lang='lat' dir='ltr'>(cf.</span> <span class='ocrx_word' id='word_1_304' title='bbox 843 2472 959 2524; x_wconf 84' lang='lat'>463),</span> <span class='ocrx_word' id='word_1_305' title='bbox 994 2475 1032 2511; x_wconf 92' lang='lat' dir='ltr'>id</span> <span class='ocrx_word' id='word_1_306' title='bbox 1066 2480 1125 2512; x_wconf 89' lang='lat' dir='ltr'>est</span> <span class='ocrx_word' id='word_1_307' title='bbox 1155 2475 1300 2512; x_wconf 89' lang='lat' dir='ltr'>nullius</span> <span class='ocrx_word' id='word_1_308' title='bbox 1331 2475 1472 2525; x_wconf 84' lang='lat' dir='ltr'>pretii,</span> <span class='ocrx_word' id='word_1_309' title='bbox 1505 2486 1545 2511; x_wconf 88' lang='lat' dir='ltr'>se</span> <span class='ocrx_word' id='word_1_310' title='bbox 1577 2487 1661 2511; x_wconf 84' lang='lat' dir='ltr'>esse</span> 
     </span>
     <span class='ocr_line' id='line_1_34' title="bbox 171 2541 1658 2594; baseline -0.001 -14"><span class='ocrx_word' id='word_1_311' title='bbox 171 2543 278 2590; x_wconf 89' lang='lat' dir='ltr'>dicit,</span> <span class='ocrx_word' id='word_1_312' title='bbox 310 2545 342 2581; x_wconf 91' lang='lat' dir='ltr'>si</span> <span class='ocrx_word' id='word_1_313' title='bbox 374 2545 549 2594; x_wconf 81' lang='lat' dir='ltr'>patiatur</span> <span class='ocrx_word' id='word_1_314' title='bbox 581 2557 734 2581; x_wconf 85' lang='lat' dir='ltr'>servum</span> <span class='ocrx_word' id='word_1_315' title='bbox 767 2543 912 2581; x_wconf 83' lang='lat' dir='ltr'>talibus</span> <span class='ocrx_word' id='word_1_316' title='bbox 945 2543 1148 2580; x_wconf 84' lang='lat' dir='ltr'>blanditiis</span> <span class='ocrx_word' id='word_1_317' title='bbox 1173 2542 1338 2592; x_wconf 83' lang='lat' dir='ltr'>puellam</span> <span class='ocrx_word' id='word_1_318' title='bbox 1365 2555 1472 2579; x_wconf 82' lang='lat' dir='ltr'>suam</span> <span class='ocrx_word' id='word_1_319' title='bbox 1499 2541 1658 2591; x_wconf 80' lang='lat' dir='ltr'>alloqui,</span> 
     </span>
     <span class='ocr_line' id='line_1_35' title="bbox 170 2609 1661 2662; baseline 0 -15"><span class='ocrx_word' id='word_1_320' title='bbox 170 2624 332 2662; x_wconf 68' lang='lat' dir='ltr'>eumque</span> <span class='ocrx_word' id='word_1_321' title='bbox 363 2613 548 2650; x_wconf 81' lang='lat' dir='ltr'>verberat</span> <span class='ocrx_word' id='word_1_322' title='bbox 579 2612 751 2660; x_wconf 72' lang='lat' dir='ltr'>singula,</span> <span class='ocrx_word' id='word_1_323' title='bbox 790 2624 875 2660; x_wconf 86' lang='lat' dir='ltr'>quae</span> <span class='ocrx_word' id='word_1_324' title='bbox 907 2610 1156 2657; x_wconf 86' lang='lat' dir='ltr'>exhibuerat,</span> <span class='ocrx_word' id='word_1_325' title='bbox 1197 2609 1462 2647; x_wconf 77' lang='lat' dir='ltr'>blandimenta</span> <span class='ocrx_word' id='word_1_326' title='bbox 1497 2610 1661 2658; x_wconf 76' lang='lat' dir='ltr'>singulis</span> 
     </span>
     <span class='ocr_line' id='line_1_36' title="bbox 169 2672 1656 2730; baseline 0.001 -15"><span class='ocrx_word' id='word_1_327' title='bbox 169 2679 292 2729; x_wconf 80' lang='lat' dir='ltr'>alapis</span> <span class='ocrx_word' id='word_1_328' title='bbox 308 2681 535 2730; x_wconf 65' lang='lat' dir='ltr'>rependens</span> <span class='ocrx_word' id='word_1_329' title='bbox 554 2700 608 2705; x_wconf 95' lang='lat'>—-</span> <span class='ocrx_word' id='word_1_330' title='bbox 628 2681 720 2718; x_wconf 86' lang='lat'>380.</span> <span class='ocrx_word' id='word_1_331' title='bbox 746 2675 841 2725; x_wconf 81' lang='lat' dir='ltr'>Em,</span> <span class='ocrx_word' id='word_1_332' title='bbox 873 2692 908 2716; x_wconf 88' lang='lat' dir='ltr'>v.</span> <span class='ocrx_word' id='word_1_333' title='bbox 928 2678 976 2716; x_wconf 83' lang='lat' dir='ltr'>ad</span> <span class='ocrx_word' id='word_1_334' title='bbox 993 2679 1102 2716; x_wconf 83' lang='lat' dir='ltr'>Asin.</span> <span class='ocrx_word' id='word_1_335' title='bbox 1121 2680 1215 2716; x_wconf 82' lang='lat'>428.</span> <span class='ocrx_word' id='word_1_336' title='bbox 1242 2698 1289 2703; x_wconf 90' lang='lat'><strong>—</strong></span> <span class='ocrx_word' id='word_1_337' title='bbox 1308 2679 1399 2716; x_wconf 82' lang='lat'>381.</span> <span class='ocrx_word' id='word_1_338' title='bbox 1432 2672 1593 2726; x_wconf 69' lang='lat' dir='ltr'>Impius</span> <span class='ocrx_word' id='word_1_339' title='bbox 1610 2677 1656 2725; x_wconf 73' lang='lat' dir='ltr'>te,</span> 
     </span>
     <span class='ocr_line' id='line_1_37' title="bbox 170 2745 1658 2800; baseline -0.001 -14"><span class='ocrx_word' id='word_1_340' title='bbox 170 2754 195 2790; x_wconf 89' lang='lat' dir='ltr'>i.</span> <span class='ocrx_word' id='word_1_341' title='bbox 222 2763 254 2786; x_wconf 90' lang='lat' dir='ltr'>e.</span> <span class='ocrx_word' id='word_1_342' title='bbox 281 2750 440 2800; x_wconf 89' lang='lat' dir='ltr'>impium</span> <span class='ocrx_word' id='word_1_343' title='bbox 465 2753 504 2787; x_wconf 86' lang='lat' dir='ltr'>te</span> <span class='ocrx_word' id='word_1_344' title='bbox 532 2748 682 2794; x_wconf 86' lang='lat' dir='ltr'>reddis,</span> <span class='ocrx_word' id='word_1_345' title='bbox 724 2747 868 2785; x_wconf 89' lang='lat' dir='ltr'>scelere</span> <span class='ocrx_word' id='word_1_346' title='bbox 893 2751 931 2784; x_wconf 88' lang='lat' dir='ltr'>te</span> <span class='ocrx_word' id='word_1_347' title='bbox 958 2747 1219 2793; x_wconf 85' lang='lat' dir='ltr'>contaminas,</span> <span class='ocrx_word' id='word_1_348' title='bbox 1253 2747 1300 2784; x_wconf 88' lang='lat' dir='ltr'>cf.</span> <span class='ocrx_word' id='word_1_349' title='bbox 1329 2745 1430 2783; x_wconf 87' lang='lat' dir='ltr'>Rud.</span> <span class='ocrx_word' id='word_1_350' title='bbox 1462 2747 1556 2784; x_wconf 85' lang='lat'>191:</span> <span class='ocrx_word' id='word_1_351' title='bbox 1595 2746 1658 2793; x_wconf 89' lang='lat' dir='ltr'>„Si</span> 
     </span>
     <span class='ocr_line' id='line_1_38' title="bbox 169 2811 1658 2868; baseline -0.002 -13"><span class='ocrx_word' id='word_1_352' title='bbox 169 2831 261 2868; x_wconf 84' lang='lat' dir='ltr'>erga</span> <span class='ocrx_word' id='word_1_353' title='bbox 291 2821 493 2868; x_wconf 82' lang='lat' dir='ltr'>parentem</span> <span class='ocrx_word' id='word_1_354' title='bbox 521 2820 590 2855; x_wconf 78' lang='lat' dir='ltr'>aut</span> <span class='ocrx_word' id='word_1_355' title='bbox 614 2817 706 2854; x_wconf 84' lang='lat' dir='ltr'>deos</span> <span class='ocrx_word' id='word_1_356' title='bbox 733 2829 792 2853; x_wconf 86' lang='lat' dir='ltr'>me</span> <span class='ocrx_word' id='word_1_357' title='bbox 820 2813 1020 2865; x_wconf 80' lang='lat' dir='ltr'>impiaui“.</span> <span class='ocrx_word' id='word_1_358' title='bbox 1073 2811 1236 2861; x_wconf 72' lang='lat' dir='ltr'>Orator,</span> <span class='ocrx_word' id='word_1_359' title='bbox 1268 2814 1350 2851; x_wconf 86' lang='lat' dir='ltr'>sive</span> <span class='ocrx_word' id='word_1_360' title='bbox 1377 2814 1541 2864; x_wconf 83' lang='lat' dir='ltr'>legatus,</span> <span class='ocrx_word' id='word_1_361' title='bbox 1574 2816 1658 2852; x_wconf 84' lang='lat' dir='ltr'>iure</span> 
     </span>
     <span class='ocr_line' id='line_1_39' title="bbox 167 2878 1657 2936; baseline -0.003 -13"><span class='ocrx_word' id='word_1_362' title='bbox 167 2886 341 2936; x_wconf 77' lang='lat' dir='ltr'>gentium</span> <span class='ocrx_word' id='word_1_363' title='bbox 373 2889 642 2924; x_wconf 77' lang='lat' dir='ltr'>sacrosanctus</span> <span class='ocrx_word' id='word_1_364' title='bbox 676 2887 744 2921; x_wconf 88' lang='lat' dir='ltr'>est.</span> <span class='ocrx_word' id='word_1_365' title='bbox 791 2903 836 2908; x_wconf 96' lang='lat'><strong>—</strong></span> <span class='ocrx_word' id='word_1_366' title='bbox 883 2880 985 2921; x_wconf 74' lang='lat' dir='ltr'>istoc</span> <span class='ocrx_word' id='word_1_367' title='bbox 1014 2878 1168 2932; x_wconf 55' lang='lat' dir='ltr'>mam-33</span> <span class='ocrx_word' id='word_1_368' title='bbox 1209 2885 1318 2921; x_wconf 85' lang='lat' dir='ltr'>tanto</span> <span class='ocrx_word' id='word_1_369' title='bbox 1349 2883 1484 2932; x_wconf 79' lang='lat' dir='ltr'>magis,</span> <span class='ocrx_word' id='word_1_370' title='bbox 1517 2883 1657 2933; x_wconf 85' lang='lat' dir='ltr'>inquit,</span> 
     </span>
    </p>
   </div>
  </div>
 </body>
</html>
