1963 3243
787 266 982 303 Poenulus.
1544 275 1560 314 1
1570 274 1622 314 79

767 392 993 447 Milphio

589 464 684 515 Aio,
715 470 759 507 et
790 465 825 506 si
857 464 968 518 frugi
1001 478 1100 507 esse
1131 465 1210 517 uis,

104 542 109 545 “
135 535 220 580 Eas
249 535 419 579 liberali
450 536 539 578 iam
569 536 745 578 adseres
777 549 910 578 causa
939 550 1083 587 manu,

134 606 243 653 Nam
271 612 394 651 tuum
424 605 635 661 flagitium
669 612 747 659 est,
777 613 876 649 tuas
906 613 949 649 te
981 607 1216 663 populares
1247 609 1338 663 pati

92 671 99 682 χ
134 669 305 724 seruire
336 682 438 721 ante
468 679 633 728 oculos,
667 678 782 721 domi
816 692 926 732 quae
958 679 1122 721 fuerint
1151 679 1328 722 liberae.

64 822 71 830 Δ
784 769 970 811 Hanno

89 887 100 898 .,
133 841 214 886 Pro
245 841 289 884 di
318 841 584 892 inmortales,
615 841 794 884 obsecro
826 846 1019 884 nostram
1052 840 1195 894 fidem,
1557 855 1623 889 965

67 903 76 934 1
134 913 269 967 Quam
300 913 541 956 orationem
572 912 684 955 hanc
716 927 844 955 aures
875 912 1045 955 dulcem
1078 913 1312 956 deuorant!

62 975 98 1049 ι’
134 984 262 1030 Creta
291 990 356 1028 est
386 984 582 1040 profecto
612 984 720 1027 haec
750 985 903 1027 horum
935 987 1157 1027 hominum
1188 985 1342 1036 oratio,

135 1057 192 1101 Ut
218 1057 323 1100 mihi
355 1057 656 1100 absterserunt
687 1069 856 1100 omnem
886 1057 1212 1099 sorditudinem.

84 1197 95 1214 ³
680 1148 1068 1202 Agorastocles

55 1237 67 1278 j
133 1220 178 1264 Si
206 1220 262 1263 ad
292 1233 388 1263 eam
419 1233 510 1262 rem
540 1221 665 1262 testis
696 1219 893 1269 habeam,
926 1219 1096 1271 faciam,
1129 1219 1246 1274 quod
1276 1220 1409 1263 iubes.

767 1310 992 1365 Milphio

135 1381 244 1434 Quid
273 1387 321 1425 tu
353 1382 457 1424 mihi
486 1383 647 1425 testis?
679 1383 781 1437 quin
812 1386 861 1424 tu
893 1383 1056 1425 insistis
1086 1383 1288 1426 fortiter?
1553 1395 1621 1429 970

94 1448 102 1493 Ἀ
135 1453 288 1510 Aliqua
318 1454 490 1497 fortuna
520 1455 653 1498 fuerit
683 1454 871 1496 adiutrix
902 1455 994 1497 tibi.

684 1545 1078 1599 Agorastocles

90 1614 115 1634 '¹‘
134 1615 326 1672 Incipere
355 1617 491 1660 inulto
522 1621 587 1660 est
617 1631 747 1671 quam
777 1618 997 1672 inpetrare
1029 1617 1211 1659 facilius.

766 1707 990 1762 Milphio

78 1777 213 1830 *Sed
244 1793 460 1834 quaenam
489 1779 617 1822 illaec
647 1780 775 1829 auist,
809 1793 921 1834 quae
954 1779 1035 1821 huc
1067 1793 1165 1821 cum
1196 1780 1355 1822 tunicis
1387 1780 1592 1822 aduenit?

93 1874 100 1880 ·
130 1849 343 1894 Numnam
373 1852 418 1893 in
448 1851 633 1894 balineis
664 1851 982 1900 circumductus
1014 1851 1179 1906 pallio?

89 1933 94 1945 ⁴
132 1920 287 1966 Seruos
317 1923 493 1978 quidem
524 1923 678 1978 edepol
709 1929 880 1966 ueteres
911 1925 1202 1978 antiquosque
1232 1923 1378 1966 habet.
1553 1934 1620 1969 975

682 2013 1071 2066 Agorastocles

91 2067 114 2128 J
132 2067 214 2120 Qui
243 2071 356 2114 scis‘?

757 2142 984 2197 Milphio

110 2262 118 2270 .
399 2213 541 2258 Uiden
569 2214 766 2257 homines
797 2215 1042 2256 sarcinatos
1074 2214 1310 2267 consequi?

88 2278 267 2339 <Atque
297 2290 346 2328 ut
376 2288 532 2342 opinor
562 2286 723 2340 digitos
753 2286 797 2327 111
830 2286 1030 2328 manibus
1063 2299 1148 2327 non
1179 2284 1356 2344 habent.

105 2468 118 2476 ..
217 2443 285 2478 962
308 2443 380 2478 iam
405 2453 472 2478 om.
497 2443 532 2478 A
635 2442 766 2478 adsere
868 2454 1019 2478 manum
1047 2443 1076 2478 Ο
1176 2443 1242 2478 963
1267 2443 1297 2477 si
1321 2447 1403 2478 tuas
1429 2442 1619 2488 popularis

130 2498 168 2534 ὴ
187 2497 241 2542 Β,
271 2503 415 2535 statuas
440 2499 635 2545 Popularis
666 2503 704 2534 te
732 2499 762 2535 0
860 2500 927 2534 964
951 2499 1108 2534 Sei-nare
1131 2498 1168 2534 Β
1271 2499 1448 2545 domique
1551 2500 1619 2535 966

22 2562 27 2566 ”
104 2556 295 2601 ·1troa=imo
313 2561 484 2601 postpon.
512 2555 581 2591 ΒΟ
705 2556 831 2591 dulces
858 2555 889 2591 Ο
1011 2556 1079 2591 967
1103 2558 1207 2591 certa
1232 2555 1262 2590 G
1373 2556 1466 2592 haec
1490 2566 1556 2592 om.
1582 2555 1620 2591 Β

128 2607 197 2646 m
217 2611 404 2648 hominem
428 2612 466 2648 B
547 2613 614 2648 969
639 2612 801 2647 habeant
825 2613 860 2647 A
930 2612 1162 2657 quoddiubes
1187 2611 1224 2646 B
1307 2614 1377 2647 970
1399 2611 1548 2655 Quanta
1571 2611 1621 2657 B,

105 2666 117 2688 '-
435 2674 576 2714 quantu
600 2669 638 2705 Β
740 2670 808 2704 972
831 2669 932 2704 1111110
958 2668 995 2704 Β
1098 2669 1164 2703 973
1190 2668 1269 2703 auis
1295 2672 1353 2704 est
1452 2679 1523 2714 que
1547 2668 1619 2704 huc

123 2747 125 2749 ·
472 2727 540 2761 974
563 2726 772 2761 inabaliniis
941 2726 1036 2761 Ante
1067 2726 1133 2760 975
1158 2724 1286 2761 Facies
1311 2725 1462 2769 quidem
1488 2723 1621 2770 edepol

35 2824 37 2826 ,
109 2778 197 2819 Μ
216 2785 361 2817 ueteres
384 2781 423 2817 Β
552 2784 622 2818 976
646 2782 680 2818 Κ
705 2781 772 2826 Qui
798 2783 848 2817 010
872 2781 908 2817 Β
1024 2781 1185 2817 hominis
1252 2813 1257 2817 ,
1316 2783 1383 2815 977
1407 2785 1450 2815 ut
1474 2781 1621 2826 opinior

108 2831 110 2834 ’
131 2823 267 2881 digitos
292 2838 343 2873 im
367 2839 538 2874 manibus
562 2838 600 2874 Β

1284 2910 1347 2944 12*
