1963 3243
59 179 63 183 ⁸
109 192 150 236 V,
173 193 203 233 2,
229 191 364 225 'll-77
726 192 912 225 Mereatur
1485 196 1563 232 207

707 316 971 359 Charinus

109 390 292 444 Optume
325 388 519 430 aduenis.
555 403 708 442 puere:
749 403 854 443 cape
889 389 1170 443 chlamydem,
1204 394 1335 442 atque
1369 390 1466 429 istic
1498 395 1564 429 <ta

1193 461 1307 507 ilico,
1499 473 1566 505 900

110 533 176 583 Ut,
214 533 248 573 si
289 532 396 573 haec
427 547 512 573 non
547 534 634 573 sint
667 547 786 581 uera,
827 534 1050 584 inceptum
1084 533 1165 574 hoc
1197 533 1328 574 itiner
1360 533 1564 586 perticere

1194 619 1417 658 exsequar.

697 708 972 762 Eutychus

109 779 200 822 Non
234 778 338 821 mihi
368 779 537 821 credis?

706 883 974 926 Charinus

557 956 712 997 Omnia
745 957 948 1010 equidem
981 957 1123 1001 credo,
1156 970 1268 1010 quae
1302 956 1412 997 dicis
1447 957 1564 998 mihi.

108 1027 188 1070 Sed
222 1028 325 1082 quin
359 1028 474 1068 intro
509 1027 629 1069 ducis
664 1043 728 1070 me
762 1029 817 1070 ad
849 1042 958 1072 eam.
992 1033 1040 1070 ut
1071 1028 1278 1070 uideam?

697 1154 971 1207 Eutychus

1168 1227 1394 1280 Paulisper
1426 1242 1563 1269 mane.

704 1329 973 1372 Charinus

112 1407 223 1457 Quid
258 1405 472 1449 manebo?

698 1506 972 1560 Eutychus

511 1581 696 1634 Tempus
728 1594 813 1621 non
846 1586 911 1621 est
942 1580 1056 1620 intro
1089 1579 1233 1620 eundi.

703 1705 969 1747 Charinus

1226 1779 1400 1820 Enicas.

697 1880 971 1936 Eutychus

111 1955 202 1997 Non
236 1970 346 2011 opus
379 1961 456 2005 est,
490 1957 680 2010 inquam,
713 1968 826 1996 nunc
858 1955 971 1995 intro
1005 1959 1047 1995 te
1080 1954 1154 1995 ire.

703 2079 970 2122 Charinus

1088 2153 1314 2207 Responde
1347 2153 1465 2195 mihi.
1498 2166 1564 2197 905

112 2224 205 2275 Qua
237 2227 396 2268 causa?

695 2305 972 2360 Eutychus

410 2378 578 2432 Operae
609 2393 694 2419 non
728 2383 806 2420 est.

705 2503 971 2545 Charinus

786 2575 902 2617 Cur?

199 2704 265 2737 900
278 2703 479 2738 adueniens
574 2706 684 2746 atque
698 2700 788 2735 haec
802 2701 912 2735 istinc
927 2705 984 2735 sat
1077 2703 1140 2736 901
1158 2702 1205 2736 sit
1221 2701 1256 2736 B
1349 2702 1561 2747 incoeptum

116 2756 145 2793 G
228 2759 367 2794 itimere
461 2761 528 2794 902
541 2759 626 2804 quia
639 2758 753 2792 edicis
849 2758 915 2792 tibi
930 2758 965 2792 B
1057 2760 1123 2793 903
1140 2758 1211 2793 Sed
1229 2771 1308 2794 cum
1327 2760 1423 2794 intro
1437 2759 1472 2794 B

113 2815 178 2849 905
200 2827 256 2851 res
271 2845 278 2851 .
293 2844 300 2852 .
315 2841 322 2849 .
338 2817 459 2862 ponde
