1963 3243
275 226 326 266 52
958 218 1079 253 Plauti
1497 216 1544 261 ΙΙ,
1569 219 1600 259 2,
1627 214 1758 252 19—230

874 343 1169 386 Pseudolus

1036 415 1089 456 Di
1121 429 1186 456 me
1219 419 1396 455 seruant
1427 419 1555 466 atque
1587 419 1758 465 amant3

275 491 385 533 Nam
416 489 523 532 haec
553 488 657 530 mihi
687 489 808 530 incus
841 491 924 538 est3
955 486 1192 541 procudam
1225 500 1302 538 ego
1327 485 1454 527 hodie
1477 486 1578 527 hinc
1601 486 1759 527 multos

1225 557 1360 598 dolos.

915 652 1127 706 Harpax

279 727 391 776 Quid
423 726 511 768 illic
542 726 660 768 solus
691 739 835 767 secum
867 725 1087 779 loquitur?

870 826 902 867 P
914 840 932 868 s
947 841 968 868 e
980 841 1007 867 u
1021 826 1047 867 d
1062 841 1085 867 o
1097 826 1147 867 lu
1159 841 1176 867 s

1029 897 1139 948 Quid
1173 898 1236 939 ais
1267 903 1326 947 tu,
1359 896 1641 939 adulescens?

917 1000 1127 1053 Harpax

1523 1069 1636 1121 Quid
1668 1070 1762 1110 est?

865 1158 1172 1200 Pseudolus

282 1235 394 1276 Esne
425 1237 473 1275 tu
505 1247 559 1274 an
590 1245 675 1273 non
707 1244 752 1273 es
784 1230 838 1272 ab
871 1230 944 1271 illo
976 1230 1100 1271 militi
1134 1230 1417 1271 Macedonio?
1701 1239 1767 1273 620

283 1306 438 1348 Seruos
470 1305 563 1345 eius
595 1304 670 1358 qui
701 1302 802 1344 hinc
833 1316 858 1343 a
889 1301 1015 1344 nobis
1048 1306 1111 1343 est
1140 1306 1357 1343 mercatus
1388 1301 1624 1349 mulierem,

283 1377 364 1427 Qui
396 1377 564 1428 argenti
594 1389 688 1417 meo
721 1389 792 1416 ero
824 1374 968 1415 lenoni
1000 1373 1244 1428 quindecim
1275 1373 1454 1414 dederat
1484 1374 1633 1422 minas,

284 1450 482 1503 Quinque
515 1447 670 1489 debet?

919 1540 1133 1594 Harpax

752 1611 865 1654 Sum.
928 1612 1010 1654 Sed
1040 1612 1115 1653 ubi
1146 1617 1196 1653 tu
1227 1626 1293 1653 me
1324 1613 1487 1653 nouisti
1518 1612 1706 1664 gentium

284 1690 371 1730 Aut
400 1687 550 1729 uidisti
580 1691 655 1728 aut
679 1684 971 1727 conlocutu's‘e
1003 1698 1102 1725 nam
1130 1683 1329 1737 equidem
1352 1683 1543 1726 Athenas
1567 1682 1771 1725 antidhao
1799 1699 1805 1702 ·
1880 1701 1883 1705 ,

285 1761 529 1812 Numquam
567 1758 724 1800 adueni
766 1770 905 1809 neque
945 1760 987 1797 te
1026 1756 1116 1797 uidi
1148 1760 1248 1798 ante
1279 1755 1392 1797 huno
1423 1755 1537 1798 diem
1567 1768 1772 1808 umquam

1303 1827 1437 1869 oculis
1468 1829 1586 1870 meis.
1707 1838 1773 1872 625

880 1922 1178 1964 Pseudolus

289 1998 400 2048 Quia
431 1997 576 2039 uidere
600 1996 700 2038 inde
733 2009 847 2046 esse;
879 2008 979 2036 nam
1010 1995 1123 2045 olim,
1149 2008 1279 2048 quom
1303 1994 1422 2045 abiit,
1455 1998 1634 2047 argento
1669 1992 1774 2035 haec

1308 2065 1400 2107 dies

289 2143 556 2186 Praestituta
587 2144 664 2191 est,
699 2138 843 2193 quoad
872 2137 1053 2180 referret
1082 2137 1227 2188 nobis,
1262 2151 1399 2191 neque
1431 2137 1532 2179 dum
1564 2137 1742 2179 rettulit.

930 2240 968 2281 H
979 2254 1004 2281 a
1014 2255 1035 2281 ι·
1045 2255 1069 2294 p
1081 2255 1105 2282 a
1115 2255 1141 2280 x

291 2319 425 2360 Immo
457 2315 591 2358 adest.

883 2406 1185 2448 Pseudolus

641 2480 761 2522 Tune
794 2478 1020 2521 adtulisti‘?

382 2635 450 2668 618
474 2633 704 2679 proeundam
732 2630 761 2666 Ο
860 2629 926 2663 619
953 2629 1005 2663 illi
1032 2629 1061 2666 Ο
1161 2641 1285 2664 secum
1311 2630 1409 2664 solus
1434 2628 1501 2664 BC
1611 2627 1728 2671 quiais
1755 2624 1783 2660 0

294 2697 362 2731 620
384 2695 533 2729 militite
558 2691 744 2735 B‚,milite
771 2693 801 2729 C
911 2686 1151 2724 macedonico
1181 2688 1210 2722 C'
1320 2687 1386 2720 622
1412 2697 1474 2720 ero
1500 2696 1581 2720 meo
1607 2683 1675 2718 BG

294 2753 413 2788 minas
440 2750 594 2786 dederat
621 2750 650 2785 C
745 2752 810 2785 623
837 2751 901 2785 sed
928 2748 1058 2784 dubito
1083 2758 1141 2781 me
1168 2746 1197 2781 G
1293 2745 1359 2778 624
1383 2742 1531 2788 quidem
1557 2741 1585 2775 Ο
1683 2738 1782 2774 athe-

295 2812 352 2846 nis
378 2808 445 2844 BC
534 2808 599 2841 626
626 2807 689 2842 PS.
716 2818 782 2842 om.
807 2807 842 2842 B
936 2807 995 2840 hic
1019 2804 1089 2840 BG
1185 2803 1252 2837 627
1277 2800 1403 2835 retulit
