1963 3243
295 241 347 279 76
966 237 1084 273 Plauti
1495 239 1560 284 IV,
1586 243 1615 283 1,
1641 214 1776 276 33-242

613 390 617 394 -
881 362 1184 406 Pseudolus

293 418 362 460 Ita
392 432 458 461 me
489 419 532 460 di
564 424 760 461 ament..

951 489 1116 532 Simia

673 561 741 603 Ita
772 575 856 604 non
886 561 1065 614 facient3
1097 576 1216 605 mera
1245 563 1331 604 iam
1363 563 1589 605 mendacia
1617 563 1773 606 fundis.

883 655 1191 698 Pseudolus

293 726 352 768 Ut
391 740 469 781 ego
509 727 562 770 ob
601 730 742 778 tuam,
790 725 942 778 Simia,
989 726 1211 780 perfidiam
1249 732 1292 770 te
1331 741 1427 771 amo
1469 733 1512 771 et
1549 733 1693 771 metuo
1733 733 1776 772 et

1309 799 1547 853 magnifico.

952 884 1115 927 Simia

293 955 384 1009 Ego
415 957 527 998 istuc
559 957 654 999 aliis
693 956 796 999 dare
837 955 1068 1009 condidici3
1115 956 1218 998 mihi
1255 956 1488 1000 obtrudere
1525 971 1611 1000 non
1648 961 1772 1012 potes

1305 1029 1494 1083 palpum.
1709 1041 1776 1076 950

882 1113 1189 1157 Pseudolus

291 1185 350 1227 Ut
381 1199 457 1239 ego
489 1185 616 1228 hodie
647 1190 690 1228 te
721 1187 934 1241 accipiam
965 1186 1119 1240 lepide,
1152 1186 1227 1229 ubi
1258 1187 1458 1230 ecfeceris
1488 1188 1571 1230 hoc
1601 1201 1720 1242 opus.

953 1281 1116 1323 Simia

1578 1338 1771 1389 Hahahe.

884 1409 1184 1451 Pseudolus

288 1479 452 1534 Lepido
483 1480 614 1531 uictu,
647 1480 748 1523 uino
781 1482 968 1534 unguine
1001 1486 1044 1522 et
1074 1481 1187 1523 inter
1218 1481 1376 1535 pocula
1406 1481 1707 1535 pulpamentis.

289 1551 456 1593 Ibidem
486 1565 574 1593 una
606 1552 746 1594 aderit
769 1553 924 1594 mulier
947 1553 1093 1607 lepida
1120 1553 1198 1594 tibi
1230 1553 1351 1596 sauia
1376 1554 1528 1596 suauia
1551 1567 1660 1606 quae
1687 1553 1772 1597 det.

952 1655 1115 1697 Simia

290 1725 452 1780 Lepide
483 1727 666 1781 accipies
699 1740 777 1768 me.

882 1812 1182 1855 Pseudolus

765 1885 899 1927 Immo
933 1886 968 1927 si
1001 1885 1181 1937 ecficies,
1214 1889 1306 1927 tum
1338 1884 1437 1926 faxo
1469 1884 1605 1938 magis
1638 1883 1768 1926 dicas.

949 1972 1114 2014 Simia

291 2043 385 2085 Nisi
416 2043 618 2095 ecfecero‚
651 2044 944 2086 cruciabiliter
974 2058 1040 2086 me
1073 2043 1277 2086 carnufex
1307 2044 1504 2097 accipito.
1707 2053 1774 2088 955

293 2114 374 2156 Sed
407 2129 593 2169 propera
624 2115 728 2157 mihi
758 2120 998 2158 monstrare
1029 2116 1103 2158 ubi
1135 2117 1192 2158 sit
1222 2129 1269 2158 os
1300 2115 1466 2158 lenonis
1499 2115 1680 2158 aedium.
1806 2101 1817 2112 ⁴

883 2202 1188 2244 Pseudolus

290 2273 482 2315 Tertium
514 2273 594 2315 hoc
625 2278 702 2315 est.

950 2360 1114 2403 Simia

687 2430 747 2483 St,
779 2437 896 2484 tace3
928 2432 1058 2474 aedes
1090 2433 1272 2474 hiscunt.

379 2583 445 2616 948
470 2581 521 2616 dii
546 2585 708 2617 amment
731 2581 768 2617 B
888 2582 1015 2617 fundes
1137 2583 1203 2618 949
1227 2583 1374 2617 simiam
1488 2580 1710 2626 magnifacio
1734 2578 1771 2615 B

288 2638 350 2671 951
388 2644 422 2672 te
446 2637 556 2673 hodie
584 2638 614 2673 0
691 2639 879 2683 accipeam
904 2639 938 2673 B
1031 2640 1097 2673 952
1122 2640 1323 2684 unguentis
1411 2640 1476 2674 953
1501 2639 1620 2684 aperit.
1643 2637 1771 2672 mulier

288 2693 410 2738 lepida
434 2695 501 2730 tibi
527 2696 628 2730 sauia
652 2706 761 2740 super
785 2696 916 2739 uiaque
1011 2695 1119 2730 decet
1146 2695 1175 2731 Ο
1273 2697 1339 2730 954
1364 2696 1501 2740 accipis
1606 2694 1700 2730 effici
1723 2692 1770 2737 B,

289 2750 401 2784 efficis
429 2750 457 2785 C
523 2752 589 2786 955
614 2752 775 2787 carnifex
800 2763 858 2786 me
939 2753 1005 2786 956
1030 2753 1078 2786 sit
1102 2752 1172 2786 sito
1198 2753 1363 2788 stenonis
1389 2751 1434 2796 B,
1461 2753 1508 2787 sit
1532 2750 1719 2788 ostenonis
1744 2748 1774 2785 Ο

287 2808 353 2841 957
380 2806 444 2841 PS.
471 2818 536 2842 om..
562 2807 597 2842 B
690 2809 718 2843 si
744 2813 824 2843 tace
850 2808 880 2843 C'
