1963 3243
344 232 421 270 124
1019 229 1142 265 Plauti
1573 231 1603 272 1,
1628 234 1662 276 2,
1686 234 1822 268 47—59

340 353 503 395 Donari
535 354 644 396 cado
675 355 767 395 uini
797 355 992 396 ueteris?
1043 355 1123 396 Dic
1154 355 1260 396 dari.
1319 354 1438 396 Nihil

340 425 625 480 Respondes?
669 425 835 479 Lingua
865 426 966 467 huic
997 426 1168 477 excidit,
1200 431 1250 468 ut
1280 440 1357 480 ego
1389 427 1552 480 opinor.

341 495 456 546 Quid
485 497 566 548 hic,
597 496 770 548 malum,
802 496 981 539 adstans
1014 497 1307 551 obstupuisti‘?

889 598 1270 651 Ayorastocles

994 668 1092 711 Sine
1123 684 1280 722 amem;
1312 685 1363 712 ne
1397 671 1598 724 opturba,
1631 685 1681 714 ao
1712 677 1822 715 tace.

973 771 1201 823 Milphio

339 843 495 885 Taceo.

889 914 1274 967 Ayorastocles

538 985 581 1028 Si
612 986 837 1037 tacuisses,
870 986 956 1027 iam
987 986 1103 1027 istuc
1132 991 1254 1028 taceo
1286 1001 1370 1028 non
1402 992 1578 1040 gnatum
1609 987 1732 1030 foret.
1759 1000 1827 1034 260

903 1087 1264 1129 Anterastilis

341 1159 515 1211 Eamus,
546 1173 642 1201 mea
673 1173 806 1201 soror.

888 1246 1271 1298 Adelphasium

756 1316 862 1368 Eho,
895 1317 1064 1368 amabo,
1097 1317 1200 1371 quid
1231 1317 1304 1359 illo
1336 1331 1451 1358 nunc
1482 1318 1717 1372 properas?

894 1419 1261 1461 Anterastilis

1192 1546 1194 1548 η
1649 1491 1824 1544 Rogas?

344 1560 454 1611 Quia
486 1575 585 1603 erus
616 1576 697 1605 nos
729 1563 842 1616 apud
873 1562 1025 1604 aedem
1056 1562 1236 1604 Ueneris
1268 1566 1446 1604 mantat.

893 1664 1271 1716 Adelphasium

1324 1736 1498 1777 Maneat
1529 1735 1614 1790 pol.
1675 1735 1824 1788 Mane;

341 1806 486 1848 Turba
504 1811 569 1848 est
584 1820 698 1848 nuno
715 1807 829 1861 apud
848 1821 980 1849 aram.
1027 1808 1093 1848 An
1117 1812 1160 1849 te
1185 1808 1245 1849 ibi
1269 1807 1335 1848 uis
1359 1808 1471 1848 inter
1487 1807 1591 1849 istas
1606 1808 1826 1850 uorsarier

341 1878 567 1928 Prosedas,
598 1879 809 1932 pistorum
841 1880 1015 1929 amicas,
1045 1879 1252 1932 reliquias
1285 1878 1499 1927 alioarias,

340 1949 532 2000 Miseras‚
564 1950 750 1992 schoeno
783 1950 1010 2001 delibutas,
1041 1950 1311 1993 seruilioolas
1342 1950 1571 1992 sordidas?
1757 1961 1824 1995 265

341 2021 459 2071 Quae
491 2021 571 2063 tibi
604 2021 724 2063 olant
755 2022 975 2063 stabulum
1006 2026 1273 2076 statumque,
1313 2021 1463 2063 sellam
1495 2026 1538 2063 et
1567 2021 1822 2063 sessibulum

1354 2107 1531 2144 merum,

340 2164 455 2214 Quas
481 2164 587 2206 adeo
614 2165 730 2206 haud
755 2166 985 2219 quisquam
1008 2179 1213 2219 umquam
1237 2165 1345 2207 liber
1368 2165 1513 2218 tetigit
1536 2178 1676 2218 neque
1702 2165 1824 2207 duxit

1353 2236 1539 2287 domum,

340 2305 617 2348 Seruolorum
649 2307 967 2349 sordidulorum
1001 2313 1143 2350 scorta
1175 2307 1425 2349 diobolaria.

970 2409 1198 2461 Milphio

338 2478 357 2519 I
388 2480 431 2521 in
462 2480 620 2521 malam
652 2480 844 2522 crucem!
878 2485 955 2522 tun
987 2480 1119 2522 audes
1152 2481 1281 2522 etiam
1313 2494 1462 2522 seruos
1493 2481 1723 2534 spernere?

427 2625 493 2659 258
516 2635 636 2660 uncua
660 2625 696 2660 Β
773 2627 838 2660 259
862 2627 921 2660 hic
946 2636 1012 2661 om.
1038 2627 1072 2661 B
1151 2627 1357 2671 opstituisti
1433 2628 1551 2660 aetate
1575 2624 1622 2669 B,
1647 2629 1767 2660 aetate
1795 2624 1825 2660 Ο

337 2681 403 2715 260
428 2682 476 2715 sit
501 2682 684 2716 aconisses
709 2681 745 2716 B
847 2684 913 2717 262
937 2683 1090 2717 mandat
1116 2682 1145 2718 0
1242 2684 1308 2716 264
1334 2682 1495 2716 Proseda
1521 2680 1549 2726 C
1645 2682 1819 2727 reliquias

336 2737 515 2772 allicarias
540 2737 588 2781 B,
615 2739 747 2783 reliqui
774 2739 972 2773 sallicarias
999 2739 1028 2774 C
1125 2740 1191 2773 265
1216 2740 1353 2773 scheno
1380 2738 1409 2773 C'
1508 2739 1575 2772 267
1600 2738 1671 2773 hau
1694 2737 1731 2773 B

336 2794 430 2838 tegit
454 2794 489 2827 B
581 2796 647 2830 268
672 2795 871 2830 seruorum
896 2796 931 2830 B
1023 2795 1240 2830 duobolaria
