1963 3243
126 228 166 273 v,
190 230 221 273 4,
251 230 392 273 104—8‚
418 231 440 265 8
779 228 974 265 Poenulus.
1537 236 1617 274 205

779 356 960 397 Hanno

122 427 174 469 Di
206 426 399 481 deaeque
431 440 592 477 omnes,
624 427 748 470 uobis
780 427 919 469 habeo
948 429 1100 470 merito
1126 441 1305 481 magnas
1330 429 1507 482 gratias,
1532 440 1618 473 1272

125 497 261 548 Quom
294 498 373 541 hac
406 513 470 540 me
502 498 673 540 laetitia
704 499 928 541 adfecistis
960 505 1084 541 tanta
1116 504 1159 541 et
1191 501 1324 541 tantis
1357 499 1539 553 gaudiis.

123 570 181 612 Ut
213 584 333 612 meae
364 574 520 624 gnatae
553 570 609 612 ad
641 584 706 612 me
738 571 932 612 redirent
963 572 1004 612 in
1039 576 1303 625 potestatem
1338 585 1488 613 ineam.

666 671 1070 726 [Adelphasium

121 743 179 785 Mi
211 748 349 798 pater,
380 748 458 785 tua
489 744 628 798 pietas
660 744 787 798 plane
820 745 944 786 nobis
976 745 1138 787 auxilio
1171 744 1264 786 fuit.
1533 757 1619 790 1275

680 847 1058 900 Ayorastocles

121 916 292 968 Patrue,
323 916 455 959 facito
487 918 530 959 in
562 920 771 960 memoria
802 919 980 969 habeas,
1012 924 1132 961 tuam
1167 920 1373 962 maiorem
1406 918 1538 961 filiam

119 988 223 1030 Mihi
255 994 297 1031 te
330 989 627 1044 despondisse,

777 1077 960 1119 Hanno

694 1149 881 1191 Memini.

681 1251 1057 1304 Ayorastocles

937 1323 992 1365 Et
1024 1323 1136 1365 dotis
1170 1323 1272 1377 quid
1306 1324 1586 1378 promiseris]

322 1598 837 1642 ANTAMOENIDES
865 1599 1063 1642 MILES
1091 1599 1175 1642 ET
1201 1600 1421 1643 EIDEM.

655 1736 1073 1779 Antamoenides

122 1807 165 1850 Si
197 1821 275 1861 ego
308 1809 469 1850 minam
500 1822 584 1849 non
617 1808 734 1850 ultus
767 1807 888 1849 fuero
922 1808 1070 1861 probe.
1103 1822 1233 1862 quani
1268 1809 1410 1850 lenoni
1443 1808 1553 1852 dedi.

121 1879 228 1921 Tum
260 1880 456 1934 profecto
489 1894 554 1921 me
588 1880 670 1921 sibi
701 1879 895 1922 habeant
926 1894 1101 1922 scurrae
1132 1880 1388 1922 ludificatui.

120 1951 163 1993 Is
191 1953 319 1993 etiam
353 1966 419 1994 me
452 1952 504 1994 ad
537 1953 770 2006 prandium
798 1952 852 1993 ad
881 1966 925 1993 se
954 1952 1136 1994 abduxit
1162 1953 1504 2006 ignauissumus3
1534 1965 1619 1997 1280

123 2023 217 2077 lpse
250 2023 358 2065 abiit
389 2024 516 2072 foras,
549 2038 614 2065 me
647 2023 820 2077 reliquit
854 2039 930 2077 pro
963 2024 1146 2066 atriensi
1178 2026 1219 2065 in
1253 2025 1445 2066 aedibus.

121 2095 205 2137 Ubi
236 2109 315 2137 nec
346 2095 443 2137 leno
475 2109 615 2149 neque
646 2095 746 2136 illae
779 2096 963 2137 redeunt
994 2109 1072 2137 nec
1098 2095 1215 2149 quod
1241 2095 1353 2137 edim
1381 2097 1616 2150 quidquam

1148 2168 1287 2210 datur.

126 2238 209 2281 Pro
239 2240 401 2281 maiore
434 2244 558 2293 parte
591 2238 744 2292 prandi
778 2239 934 2292 pignus
968 2239 1074 2293 cepi,
1108 2239 1196 2281 abii
1229 2239 1360 2281 foras.

124 2309 194 2352 Sic
225 2311 404 2353 dedero:
438 2325 537 2352 aere
569 2310 746 2352 militari
780 2312 962 2364 tetigero
995 2311 1285 2352 lenunculum.

123 2381 314 2424 Nanctus
342 2390 408 2425 est
432 2382 662 2431 hominem,
692 2383 807 2423 mina
825 2397 950 2436 quem
969 2385 1138 2436 argenti
1157 2383 1510 2425 circumduceret.
1535 2396 1622 2428 1255

214 2522 299 2556 1273
325 2526 430 2555 tanta
455 2520 593 2561 (tanBJ
621 2527 657 2554 et
683 2521 795 2554 tantis
817 2520 962 2563 gaudiis
985 2521 1172 2555 adfecistis
1189 2521 1254 2556 BC
1326 2522 1410 2556 1275
1437 2521 1620 2557 auxiuoB

125 2578 210 2612 1276
234 2576 392 2612 Patruoe
417 2577 530 2611 facite
556 2576 592 2611 B
715 2579 929 2611 memoriam
957 2576 1026 2612 BC
1153 2579 1237 2612 1277
1264 2579 1499 2622 promiseris.
1518 2583 1618 2613 anta-

121 2634 313 2669 moenides
326 2633 372 2677 B,
393 2645 456 2669 nec
470 2635 627 2678 spatium
644 2633 749 2668 titulo
763 2633 926 2668 relictum
939 2635 1115 2677 expletum
1130 2638 1181 2668 est
1196 2645 1219 2668 a
1231 2635 1457 2669 rubricatore
1536 2637 1620 2671 1279

122 2701 283 2725 oscurrae
309 2690 466 2726 ludificis
493 2691 574 2725 caui
691 2691 786 2730 2280,
799 2690 954 2724 adduxit
980 2690 1008 2724 C
1111 2690 1234 2734 ignaui
1263 2691 1375 2725 simus
1401 2690 1437 2725 B
1533 2694 1616 2727 1281

121 2746 238 2781 habiit
264 2747 293 2782 C
382 2747 540 2792 reliquid
639 2747 772 2780 utrensi
883 2747 969 2781 1283
995 2746 1208 2780 Prommore
1234 2746 1278 2789 B,
1305 2759 1476 2791 promore
1504 2747 1532 2782 C

120 2803 226 2848 coepi
254 2803 284 2839 G
375 2804 461 2838 1284
487 2815 607 2838 aerem
704 2803 977 2837 lemuunculum
1008 2802 1037 2838 Ο
1130 2804 1214 2837 1285
1241 2805 1413 2847 minaque
