1963 3243
267 221 316 260 18
946 216 1067 252 Plauti
1501 214 1529 258 I,
1554 216 1585 256 2,
1609 214 1743 249 50—'63

264 342 367 384 Mihi
392 342 505 384 domi
528 342 613 383 nisi
636 341 795 383 malum
819 345 968 383 nostra
992 355 1125 395 opera
1148 345 1225 387 est,
1251 339 1472 393 inprobae,
1500 339 1591 380 uini
1614 339 1744 380 modo

1275 411 1488 464 cupidae?

263 485 326 526 Eo
358 499 435 527 uos
466 490 638 526 uostros
671 483 864 537 pantices
889 483 1172 533 madefacitis,
1203 496 1330 535 quom
1367 496 1443 534 ego
1476 482 1556 523 sim
1588 482 1741 523 siccus.

263 556 387 598 Nunc
427 556 533 598 adeo
573 556 654 597 hoc
693 555 811 596 factu
850 558 915 595 est
954 560 1196 608 optumum,
1240 560 1288 595 ut
1328 554 1498 594 nomine
1530 567 1744 607 quemque

1276 624 1488 678 appellem
1519 638 1610 674 suo,

263 700 326 741 Ne
365 699 528 741 dictum
575 712 668 739 esse
713 701 907 739 actutum
954 697 1036 738 sibi
1082 698 1312 750 quaepiam
1353 701 1599 738 nostrarum
1642 695 1745 737 mihi

1277 772 1415 820 neget.
1681 778 1748 812 185

265 842 489 884 Aduortite
522 842 709 882 animum
743 844 933 881 cunctae.

265 914 491 967 Principio,
517 912 760 966 Hedylium,
786 916 927 952 tecum
953 925 1044 963 ago,
1071 924 1182 964 quae
1208 911 1345 951 amica
1369 924 1413 951 es
1436 897 1744 961 frumentariis,

266 985 440 1035 Quibus,
473 985 623 1038 quanti
657 988 826 1025 montes
858 983 1058 1032 maxumi,
1090 982 1293 1022 frumenti
1317 983 1462 1022 acerui
1489 986 1587 1023 sunt
1613 981 1747 1032 domi3

265 1057 377 1098 Face
417 1057 474 1098 sis
514 1057 570 1097 sit
610 1055 799 1096 delatum
839 1054 922 1095 huc
961 1053 1064 1094 mihi
1104 1053 1386 1103 frumentum,
1430 1052 1545 1093 hunc
1590 1066 1747 1093 annum

1292 1124 1406 1178 quod
1438 1125 1544 1166 satis

265 1200 369 1242 Mihi
401 1205 444 1241 et
474 1198 662 1241 familiae
695 1198 809 1239 omni
847 1197 902 1238 sit
939 1210 1076 1248 meae,
1123 1210 1260 1250 usque
1299 1196 1408 1238 adeo
1448 1201 1496 1237 ut
1533 1195 1746 1238 frumento

1279 1267 1448 1316 afluam,
1685 1279 1750 1312 190

268 1343 325 1386 Ut
355 1343 508 1384 ciuitas
539 1355 693 1383 nomen
723 1340 828 1381 mihi
860 1344 1080 1381 conmutet.
1110 1353 1265 1393 meque
1297 1345 1344 1380 ut
1375 1339 1595 1393 praedicet

268 1415 438 1457 Lenone
471 1428 522 1456 ex
553 1413 747 1454 Ballione
777 1425 921 1465 regem
953 1411 1164 1453 Iasonem.

864 1526 895 1569 C
907 1542 931 1569 a
941 1529 978 1569 li
991 1529 1016 1569 d
1029 1542 1052 1569 0
1063 1542 1084 1569 r
1095 1543 1122 1569 11
1134 1543 1152 1570 s

266 1602 420 1652 Audin,
445 1601 620 1643 furcifer
644 1615 755 1655 quae
778 1601 998 1654 loquitur?
1047 1599 1166 1641 Satin
1183 1599 1434 1653 magnificus
1452 1599 1531 1640 tibi
1547 1599 1751 1640 uidetur?

864 1717 1162 1759 Pseudolus

268 1791 344 1833 Pol
374 1791 467 1841 iste,
500 1795 630 1843 atque
662 1790 793 1831 etiam
825 1788 1056 1840 malificus3

269 1864 352 1905 Sed
384 1867 479 1903 tace
512 1867 643 1915 atque
676 1861 787 1902 hanc
817 1875 906 1902 rem
939 1875 1049 1914 gere.
1688 1870 1754 1904 195

923 1974 1104 2016 Ballio

269 2046 590 2096 Aeschrodora,
629 2051 676 2087 tu
715 2059 826 2099 quae
857 2047 1019 2087 amicos
1050 2045 1130 2087 tibi
1162 2045 1295 2087 habes
1325 2045 1526 2086 lenonum
1559 2044 1752 2086 aemulos

270 2119 447 2167 Lamos,
493 2119 565 2170 qui
595 2119 697 2158 item
729 2122 777 2159 ut
807 2131 885 2158 nos
916 2117 1100 2158 iurando
1133 2117 1224 2158 iure
1256 2117 1368 2158 malo
1400 2116 1509 2158 male
1541 2121 1754 2169 quaerunt

1282 2202 1385 2235 rem,
1418 2188 1540 2229 audi:

363 2332 426 2365 182
451 2331 538 2364 mihi
563 2331 746 2374 superiori
767 2332 888 2364 versui
913 2331 1134 2374 aclc'zmyitur.
1243 2329 1350 2363 hodie
1376 2329 1531 2374 inprobe
1558 2329 1643 2363 uino

272 2387 425 2431 cupidae
452 2388 537 2421 estis
564 2386 609 2429 B,
637 2387 765 2431 cupide
793 2387 879 2420 estis
909 2386 937 2421 C'
1062 2388 1124 2421 183
1148 2388 1386 2431 panticesque
1413 2386 1504 2420 adeo
1626 2385 1751 2419 made-

271 2444 417 2479 factatis
442 2444 486 2485 A,
514 2443 727 2477 madefactis
755 2442 783 2477 C
869 2443 1131 2478 simihicsiccus
1157 2443 1199 2482 A,
1227 2443 1293 2476 sim
1319 2443 1377 2477 hic
1404 2443 1521 2477 siccus
1547 2441 1616 2477 BG
1690 2443 1754 2476 184

271 2501 407 2535 factum
435 2506 490 2535 est
566 2511 746 2544 quamqu.
762 2500 909 2534 nomine
935 2500 968 2533 :l
1048 2501 1109 2533 185
1134 2499 1210 2533 Nec
1282 2505 1428 2533 actuum
1457 2499 1484 2533 C
1555 2499 1616 2531 186
1642 2500 1753 2532 conti-

273 2562 407 2592 ›macm-
432 2567 509 2591 cum
534 2557 764 2592 antecedenti.
845 2558 908 2591 187
934 2556 1118 2600 hedyllum
1145 2555 1192 2598 B,
1218 2555 1394 2590 hedillum
1423 2554 1451 2589 Ο
1527 2556 1589 2588 188
1614 2553 1752 2596 Quibus

273 2614 416 2649 cunctis
545 2614 666 2647 acerui
693 2612 864 2646 frumenti
890 2612 960 2647 BC
1100 2614 1161 2646 190
1188 2617 1225 2647 et
1249 2613 1408 2646 malitiae
1435 2621 1535 2644 meae
1561 2611 1605 2652 A,
1643 2611 1752 2644 etiam

273 2670 431 2704 familiae
457 2669 523 2704 BC
633 2676 741 2713 atque
769 2669 859 2702 adeo
979 2672 1039 2704 191
1068 2681 1124 2703 me
1150 2680 1241 2712 quae
1267 2668 1301 2702 B
1407 2669 1468 2701 193
1494 2666 1534 2700 E.
1561 2666 1608 2710 B,
1637 2677 1701 2701 om.
1728 2666 1757 2701 O

363 2738 454 2770 quae
482 2727 646 2769 loquitur
673 2736 737 2760 om.
764 2725 796 2758 A
907 2727 1059 2759 194—95
1084 2736 1154 2760 vuno
1180 2736 1285 2760 versu
1310 2723 1345 2758 B
1448 2724 1510 2757 196
1537 2724 1609 2757 BA.
1635 2733 1699 2758 om.
1729 2721 1759 2757 G

364 2782 524 2816 aem->los
551 2782 583 2815 Α
680 2783 741 2815 197
766 2781 859 2815 male
886 2792 951 2816 om.
978 2782 1046 2817 BC
