1963 3243
0 0 37 76 ”⁴3ssss

116 235 148 279 1,
173 236 206 278 2,
233 235 368 270 83—49
758 233 971 269 Pseudolus.
1558 238 1606 276 17

113 359 325 416 {Pernam
365 360 522 402 callum
563 359 781 413 glandium
822 373 970 402 sumen
1016 359 1148 402 facito
1187 359 1230 400 in
1271 372 1385 412 aqua
1416 358 1602 405 iaceant;

1166 431 1281 472 satin
1314 429 1487 483 audiSP]
1547 442 1608 473 165

122 503 348 557 Magnifice
379 503 478 546 uolo
511 518 576 546 me
608 517 797 546 summos
822 504 938 545 uiros
961 504 1170 557 accipere,
1203 507 1250 543 ut
1275 500 1378 542 mihi
1402 515 1491 543 rem
1517 515 1607 544 esse

1136 578 1325 615 reantur.

125 646 242 688 Intro
281 646 397 689 abite
437 652 569 702 atque
609 647 868 697 accelerate,
914 660 966 688 ne
1009 658 1129 688 mora
1169 658 1279 698 quae
1323 646 1399 694 sit,
1447 659 1608 699 coquos

1140 731 1269 771 quom
1301 718 1462 759 ueniat.

118 789 212 844 Ego
243 803 293 832 eo
325 791 368 832 in
400 790 648 841 macellum,
687 795 736 832 ut
771 790 954 844 piscium
987 788 1199 844 quidquid
1231 789 1287 830 sit
1318 789 1456 843 pretio
1488 802 1610 843 prae·

1141 861 1309 902 stinem.

122 934 153 984 Ι,
179 948 323 988 puere‚
349 947 472 988 prae3
509 948 560 975 ne
586 934 816 988 quisquam
844 932 1080 987 pertundat
1104 934 1343 974 cruminam
1369 933 1512 973 cautio
1530 938 1608 973 est.

121 1004 202 1047 Uel
233 1006 452 1060 opperire;
491 1012 558 1048 est
588 1005 702 1059 quod
735 1005 850 1047 domi
883 1005 1025 1046 dicere
1058 1018 1193 1058 paene
1226 1004 1384 1046 oblitus
1417 1003 1487 1046 fui.
1547 1016 1612 1048 170

127 1077 334 1119 Auditin?
365 1077 500 1127 uobis,
533 1077 746 1128 mulieres,
777 1076 889 1118 hanc
921 1077 1061 1118 habeo
1093 1076 1363 1118 edictionem.

125 1148 210 1191 Uos
241 1163 352 1204 quae
383 1150 427 1191 in
458 1149 680 1191 munditiis
714 1149 906 1191 mollitiis
939 1148 1191 1202 deliciisque
1223 1149 1458 1190 aetatulam
1483 1149 1611 1201 agitis

123 1220 238 1264 Uiris
269 1235 363 1263 cum
396 1223 591 1271 summis,
629 1221 818 1263 inclutae
851 1222 1031 1265 amicae,
1072 1233 1185 1262 nunc
1221 1234 1299 1274 ego
1332 1220 1449 1262 scibo
1482 1224 1611 1274 atque

1141 1292 1267 1334 hodie
1301 1293 1509 1346 experiar,

123 1364 242 1415 Quae
274 1365 427 1419 capiti,
458 1378 569 1419 quae
602 1365 744 1406 uentri
778 1378 952 1418 operam
986 1365 1077 1415 det,
1109 1378 1218 1418 quae
1252 1378 1356 1406 suae
1388 1365 1470 1413 rei,
1503 1377 1612 1418 quae

1144 1450 1292 1478 somno
1326 1435 1522 1487 studeat3

126 1507 262 1558 Quam
292 1508 494 1550 libertam
526 1508 616 1550 fore
648 1508 751 1550 mihi
783 1508 955 1551 credam
994 1516 1035 1550 et
1069 1523 1198 1562 quam
1230 1507 1447 1558 uenalem,
1485 1507 1612 1549 hodie

1142 1581 1351 1633 experiar.
1551 1591 1614 1624 175

122 1650 269 1693 Facite
301 1651 426 1694 hodie
458 1657 507 1693 ut
537 1652 642 1694 mihi
667 1666 844 1694 munera
868 1652 1006 1694 multa
1029 1652 1113 1693 huc
1138 1651 1192 1693 ab
1218 1651 1485 1693 amatoribus
1513 1665 1614 1693 con-

1143 1724 1338 1774 ueniant;

121 1792 230 1835 Nam
261 1795 343 1835 nisi
375 1795 431 1836 mi
463 1809 631 1837 annuus
662 1809 796 1850 penus
835 1796 963 1838 hodie
998 1795 1144 1846 datur,
1187 1809 1282 1837 cras
1326 1794 1484 1849 populo
1516 1809 1612 1849 pro-

1142 1868 1319 1909 stituam
1351 1881 1443 1908 uos.

124 1935 324 1978 Natalem
350 1938 470 1980 scitis
495 1938 599 1980 mihi
616 1953 708 1980 esse
727 1939 839 1981 diem
864 1939 998 1991 hunc;
1031 1939 1106 1981 ubi
1131 1940 1204 1981 isti
1229 1945 1329 1981 sunt
1353 1939 1509 1993 quibus
1537 1953 1613 1981 uos

1142 2011 1254 2053 oculi
1286 2012 1400 2061 estis,

121 2079 288 2130 Quibus
319 2082 448 2132 uitae,
482 2082 639 2136 quibus
672 2083 854 2124 deliciae
885 2083 1003 2134 estis,
1036 2084 1171 2134 sauia,
1206 2083 1478 2134 mammillae,
1510 2082 1613 2124 mel-

1142 2155 1289 2197 lillae‘?

123 2223 424 2279 Manipulatim
458 2226 765 2280 munerigeruli
789 2225 920 2269 facite
945 2229 1044 2269 ante
1071 2226 1187 2268 aedis
1212 2227 1298 2268 iam
1327 2227 1431 2268 mihi
1457 2227 1611 2269 adsint.

127 2294 214 2337 Cur
238 2309 315 2349 ego
340 2301 507 2339 uestem
531 2311 683 2340 aurum
710 2304 841 2353 atque
869 2313 919 2340 ea
946 2299 1102 2354 quibus
1126 2303 1193 2340 est
1219 2298 1343 2340 uobis
1369 2312 1473 2340 usus
1491 2313 1614 2354 prae-

1142 2369 1300 2412 bibeo‘?
1333 2369 1443 2419 Quid
1551 2383 1611 2416 181

218 2471 281 2503 165
305 2469 460 2504 Paterna
486 2469 514 2504 C
615 2471 751 2514 gallum
859 2472 921 2505 166
949 2470 1131 2516 Magnufic
1157 2472 1191 2505 A
1298 2473 1361 2504 167
1387 2477 1496 2515 atque
1522 2471 1613 2508 haec

125 2525 199 2560 cito
225 2526 407 2560 celebrate
508 2527 632 2561 ueniat
657 2527 745 2561 mihi
853 2529 916 2562 168
942 2533 997 2562 est
1098 2527 1370 2572 praesentinem
1474 2530 1539 2562 170
1563 2528 1613 2563 fui

125 2581 264 2616 oblitus
389 2584 453 2617 174
478 2583 609 2628 capitis
733 2595 896 2628 quaeque
923 2596 1010 2619 suae
1133 2595 1276 2618 summo
1306 2583 1334 2618 C
1454 2586 1519 2618 177
1543 2586 1613 2619 nisi

126 2649 240 2682 penus
266 2650 407 2674 annuus
433 2639 543 2674 hodie
569 2640 745 2675 conuenit
854 2641 1090 2685 prosituauos
1117 2640 1152 2675 B
1264 2641 1325 2674 173
1352 2642 1430 2674 sitis
1551 2643 1614 2676 179

122 2695 214 2729 estis
240 2695 371 2739 quibus
398 2697 497 2730 sauia
521 2697 683 2731 mamilla
879 2698 1007 2732 mellill
1033 2698 1076 2739 A,
1102 2697 1265 2731 mellitae
1291 2696 1357 2731 BC
1553 2700 1616 2733 180

123 2750 382 2796 Manipulatim
408 2753 496 2787 mihi
619 2753 842 2797 munigeruli
869 2753 897 2788 C
1011 2755 1080 2788 iam
1107 2754 1165 2788 hic
1192 2754 1316 2788 adsint
1444 2755 1503 2788 181
1533 2755 1613 2788 usui

217 2808 391 2853 perhibeo
420 2808 448 2844 C

1323 2883 1343 2915 2
