1963 3243
325 229 402 266 134
996 223 1118 257 manti
1501 222 1530 265 1,
1557 223 1588 266 2,
1617 223 1792 257 156—172

320 349 413 391 Nisi
444 363 519 401 ego
550 348 670 389 illum
700 348 826 390 iubeo
866 347 1084 401 quadrigis
1123 348 1277 398 cursim
1311 346 1365 388 ad
1395 346 1654 389 carnuficem
1683 347 1791 400 rapi.

584 427 586 431 ’
941 425 1164 477 Milphio

321 498 433 548 Noli,
465 498 630 548 amabo,
663 511 910 539 suscensere
943 511 1015 538 ero
1049 511 1140 538 meo
1171 510 1303 539 causa
1333 511 1440 539 mea.

322 570 412 623 Ego
443 568 552 620 faxo,
584 570 619 610 si
650 583 733 610 non
766 570 878 610 irata
909 583 967 619 es,
997 582 1064 610 aes
1094 569 1272 610 nimium
1301 583 1379 622 pro
1404 574 1447 610 te
1471 569 1594 611 dabit

321 642 463 695 Atque
493 646 535 682 te
565 639 696 682 faciet
725 646 772 681 ut
802 641 859 681 sis
891 641 997 681 ciuis
1030 641 1173 681 Attica
1204 644 1335 694 atque
1366 640 1513 681 libera.

323 712 435 762 Quin
459 713 577 753 adire
603 712 734 753 sinis?
773 711 895 762 Quin,
911 712 992 752 tibi
1017 713 1091 765 qui
1116 712 1223 753 bene
1248 712 1410 761 uolunt,
1436 712 1543 753 bene
1566 712 1633 753 uis
1658 688 1795 752 item?

324 784 367 826 Si
400 790 498 825 ante
530 784 630 837 quid
659 784 895 833 mentitust,
929 797 1041 824 nunc
1064 784 1149 824 iam
1174 782 1326 824 dehinc
1349 784 1430 824 erit
1454 797 1585 825 uerax
1610 783 1702 824 tibi.
1730 795 1793 828 371

867 861 1260 915 [Adelphasium

323 935 516 976 Abscede
548 934 646 975 hinc
677 935 747 985 818,
779 934 1054 988 sycophanta.

945 1011 1077 1063 Milp
1090 1011 1175 1052 lzio

1117 1083 1294 1134 Parebo,
1329 1088 1374 1125 at
1404 1084 1492 1124 scin
1524 1083 1768 1138 quomodo?

325 1157 422 1199 Sine
449 1163 491 1198 te
518 1170 700 1206 exorem,
734 1157 825 1197 sine
850 1155 1111 1209 prehendam
1137 1155 1354 1206 auriculis,
1378 1157 1468 1196 sine
1495 1155 1591 1195 dem
1616 1154 1796 1196 sauium.

322 1230 413 1271 Iam
453 1229 595 1270 hercle
627 1241 702 1280 ego
734 1227 889 1268 faciam
920 1228 1160 1281 plorantem
1190 1226 1333 1276 illum,
1373 1227 1456 1267 nisi
1493 1230 1536 1267 te
1566 1226 1798 1280 propitiam

1332 1296 1476 1350 facio]

324 1374 463 1425 Atque
493 1371 561 1412 hic
592 1385 644 1412 ne
675 1385 740 1412 me
771 1371 1080 1412 uerberitatum
1111 1369 1252 1421 faciat,
1285 1370 1370 1410 nisi
1399 1373 1442 1410 te
1473 1369 1673 1423 propitio,
1733 1380 1799 1413 375

325 1445 438 1486 Male
468 1443 670 1494 formid03
701 1444 803 1483 noui
834 1456 912 1495 ego
944 1442 1070 1483 11111118
1102 1455 1239 1483 mores
1270 1442 1427 1482 morosi
1458 1441 1606 1482 malos.

325 1517 461 1566 Quam
494 1515 547 1557 ob
578 1529 681 1564 rem,
714 1514 881 1561 amabo,
915 1528 1009 1555 mea
1034 1513 1249 1567 uoluptas,
1281 1515 1370 1554 sine
1393 1518 1436 1554 te
1463 1513 1543 1553 hoc
1567 1512 1798 1553 exorarier.

875 1592 1249 1645 Aqorastocles

324 1668 420 1708 Non
452 1680 528 1719 ego
559 1666 685 1707 homo
716 1665 890 1706 trioboli
923 1679 1027 1713 sum,
1058 1665 1139 1706 nisi
1171 1678 1246 1717 ego
1277 1663 1339 1704 illi
1371 1663 1595 1716 mastigiae

324 1739 518 1780 Exturbo
549 1737 695 1779 oculos
728 1743 857 1790 atque
890 1736 1053 1777 dentes.
1114 1735 1192 1776 Em
1222 1735 1487 1788 uoluptatem
1518 1734 1612 1783 tibi,

325 1811 404 1852 Em
434 1810 527 1859 mel,
561 1824 626 1850 em
658 1822 743 1854 cor,
776 1822 842 1850 em
864 1807 1080 1857 labellum,
1113 1822 1178 1848 em
1205 1807 1399 1854 salutem,
1432 1820 1499 1848 em
1527 1806 1706 1847 sanium.
1733 1816 1802 1850 380

950 1898 1181 1950 Milphio

324 1972 495 2026 Impias,
528 1985 612 2024 ere,
642 1977 709 2022 te3
743 1976 958 2013 oratorem
990 1969 1204 2011 uerberas.

876 2059 1254 2113 Ayorastocles

1272 2130 1364 2172 Iam
1395 2132 1506 2172 istoc
1537 2131 1683 2182 magis.

326 2206 360 2247 E
364 2207 468 2247 tiam
499 2205 682 2246 ocellum
713 2205 870 2246 addam
901 2211 943 2245 et
972 2204 1177 2245 labellum
1209 2209 1253 2244 et
1281 2203 1482 2256 linguam

415 2340 481 2373 366
506 2298 703 2383 quadragis
731 2339 761 2374 Ο
837 2340 902 2373 367
929 2350 988 2374 ere
1014 2338 1042 2373 G
1121 2349 1267 2372 causam
1291 2337 1326 2371 B
1415 2338 1482 2372 368
1507 2337 1537 2371 81
1560 2347 1635 2371 11011
1659 2335 1744 2370 faxo
1770 2336 1804 2369 A

416 2407 476 2430 aes
501 2407 566 2431 om.
679 2396 845 2429 ninnium
868 2394 904 2430 B
1007 2396 1072 2429 369
1096 2396 1168 2429 sies
1192 2394 1227 2428 A
1330 2395 1397 2429 370
1422 2394 1522 2428 sinus
1549 2392 1579 2428 G
1678 2393 1740 2437 qui
1764 2398 1805 2426 tu

325 2453 392 2488 tibi
417 2452 465 2496 B,
493 2453 555 2497 qui
579 2452 648 2486 tibi
675 2451 702 2487 C
809 2451 941 2486 nolunt
967 2451 996 2485 C
1103 2452 1164 2485 371
1194 2451 1340 2495 quidem
1367 2450 1437 2486 BG
1531 2449 1666 2484 entitus
1691 2449 1739 2484 8111
1758 2447 1803 2487 Β,

326 2511 502 2544 mentitus
529 2510 577 2543 sit
606 2508 634 2543 G
742 2510 808 2542 372
828 2510 996 2552 promimo
1016 2509 1205 2551 postponit
1233 2508 1266 2541 A
1370 2507 1505 2551 Aspice
1530 2505 1663 2540 dehinc
1691 2505 1721 2541 G

327 2577 454 2610 parero
478 2565 524 2609 Β,
550 2576 662 2610 pareo
690 2565 719 2600 Ο
813 2565 868 2598 8111
897 2564 926 2599 G
1025 2566 1091 2599 373
1117 2575 1222 2599 aures
1248 2563 1282 2598 A
1389 2563 1455 2597 374
1478 2562 1626 2598 hercule
1651 2561 1718 2597 BG

328 2623 448 2667 plorat
472 2623 507 2656 A
593 2623 659 2657 375
683 2633 740 2656 1118
765 2633 811 2655 118
835 2620 903 2656 BC'
979 2621 1151 2656 uer-beret
1176 2621 1279 2655 illum
1371 2621 1439 2654 376
1462 2630 1583 2653 mores
1607 2629 1734 2653 moros
1758 2617 1805 2660 A,

328 2690 448 2712 mores
471 2689 590 2713 mores
615 2677 646 2712 C
746 2679 812 2712 377
837 2677 966 2712 amabo
993 2688 1058 2712 om.
1084 2678 1118 2711 A
1221 2689 1279 2711 me
1304 2675 1339 2711 B
1444 2681 1480 2710 te
1505 2685 1570 2710 om.
1597 2674 1631 2708 A
1734 2673 1805 2709 hoc

327 2745 391 2769 om.
416 2734 485 2770 BG
594 2736 659 2769 379
683 2734 950 2778 uolumptatem
978 2732 1006 2768 C
1125 2733 1190 2767 380
1214 2733 1298 2767 hem
1322 2736 1446 2776 quater
1473 2731 1502 2767 C
1604 2731 1747 2766 saalum
1770 2729 1806 2764 B

327 2792 389 2824 381
417 2791 528 2835 impia
554 2796 695 2826 secrete
721 2791 750 2826 C
812 2794 818 2799 “
857 2790 922 2824 382
948 2789 1118 2824 labellum
1146 2789 1310 2834 linguam
1337 2789 1370 2822 A
