1963 3243
298 225 375 264 162
974 219 1095 254 Plauti
1526 215 1590 260 111,
1616 215 1646 259 5,
1675 215 1784 249 1—14

391 427 571 471 LYCUS
605 428 769 470 LENO.
831 427 1273 470 AGORASTOCLES
1307 423 1689 469 ADULESCENS.

891 505 1190 549 ADUOCATI.
1705 502 1783 545 DU

951 642 1120 696 Lycus
1655 701 1658 705 ι

296 714 573 769 Suspendant
605 728 752 757 omnes
785 728 899 756 nunc
928 715 1014 755 iam
1047 728 1091 755 se
1122 714 1390 767 haruspices,
1717 721 1785 755 745

295 785 434 836 Quam
467 800 545 840 ego
577 786 663 828 illis
696 785 891 840 posthac,
924 785 1040 839 quod
1071 785 1317 838 loquantur,
1349 783 1563 835 creduam,

295 857 378 907 Qui
408 858 453 899 in
483 872 529 899 re
562 857 712 899 diuina
743 857 906 899 dudum
937 856 1140 898 dicebant
1172 856 1278 897 mihi
1476 856 1481 859 “

294 929 457 971 Malum
489 929 779 982 damnumque
810 942 1057 970 maxumum
1088 928 1349 981 portendier,

294 1001 335 1042 Is
368 1001 583 1055 explicaui
613 1014 754 1043 meam
785 1014 878 1042 rem
910 999 1087 1053 postilla
1118 999 1263 1041 lucris.

852 1102 1234 1155 Agorastocles

297 1173 451 1216 Saluos
484 1175 543 1217 sis
573 1174 683 1216 leno.

954 1260 1123 1313 Lycus

750 1332 803 1374 Di
834 1335 877 1374 te
910 1336 1067 1382 ament,
1099 1329 1414 1384 Agorastocles.
1718 1338 1784 1372 750

845 1433 1234 1487 Agorastocles

293 1506 432 1560 Magis
467 1520 534 1548 me
564 1506 750 1561 benigne
783 1520 896 1548 nunc
927 1504 1094 1547 salutas
1127 1518 1256 1558 quam
1287 1502 1507 1546 antidhac.

956 1607 1124 1661 Lycus

293 1679 606 1735 Tranquillitas
638 1680 781 1722 euenit
813 1680 939 1733 quasi
971 1679 1072 1720 naui
1102 1680 1146 1720 in
1179 1679 1306 1730 mari3

292 1751 569 1806 thuomque
600 1756 665 1794 est
696 1755 869 1803 uentus,
901 1751 1011 1793 exim
1042 1750 1186 1792 uelum
1218 1749 1418 1791 uortitur.

838 1852 1232 1907 Agorastocles

292 1925 481 1968 Ualeant
511 1925 626 1979 apud
657 1929 713 1978 te,
747 1940 856 1979 quos
888 1925 1002 1976 uolo,
1036 1929 1166 1978 atque
1199 1923 1314 1965 haud
1346 1927 1387 1964 te
1418 1921 1531 1964 uolo.

957 2027 990 2068 L
1035 2040 1121 2068 cus

295 2099 463 2152 Ualent,
496 2103 546 2141 ut
575 2099 844 2154 postulatum
876 2103 952 2150 est,
984 2042 1135 2140 uycrum
1167 2111 1254 2139 non
1284 2096 1375 2138 tibi.
1719 2105 1785 2139 755

846 2200 1234 2255 Agorastocles

292 2273 418 2315 Mitte
451 2273 506 2315 ad
537 2287 616 2325 me,
649 2274 685 2315 si
715 2273 863 2325 audes,
895 2272 1022 2314 hodie
1054 2270 1364 2325 Adelphasium
1394 2273 1514 2312 tuam

296 2345 370 2387 Die
402 2345 509 2388 festo
543 2344 704 2388 celebri
734 2344 971 2398 nobilique,
1004 2343 1291 2398 Aphrodisiis.

952 2446 984 2487 L
1008 2459 1122 2487 ‘cus

294 2517 491 2561 Calidum
523 2518 739 2574 prandisti
772 2461 1012 2573 prandium)
1033 2517 1190 2559 hodie?
1225 2516 1292 2558 dic
1324 2515 1439 2557 mihi.

385 2677 449 2710 745
474 2687 554 2711 sese
580 2677 623 2711 A·
752 2677 818 2710 746
850 2687 919 2719 ego
950 2679 1034 2721 post
1058 2641 1138 2710 lige
1165 2674 1200 2709 Β
1338 2674 1404 2708 748
1430 2672 1604 2707 damnum
1631 2683 1721 2716 quae
1745 2671 1781 2706 B

294 2733 357 2766 749
385 2732 620 2776 postillamB
690 2733 793 2768 lucro
865 2734 931 2767 752
957 2735 1066 2776 quast
1137 2734 1203 2766 754
1230 2729 1364 2766 Ualent
1388 2730 1421 2763 A
1487 2730 1553 2764 755
1578 2729 1727 2765 ualeant
1753 2726 1782 2764 O

385 2790 613 2834 postulatum
640 2790 671 2825 si
695 2788 731 2824 B
