1963 3243
131 156 189 200 IV,
213 155 244 198 2,
269 154 404 189 80—36
694 152 801 187 Miles
826 152 1019 196 gloriosus.
1531 158 1583 195 85

631 278 1079 333 Pyrgopolinices

131 353 273 406 Quid?
304 365 382 405 ego
415 351 484 393 hic
514 350 701 393 adstabo
735 351 948 404 tantisper
979 364 1072 392 cum
1107 350 1188 391 hac
1221 350 1359 392 forma
1391 356 1432 391 et
1458 351 1584 393 factis

1212 423 1403 465 frustra?

704 525 1010 567 Palaestrio

128 599 279 642 Patere
312 604 444 653 atque
476 598 627 649 adsta3
660 597 738 639 tibi
773 611 850 650 ego
882 597 994 639 hanc
1027 597 1082 639 do
1115 611 1303 652 operam.

630 722 1080 777 Pyrgopolinices

790 794 980 848 Propera
1010 794 1127 846 dum3
1161 795 1314 836 stando
1345 796 1581 837 excrucior.

696 919 1012 963 Palaestrio

122 980 441 1053 Pedetemptim
479 999 525 1035 tu
567 993 740 1036 hauseis
781 994 963 1034 tractari
998 993 1151 1035 solitas
1185 1007 1276 1034 esse
1308 992 1436 1035 huius
1468 992 1582 1034 modi

1214 1065 1398 1107 mercis?

627 1167 1080 1222 Pyrgopolinices

130 1241 217 1295 Age
248 1255 341 1295 age,
374 1246 431 1283 ut
460 1241 541 1283 tibi
572 1255 771 1282 maxume
803 1241 1117 1282 concinnumst.

696 1366 1008 1408 Palaestrio

695 1437 917 1480 Nullumst
946 1437 1027 1480 hoc
1059 1437 1264 1480 stolidius
1296 1451 1463 1480 saxum.
1498 1449 1587 1482 1020

128 1511 272 1554 Redeo
303 1511 357 1553 ad
388 1516 452 1564 te3
484 1511 588 1565 quid
620 1525 686 1552 me
718 1510 926 1552 uoluisti?

666 1635 1039 1690 Milphidippa

876 1707 969 1759 Quo
1001 1713 1131 1762 pacto
1163 1708 1244 1750 hoc
1275 1708 1402 1750 Ilium
1434 1709 1582 1751 accedi

126 1780 258 1832 Uelis,
289 1781 333 1823 id
362 1781 499 1823 refero
531 1781 584 1823 ad
617 1787 660 1823 te
693 1781 932 1822 consilium.

694 1907 726 1948 P
740 1907 824 1949 ala
835 1921 857 1948 e
868 1921 887 1948 s
900 1908 1008 1949 trio

831 1979 964 2031 Quasi
997 1978 1112 2020 hunc
1144 1978 1365 2032 depereat,

666 2104 1038 2159 Milphidippa

1276 2161 1420 2203 Teneo
1452 2161 1579 2202 istuc.

695 2264 1009 2306 Palaestrio

125 2334 392 2378 Conlaudato
424 2338 605 2379 formam
637 2343 681 2378 et
711 2337 865 2378 faciem
899 2343 942 2378 et
972 2338 1158 2378 uirtutes
1189 2342 1523 2378 conmemorato.

217 2497 302 2531 1017
327 2495 446 2531 forma
469 2496 505 2531 B
575 2497 624 2531 sit
647 2496 786 2530 frustra
810 2494 854 2539 Β,
880 2497 909 2529 si
935 2497 987 2530 sic
1012 2495 1189 2530 frustram
1216 2494 1244 2542 C
1315 2495 1401 2529 1018
1426 2493 1583 2529 Paterae

129 2551 161 2587 Β
251 2555 489 2598 aequeastabi
514 2554 558 2597 Β,
584 2558 695 2598 atque
722 2556 778 2587 sta
802 2553 871 2587 tibi
892 2551 921 2587 G
1011 2552 1244 2598 properando
1339 2551 1525 2586 excruciet
1548 2551 1584 2586 B

217 2611 303 2644 1019
327 2610 396 2645 hec
421 2611 491 2646 scis
573 2615 734 2645 tractare
759 2611 837 2645 sole
863 2608 911 2652 Β,
935 2615 1095 2645 tractare
1122 2610 1217 2644 soles
1242 2608 1353 2643 hasce
1379 2608 1407 2643 G
1498 2610 1584 2643 1020

125 2667 330 2702 concinnus
422 2667 545 2702 nullus
571 2671 628 2702 est
651 2667 687 2702 B
790 2669 874 2702 1021
902 2667 1027 2702 cilium
1122 2666 1247 2710 accepi
1272 2664 1319 2708 Β,
1345 2666 1440 2710 apeli
1467 2665 1497 2701 G

129 2724 213 2758 1022
236 2723 336 2759 Uelis
362 2728 403 2758 ut
429 2723 504 2759 fero
530 2723 576 2767 Β,
603 2724 756 2760 Uaelisit
781 2724 860 2759 sei-0
887 2724 915 2759 C
995 2724 1065 2758 huc
1149 2724 1354 2767 depereant
1377 2722 1413 2757 B
1498 2725 1583 2758 1023

126 2780 274 2815 uirtutis
299 2786 588 2816 commemorate
614 2780 648 2815 B
