1963 3243
41 205 63 222 '
139 211 184 259 V,
207 212 242 258 5,
268 211 391 255 ⁶6—6‚
420 211 462 246 10
789 209 983 247 Poenulus.
1549 217 1630 258 209

691 336 1075 390 Aqorastocles

827 468 832 472 .
888 408 1190 463 Quapropter?

796 502 978 544 Hanno

1245 575 1358 626 Quia

141 645 400 688 Iniuriarum
434 645 613 688 multam
645 645 730 688 dici
763 647 899 688 satius
931 651 1009 688 est.

639 848 677 891 L
688 848 768 893 ΥΟ
775 849 809 894 U
814 849 854 892 S.
916 849 1142 893 EIDEM.

807 974 974 1029 Lycus

142 1047 368 1102 Decipitur
398 1059 539 1097 nemo,
572 1059 669 1088 mea
701 1047 875 1100 quidem
907 1048 1135 1099 sententia
1252 1043 1257 1055 '
1551 1061 1636 1095 1335

142 1118 226 1169 Qui
257 1118 345 1161 suis
376 1119 528 1160 amicis
559 1123 710 1160 narrat
741 1124 857 1160 recte
891 1133 960 1161 res
993 1133 1104 1169 suas,

144 1190 256 1233 Nam
287 1189 482 1232 omnibus
514 1191 664 1232 amicis
695 1191 803 1232 meis
836 1191 950 1232 idem
982 1205 1114 1233 unum
1148 1192 1363 1242 conuenit,

144 1261 203 1304 Ut
234 1275 301 1304 me
333 1261 606 1316 suspendam,
639 1276 692 1304 ne
724 1262 906 1304 addicar
937 1263 1222 1317 Agorastocli.

696 1353 1079 1407 Ayorastocles

144 1424 273 1475 Leno,
305 1438 454 1467 eamus
487 1425 530 1466 in
561 1425 640 1466 ius.

802 1503 973 1558 Lycus

689 1576 878 1619 Obsecro
911 1581 966 1626 te,
1001 1578 1320 1633 Agorastocles,

146 1647 417 1703 suspendere
448 1653 497 1690 ut
527 1662 592 1690 me
626 1647 767 1691 liceat.

799 1728 987 1770 Hanno

830 1800 879 1842 In
912 1802 978 1843 ius
1010 1806 1053 1843 te
1085 1815 1206 1844 uoco.
1555 1812 1641 1846 1340

804 1890 975 1946 Lycus

146 1961 260 2012 Quid
291 1961 371 2004 tibi
402 1975 572 2004 mecum
602 1963 776 2005 autem?

803 2042 988 2084 Hanno

830 2113 941 2165 Quia
972 2114 1050 2157 has
1083 2114 1178 2157 dico
1210 2114 1370 2156 liberas

148 2183 450 2239 Ingenuasque
482 2198 576 2227 esse
607 2184 718 2227 filias
751 2185 902 2227 ambas
937 2199 1073 2238 meas;

150 2255 238 2298 Eae
271 2261 371 2298 sunt
403 2256 640 2311 subruptae
672 2270 769 2298 cum
800 2258 968 2299 nutrice
1001 2257 1220 2311 paruolae.

815 2346 985 2401 Lycus

150 2418 241 2460 Iam
271 2419 440 2473 pridem
471 2419 671 2472 equidem
701 2420 815 2461 istuc
847 2420 955 2461 sciui
988 2426 1030 2460 et
1063 2420 1242 2462 miratus
1273 2420 1348 2470 fui,

245 2572 333 2606 1334
356 2572 473 2607 multo
498 2573 625 2608 induci
650 2571 720 2608 BC
785 2572 888 2617 lycus
914 2572 997 2608 add.
1023 2572 1060 2608 Β
1084 2573 1206 2617 spatio
1230 2573 1327 2618 quod
1352 2572 1458 2610 titulo
1481 2572 1644 2608 relictum

152 2632 218 2672 eet,
243 2639 317 2664 mm
340 2629 480 2674 expleto
565 2629 651 2663 1335
677 2629 824 2674 quidem
852 2640 933 2664 mea
958 2629 987 2665 C
1068 2631 1155 2665 1336
1179 2630 1261 2674 quis
1285 2629 1341 2664 uis
1367 2629 1404 2672 Ο,
1429 2628 1645 2675 quisquisB

157 2685 244 2720 1337
266 2686 349 2721 miis
374 2685 410 2720 Β
513 2684 552 2720 id
576 2684 660 2720 dem
687 2684 716 2720 G
823 2687 910 2720 1338
935 2685 1109 2721 addicam
1218 2686 1303 2721 1339
1327 2686 1584 2731 agorescooles
1608 2685 1645 2721 B

156 2743 243 2776 1340
266 2741 370 2777 Leno
392 2743 432 2777 in
456 2743 512 2777 ius
640 2746 750 2777 uocat
774 2741 810 2776 B
941 2744 1025 2778 1341
1050 2742 1161 2777 hasce
1185 2753 1246 2776 mo
1270 2741 1319 2785 Β,
1344 2741 1456 2777 hasce
1479 2741 1592 2777 modo
1620 2741 1650 2778 C

156 2799 243 2834 1343
268 2798 322 2834 Te
418 2799 505 2834 1344
528 2798 672 2844 pridem
698 2799 794 2834 istoc
819 2799 887 2834 siui
912 2797 948 2833 Β
1239 2812 1244 2815 *

1334 2871 1375 2904 14
