1963 3243
215 244 238 282 6
899 239 1019 274 Plauti

269 889 596 933 PSEUDOLUS
631 889 858 931 SERUOS.
921 888 1236 930 CALIDORUS
1269 886 1648 930 ADULESCENS.

809 1013 1109 1055 Pseudolus

219 1087 264 1129 Si
295 1101 347 1129 ex
377 1091 420 1128 te
452 1090 624 1127 tacente
654 1085 746 1126 fieri
779 1099 951 1139 possem
981 1085 1151 1135 certior,

218 1159 314 1209 Ere,
347 1172 459 1212 quae
491 1158 689 1199 miseriae
721 1162 763 1198 te
794 1162 885 1198 tam
915 1157 1072 1198 misere
1103 1161 1336 1204 macerent,

218 1231 412 1273 Duorum
440 1229 580 1271 labori
613 1243 689 1282 ego
721 1229 940 1270 hominum
974 1228 1204 1282 parsissem
1235 1227 1400 1276 lubens7
1682 1237 1702 1271 5

218 1303 305 1345 Mei
335 1306 378 1343 te
408 1301 591 1354 rogandi
622 1306 664 1343 et
693 1301 750 1341 tis
782 1299 1072 1354 respondendi
1104 1299 1219 1340 mihi.

219 1374 344 1415 Nunc
375 1373 576 1427 quoniam
608 1372 651 1413 id
683 1372 775 1413 fieri
806 1386 892 1414 non
924 1377 1081 1425 potest,
1114 1372 1352 1412 necessitas

220 1446 288 1488 Me
321 1445 484 1498 subigit
515 1449 564 1485 ut
593 1449 636 1486 te
667 1445 860 1496 rogitem.
924 1443 1153 1498 Responde
1185 1443 1310 1483 mihi:

221 1517 334 1567 Quid
365 1521 431 1558 est
461 1516 575 1571 quod
607 1521 653 1557 tu
686 1517 956 1556 exanimatus
988 1516 1073 1556 iam
1103 1515 1182 1556 hos
1213 1515 1371 1556 multos
1405 1513 1497 1555 dies

220 1589 377 1631 Gestas
408 1587 595 1630 tabellas
625 1592 780 1638 tecum,
813 1601 885 1629 eas
916 1576 1119 1629 lacrumis
1151 1586 1262 1628 lauis
1665 1596 1707 1629 10

221 1661 372 1715 Neque
402 1661 467 1702 tui
497 1660 755 1714 participem
787 1659 937 1701 consili
969 1672 1227 1712 quemquam
1260 1658 1396 1699 facis?

220 1733 445 1786 Eloquere,
479 1736 527 1773 ut
558 1731 673 1786 quod
706 1745 782 1784 ego
813 1732 960 1773 nescio
992 1731 1035 1772 id
1066 1736 1208 1772 tecum
1239 1731 1384 1771 sciam.

821 1817 852 1859 C
865 1818 914 1859 al
927 1820 939 1859 i
952 1818 978 1859 d
991 1832 1013 1859 ο
1025 1832 1082 1859 ru
1095 1832 1114 1859 s

222 1891 380 1933 Misere
411 1892 542 1932 miser
574 1904 682 1942 suni,
716 1889 937 1931 Pseudole.

815 1976 1116 2018 Pseudolus

995 2047 1044 2088 Id
1077 2053 1119 2088 te
1152 2046 1346 2100 Iuppiter

224 2120 502 2163 Prohibessit.

825 2191 1113 2233 Calidorus

566 2263 683 2305 Nihil
716 2263 796 2305 hoc
826 2263 942 2305 Iouis
974 2262 1027 2304 ad
1059 2261 1266 2303 iudicium
1298 2261 1482 2310 adtinet3

225 2336 312 2378 Sub
345 2335 524 2378 Ueneris
555 2350 686 2389 regno
718 2335 891 2389 uapulo,
924 2349 1009 2376 non
1041 2333 1120 2376 sub
1151 2333 1280 2375 Iouis.
1670 2341 1710 2374 15

818 2421 1119 2463 Pseudolus

227 2495 350 2538 Licet
380 2510 447 2538 me
478 2495 522 2536 id
553 2495 661 2537 scire
694 2493 796 2547 quid
827 2494 912 2535 sit‘?
944 2507 1043 2534 nam
1075 2497 1123 2534 tu
1153 2505 1219 2533 me
1251 2491 1456 2532 antidhac

228 2567 482 2622 Supremum
514 2567 704 2608 habuisti
737 2567 938 2608 comitem
969 2563 1160 2606 consiliis
1193 2564 1291 2605 tuis.

302 2701 329 2735 P
354 2700 636 2737 PSEUDOLUS
663 2699 846 2735 SERUUS
895 2699 920 2733 C
947 2697 1222 2734 CALIDORUS
1250 2694 1565 2731 ADULESCENS
1589 2693 1626 2729 B

227 2761 248 2792 4
272 2759 419 2792 miseria
433 2759 462 2793 ἀ
478 2765 576 2793 etam
589 2757 636 2800 B,
659 2758 791 2792 misera
806 2768 884 2790 eam
901 2756 930 2791 C
990 2758 1180 2790 macerant
1192 2753 1260 2789 BC
1317 2755 1337 2788 6
1363 2757 1400 2787 et
1413 2758 1449 2786 te
1463 2749 1712 2796 respondendi

231 2817 270 2849 12
294 2815 330 2850 id
357 2826 421 2850 om.
448 2815 480 2848 A
603 2815 642 2848 13
668 2813 860 2858 ipseudole
884 2813 919 2847 B
1039 2813 1077 2846 16
1102 2811 1139 2845 id
1165 2821 1230 2846 om.
1257 2810 1291 2844 A
1403 2808 1654 2843 m-oantidhac
1679 2807 1713 2841 A
