1963 3243
317 231 394 269 124
994 227 1114 262 Plauti
1587 225 1630 268 V,
1653 225 1766 260 7—12

801 352 1277 401 Periplecomenus

515 424 644 466 Haud
675 425 829 475 etiam3
860 437 1038 465 numero
1069 423 1152 465 hoc
1183 424 1304 466 dicis.

944 524 1141 578 Coquos

1093 598 1239 639 Iamne
1271 599 1313 639 in
1344 598 1561 639 hominem
1590 596 1765 638 inuolo‘?

811 698 1278 752 Periplecomenus

313 772 446 815 Immo
478 772 609 814 etiam
641 774 760 827 prius
790 771 1036 814 uerberetur
1065 771 1268 813 fustibus.

939 872 1146 929 Coquos

1363 946 1548 987 Multum
1579 946 1764 1000 quidem.

315 1004 439 1057 Agite
482 1034 1080 1045 ...............
1099 1012 1103 1016 ’
1115 1034 1589 1045 ............
1678 1014 1765 1049 1395

801 1098 1278 1152 Periplecomenus
1482 1094 1487 1097 ’

315 1169 402 1212 Cur
433 1185 477 1212 es
509 1184 640 1212 ausus
671 1170 909 1223 subigitare
941 1170 1126 1211 alienam
1157 1183 1348 1220 uxorem,
1380 1169 1594 1224 inpudens
1605 1170 1625 1210 ’ἓ

816 1284 1264 1338 Pyrgopolinices

315 1356 383 1397 lta
413 1370 480 1397 me
512 1356 555 1397 di
585 1362 743 1407 ament,
775 1356 890 1397 ultro
921 1362 1148 1397 uentumst
1179 1356 1235 1398 ad
1266 1370 1345 1397 me.

804 1458 1270 1513 Periplecomenus

1414 1531 1640 1582 Mentitur3
1671 1529 1762 1572 feri.

816 1611 1266 1665 Pyrgopolinices

313 1683 453 1733 Mane,
486 1683 587 1724 dum
619 1697 760 1725 narro.

806 1763 1281 1818 Periplecomenus

790 1835 902 1885 Quid
935 1835 1147 1877 cessatis?

819 1949 1265 2003 Pyrgopolinices

1198 2021 1293 2063 Non
1325 2022 1428 2063 licet
1460 2021 1563 2062 mihi
1594 2019 1767 2061 dicere?

806 2124 1279 2178 Periplecomenus

316 2183 406 2224 Dic.

830 2260 1267 2314 Pyryopolim'ces

432 2336 592 2377 Oratus
625 2348 729 2384 sum,
761 2334 815 2374 ad
849 2347 943 2375 eam
975 2338 1022 2374 ut
1052 2335 1180 2384 irem3
1211 2334 1388 2386 exquire
1419 2346 1508 2374 rem
1543 2332 1613 2373 sis.

910 2436 1044 2476 Lora
1057 2436 1171 2475 rius

1565 2491 1644 2532 Em
1675 2491 1768 2532 tibi.

414 2609 498 2642 1393
539 2612 602 2641 aut
695 2606 752 2642 CO
784 2618 848 2642 om.
943 2607 1078 2640 inuoco
1176 2606 1263 2639 1394
1294 2604 1365 2639 PE.
1399 2614 1466 2638 om.
1559 2615 1628 2648 pus
1654 2603 1682 2638 G

320 2668 469 2699 ueretur
494 2663 561 2698 BC
654 2665 742 2699 1395
767 2673 831 2697 om.
857 2662 924 2697 BC
949 2664 1033 2697 1396
1060 2663 1180 2697 alienu
1204 2663 1240 2696 Β
1311 2663 1398 2696 1397
1423 2661 1627 2695 dianiment
1655 2661 1684 2696 Ο

321 2726 432 2756 uentu
457 2726 530 2755 stat
555 2720 590 2755 Β
662 2721 713 2754 eri
735 2720 770 2754 B
865 2721 950 2754 1399
974 2730 1039 2754 om.
1066 2721 1098 2753 A
1192 2719 1261 2754 Dic
1287 2724 1415 2753 oratus
1440 2717 1476 2761 0,
1502 2718 1709 2753 Decoratus
1734 2717 1771 2752 B

412 2777 457 2811 ad
478 2781 514 2812 te
534 2778 664 2812 uenire
690 2776 761 2811 PY.
785 2775 882 2819 Β,αά
909 2780 944 2809 te
970 2776 1142 2810 amuttire
1170 2775 1200 2810 0
1289 2775 1432 2818 quii-ere
1458 2785 1567 2808 ausus
1592 2800 1600 2808 .
1617 2802 1624 2808 .
1650 2785 1707 2808 em
1733 2772 1770 2816 G,

321 2845 434 2878 quare
458 2845 568 2868 ausus
593 2845 650 2867 em
675 2832 711 2867 B
