1963 3243
105 219 150 264 V,
176 221 209 264 2,
235 221 370 256 51—59
751 221 943 256 Poenulus.
1521 229 1597 268 183

745 346 968 401 Milphio

107 418 201 462 Non
233 419 385 460 audis?
419 432 560 460 mures
593 417 817 461 Africanos
851 419 1073 472 praedicat

107 491 154 533 In
186 504 386 545 pompam
418 489 533 532 ludis
565 489 668 532 dare
702 504 745 532 se
774 490 885 532 uelle
917 490 1142 533 aedilibus.

762 592 947 634 Hanno

107 663 221 706 Lech
253 663 468 706 laehauan
499 663 750 706 limnuchot.

657 766 1047 819 Agorastocles

821 836 933 887 Quid
964 852 1076 880 nunc
1109 839 1200 880 ait?
1516 853 1602 885 1010

737 939 964 994 Milphio

106 1012 282 1067 Ligulas
314 1012 478 1054 canalis
510 1013 572 1054 ait
603 1026 646 1054 se
678 1012 906 1054 aduexisse
939 1016 981 1054 et
1012 1027 1164 1064 nuces;

106 1085 231 1127 Nunc
262 1089 370 1136 orat,
404 1097 580 1139 operam
613 1088 662 1126 ut
693 1084 770 1126 des
804 1084 886 1126 sibi
918 1089 967 1126 ut
998 1098 1049 1126 ea
1078 1090 1278 1127 ueneant.

657 1187 1013 1240 Agorastocle
1028 1201 1046 1228 s

106 1258 335 1310 Mercator,
368 1258 508 1310 credo,
540 1263 616 1301 est.

761 1353 947 1396 Hanno

679 1426 719 1467 Is
753 1439 896 1468 samar
927 1425 970 1467 bi
1003 1439 1114 1468 nam.

661 1529 1046 1583 Agorastocles

1185 1600 1295 1650 Quid
1329 1600 1421 1642 est?

763 1687 946 1728 Hanno

108 1756 184 1799 Pal
215 1771 338 1800 umer
368 1758 570 1812 gadetha.

661 1849 1050 1902 Agorastocles

627 1920 823 1974 Milphio,
857 1921 961 1975 quid
993 1934 1105 1962 nunc
1137 1921 1228 1962 ait?

746 2022 836 2064 Mil
885 2023 973 2065 hio

110 2093 238 2136 Palas
270 2094 528 2136 uendundas
561 2093 644 2136 sibi
676 2096 738 2138 ait
769 2100 812 2136 et
844 2038 1014 2148 iiiergas
1046 2094 1185 2145 datas,
1523 2105 1609 2138 1015

111 2165 176 2207 Ad
207 2167 379 2208 messim
411 2166 553 2217 credo,
585 2167 669 2208 nisi
701 2166 807 2221 quid
838 2172 886 2208 tu
919 2165 1038 2208 aliud
1071 2166 1201 2218 sapis.

112 2235 188 2291 [Ut
218 2237 395 2280 hortum
425 2237 564 2280 fodiat
595 2243 726 2292 atque
758 2243 806 2279 ut
835 2238 1098 2280 frumentum
1133 2234 1304 2289 metat.]

203 2405 290 2438 1009
315 2415 450 2448 popam
476 2403 511 2437 B
617 2403 721 2438 dares
748 2403 840 2437 uelle
950 2404 1036 2436 1010
1061 2402 1182 2436 Laech
1208 2402 1250 2444 B,
1278 2401 1396 2436 lalehc
1424 2400 1455 2437 C
1554 2402 1603 2435 la-

111 2459 289 2495 cha.nan
314 2460 358 2503 A,
384 2460 616 2495 lachananim
643 2459 690 2502 B,
719 2459 952 2494 laheanamin
982 2458 1010 2493 C
1157 2458 1360 2493 limniichio
1386 2458 1436 2499 A,
1469 2458 1606 2492 limini-

111 2515 200 2551 chot
222 2515 268 2559 B,
294 2516 499 2559 lim,n,cho't
525 2516 552 2551 Ο
717 2515 809 2550 Post
836 2517 921 2549 1010
946 2517 983 2549 in
1010 2515 1038 2549 C
1059 2526 1110 2549 vv.
1135 2516 1209 2549 942
1236 2514 1352 2550 Huiec
1379 2515 1428 2548 ad
1452 2515 1543 2549 951.
1568 2542 1573 2548 .
1597 2543 1603 2548 .

110 2572 234 2607 fratris
259 2572 374 2608 filium
400 2574 530 2608 iterum
553 2574 692 2616 scripta
715 2577 800 2607 sunt
823 2572 885 2607 sed
908 2573 1059 2606 inducta
1155 2572 1242 2605 1012
1267 2571 1421 2605 ueniant
1518 2572 1606 2606 1013

112 2634 168 2665 est
191 2629 303 2665 credo
329 2629 358 2664 G
516 2629 548 2663 X
571 2630 683 2663 issam
709 2628 736 2662 B
771 2629 935 2663 arbinam
962 2628 1109 2672 quidem
1136 2627 1187 2671 B,
1213 2628 1297 2662 item
1323 2626 1365 2670 C,
1402 2628 1476 2662 nisi
1509 2628 1607 2672 quod

108 2696 348 2730 personarum
359 2691 467 2721 notas
480 2685 583 2720 POE.
599 2690 633 2721 et
645 2685 873 2726 MIL.habet‚
899 2696 1095 2718 assam..r
1112 2683 1242 2718 ..mA
1316 2685 1403 2718 1014
1428 2683 1563 2719 deetha
1583 2683 1612 2719 C

114 2744 308 2777 1015-18:
335 2755 393 2778 me
419 2753 484 2778 om.
513 2743 542 2778 Ο
638 2744 725 2776 1015
751 2740 969 2776 bendnndas
994 2741 1160 2775 sihimtet
1184 2739 1220 2774 Β
1329 2741 1414 2774 1016
1433 2742 1605 2784 proximo

109 2801 299 2843 postponit
321 2798 375 2842 B,·
400 2799 512 2834 idem:
537 2799 606 2834 nisi
634 2799 781 2843 quidem
807 2802 871 2832 tua
896 2798 1040 2832 omissis
1065 2797 1216 2840 reliquis
1238 2814 1240 2816 ·
