1963 3243
89 260 132 303 V,
158 261 191 304 8,
215 260 351 295 27—38
736 258 931 294 Poenulus.
1503 263 1581 302 193

641 384 1026 437 Agorastocles

87 456 207 508 Quae
239 470 290 498 ea
321 462 385 498 est
415 455 642 511 supelleoe‘?

740 548 921 591 Hanno

649 619 803 662 Clarus
837 621 1001 663 clamor
1032 622 1122 663 sine
1154 621 1295 663 modo.

643 723 1038 776 Agorastocles

88 796 152 838 Tu
182 795 323 838 abduc
354 795 432 838 hos
464 796 579 837 intro
612 799 656 837 et
686 808 771 836 una
802 796 1012 838 nutricem
1048 795 1174 837 simul

89 867 194 910 Iube
226 866 337 909 hanc
368 867 488 910 abire
520 866 621 909 hinc
652 866 708 908 ad
740 872 796 908 te.

744 967 929 1010 Hanno

867 1040 953 1082 Fac
985 1041 1103 1095 quod
1134 1042 1316 1096 inperat.
1500 1052 1586 1086 1145

719 1142 947 1197 Milphio

94 1214 177 1257 Sed
209 1216 305 1270 quis
336 1215 434 1257 illas
466 1214 546 1257 tibi
579 1215 870 1256 monstrabit?

643 1316 1032 1370 Agorastocles

913 1388 1004 1442 Ego
1037 1387 1311 1430 doctissume.

720 1490 948 1544 Milphio

90 1547 208 1590 Abeo
239 1548 383 1602 igitur.

645 1642 1035 1696 Agorastocles

448 1713 602 1756 Facias
635 1714 764 1757 modo
797 1728 927 1768 quam
960 1727 1171 1756 memores
1203 1713 1420 1755 mauelim.

94 1786 256 1828 Patruo
288 1785 538 1828 aduenienti
571 1800 676 1828 cena
708 1792 883 1828 curetur
915 1786 1027 1828 uolo.

723 1889 815 1930 Mil
865 1889 950 1930 hio

80 1950 327 2001 ‘Lachanan
360 1960 458 2002 uos!
492 1973 600 2013 quos
632 1974 711 2014 ego
743 1904 1092 2002 iampdetrudam
1125 1960 1179 2002 ad
1213 1960 1361 2009 molas,

93 2031 197 2074 Inde
230 2045 358 2086 porro
390 2032 446 2073 ad
477 2037 654 2086 puteum
687 2037 817 2086 atque
850 2032 904 2073 ad
935 2031 1165 2073 robustum
1197 2031 1401 2074 codicem.
1503 2043 1590 2076 1150

96 2103 183 2156 Ego
215 2102 314 2145 faxo
346 2103 581 2158 hospitium
614 2103 695 2146 boc
726 2104 882 2146 leniter
912 2103 1165 2145 laudabitis.

648 2206 1036 2259 Agorastocles

96 2277 237 2319 Audin
269 2283 329 2327 tu,
363 2278 546 2332 patrue?
579 2278 688 2327 dico,
723 2292 774 2319 ne
807 2277 969 2319 dictum
1002 2291 1152 2330 neges:

96 2349 230 2391 Tuam
261 2349 366 2390 mihi
398 2350 604 2391 maiorem
636 2349 770 2390 filiam
802 2349 1088 2402 despondeas.

753 2451 937 2493 Hanno

98 2522 276 2564 Pactam
309 2537 398 2564 rem
430 2523 600 2564 habeto.

190 2670 277 2703 1143
303 2669 468 2714 suppelle
495 2669 521 2703 B
548 2668 591 2710 Β,
618 2670 778 2713 spatium
807 2668 834 2703 C
926 2670 1013 2703 1144
1039 2671 1069 2702 Α
1098 2678 1164 2704 om.
1190 2668 1226 2703 Β
1306 2668 1372 2703 has
1398 2668 1427 2704 C'
1517 2680 1591 2704 ma-

97 2726 228 2760 tricem
254 2725 290 2760 Β
368 2727 454 2760 1145
480 2725 569 2761 Iube
596 2726 696 2760 abire
723 2725 816 2759 banc
842 2724 909 2760 BC
977 2725 1116 2769 quddB
1202 2726 1287 2760 1146
1311 2726 1539 2761 monstrauit
1567 2725 1596 2762 C

102 2783 188 2817 1149
212 2782 245 2816 Χ
264 2782 477 2817 Lachanam
585 2784 672 2816 1150
697 2781 795 2826 apud
821 2793 902 2816 eum
930 2781 1048 2825 adque
1075 2782 1121 2816 ad
1145 2781 1337 2817 rubustnm
1363 2781 1398 2816 Β
1506 2785 1588 2818 1151

49 2866 53 2869 .
100 2838 273 2873 ladabitis
299 2838 335 2874 B
431 2841 517 2873 1154
542 2850 619 2873 rem
645 2849 712 2874 om.
742 2837 777 2872 Β

1280 2911 1321 2944 13
